INFO: Scrapy 1.6.0 started (bot: waitrose)
INFO: Versions: lxml 4.5.1.0, libxml2 2.9.10, cssselect 1.1.0, parsel 1.6.0, w3lib 1.22.0, Twisted 20.3.0, Python 3.7.7 (default, May  6 2020, 11:45:54) [MSC v.1916 64 bit (AMD64)], pyOpenSSL 19.1.0 (OpenSSL 1.1.1g  21 Apr 2020), cryptography 2.9.2, Platform Windows-10-10.0.18362-SP0
INFO: Overridden settings: {'BOT_NAME': 'waitrose', 'DOWNLOAD_TIMEOUT': 1200, 'DUPEFILTER_CLASS': 'scrapy_splash.SplashAwareDupeFilter', 'FEED_EXPORT_ENCODING': 'utf-8', 'NEWSPIDER_MODULE': 'waitrose.spiders', 'SPIDER_MODULES': ['waitrose.spiders']}
INFO: Telnet Password: 52ec61961c5429c1
INFO: Enabled extensions:
['scrapy.extensions.corestats.CoreStats',
 'scrapy.extensions.telnet.TelnetConsole',
 'scrapy.extensions.logstats.LogStats']
INFO: Enabled downloader middlewares:
['scrapy.downloadermiddlewares.httpauth.HttpAuthMiddleware',
 'scrapy.downloadermiddlewares.downloadtimeout.DownloadTimeoutMiddleware',
 'scrapy.downloadermiddlewares.defaultheaders.DefaultHeadersMiddleware',
 'scrapy.downloadermiddlewares.useragent.UserAgentMiddleware',
 'scrapy.downloadermiddlewares.retry.RetryMiddleware',
 'scrapy.downloadermiddlewares.redirect.MetaRefreshMiddleware',
 'scrapy.downloadermiddlewares.redirect.RedirectMiddleware',
 'scrapy.downloadermiddlewares.cookies.CookiesMiddleware',
 'scrapy_splash.SplashCookiesMiddleware',
 'scrapy_splash.SplashMiddleware',
 'scrapy.downloadermiddlewares.httpproxy.HttpProxyMiddleware',
 'scrapy.downloadermiddlewares.httpcompression.HttpCompressionMiddleware',
 'scrapy.downloadermiddlewares.stats.DownloaderStats']
INFO: Enabled spider middlewares:
['scrapy.spidermiddlewares.httperror.HttpErrorMiddleware',
 'scrapy_splash.SplashDeduplicateArgsMiddleware',
 'scrapy.spidermiddlewares.offsite.OffsiteMiddleware',
 'scrapy.spidermiddlewares.referer.RefererMiddleware',
 'scrapy.spidermiddlewares.urllength.UrlLengthMiddleware',
 'scrapy.spidermiddlewares.depth.DepthMiddleware']
INFO: Enabled item pipelines:
['waitrose.pipelines.ImageDownloaderPipeline',
 'waitrose.pipelines.SQLlitePipeline']
INFO: Spider opened
INFO: Crawled 0 pages (at 0 pages/min), scraped 0 items (at 0 items/min)
INFO: Telnet console listening on 127.0.0.1:6023
DEBUG: Retrying <GET https://www.waitrose.com/ecom/shop/browse/groceries/toiletries_health_and_beauty/hair_care/shampoo via http://192.168.1.9:8050/execute> (failed 1 times): An error occurred while connecting: 10013: An attempt was made to access a socket in a way forbidden by its access permissions..
DEBUG: Retrying <GET https://www.waitrose.com/ecom/shop/browse/groceries/toiletries_health_and_beauty/hair_care/shampoo via http://192.168.1.9:8050/execute> (failed 2 times): An error occurred while connecting: 10013: An attempt was made to access a socket in a way forbidden by its access permissions..
DEBUG: Gave up retrying <GET https://www.waitrose.com/ecom/shop/browse/groceries/toiletries_health_and_beauty/hair_care/shampoo via http://192.168.1.9:8050/execute> (failed 3 times): An error occurred while connecting: 10013: An attempt was made to access a socket in a way forbidden by its access permissions..
ERROR: Error downloading <GET https://www.waitrose.com/ecom/shop/browse/groceries/toiletries_health_and_beauty/hair_care/shampoo via http://192.168.1.9:8050/execute>
Traceback (most recent call last):
  File "C:\Users\sujithk\AppData\Local\Continuum\anaconda3\envs\Virtual_Env\lib\site-packages\scrapy\core\downloader\middleware.py", line 43, in process_request
    defer.returnValue((yield download_func(request=request,spider=spider)))
twisted.internet.error.ConnectError: An error occurred while connecting: 10013: An attempt was made to access a socket in a way forbidden by its access permissions..
INFO: Closing spider (finished)
INFO: Dumping Scrapy stats:
{'downloader/exception_count': 3,
 'downloader/exception_type_count/twisted.internet.error.ConnectError': 3,
 'downloader/request_bytes': 7782,
 'downloader/request_count': 3,
 'downloader/request_method_count/POST': 3,
 'finish_reason': 'finished',
 'finish_time': datetime.datetime(2020, 8, 16, 18, 25, 36, 438567),
 'log_count/DEBUG': 3,
 'log_count/ERROR': 1,
 'log_count/INFO': 9,
 'retry/count': 2,
 'retry/max_reached': 1,
 'retry/reason_count/twisted.internet.error.ConnectError': 2,
 'scheduler/dequeued': 4,
 'scheduler/dequeued/memory': 4,
 'scheduler/enqueued': 4,
 'scheduler/enqueued/memory': 4,
 'splash/execute/request_count': 1,
 'start_time': datetime.datetime(2020, 8, 16, 18, 25, 35, 301381)}
INFO: Spider closed (finished)
INFO: Scrapy 1.6.0 started (bot: waitrose)
INFO: Versions: lxml 4.5.1.0, libxml2 2.9.10, cssselect 1.1.0, parsel 1.6.0, w3lib 1.22.0, Twisted 20.3.0, Python 3.7.7 (default, May  6 2020, 11:45:54) [MSC v.1916 64 bit (AMD64)], pyOpenSSL 19.1.0 (OpenSSL 1.1.1g  21 Apr 2020), cryptography 2.9.2, Platform Windows-10-10.0.18362-SP0
INFO: Overridden settings: {'BOT_NAME': 'waitrose', 'DOWNLOAD_TIMEOUT': 1200, 'DUPEFILTER_CLASS': 'scrapy_splash.SplashAwareDupeFilter', 'FEED_EXPORT_ENCODING': 'utf-8', 'FEED_FORMAT': 'json', 'FEED_URI': 'waitrose_081720.json', 'NEWSPIDER_MODULE': 'waitrose.spiders', 'SPIDER_MODULES': ['waitrose.spiders']}
INFO: Telnet Password: 8df7bdb1a854ed81
INFO: Enabled extensions:
['scrapy.extensions.corestats.CoreStats',
 'scrapy.extensions.telnet.TelnetConsole',
 'scrapy.extensions.feedexport.FeedExporter',
 'scrapy.extensions.logstats.LogStats']
INFO: Enabled downloader middlewares:
['scrapy.downloadermiddlewares.httpauth.HttpAuthMiddleware',
 'scrapy.downloadermiddlewares.downloadtimeout.DownloadTimeoutMiddleware',
 'scrapy.downloadermiddlewares.defaultheaders.DefaultHeadersMiddleware',
 'scrapy.downloadermiddlewares.useragent.UserAgentMiddleware',
 'scrapy.downloadermiddlewares.retry.RetryMiddleware',
 'scrapy.downloadermiddlewares.redirect.MetaRefreshMiddleware',
 'scrapy.downloadermiddlewares.redirect.RedirectMiddleware',
 'scrapy.downloadermiddlewares.cookies.CookiesMiddleware',
 'scrapy_splash.SplashCookiesMiddleware',
 'scrapy_splash.SplashMiddleware',
 'scrapy.downloadermiddlewares.httpproxy.HttpProxyMiddleware',
 'scrapy.downloadermiddlewares.httpcompression.HttpCompressionMiddleware',
 'scrapy.downloadermiddlewares.stats.DownloaderStats']
INFO: Enabled spider middlewares:
['scrapy.spidermiddlewares.httperror.HttpErrorMiddleware',
 'scrapy_splash.SplashDeduplicateArgsMiddleware',
 'scrapy.spidermiddlewares.offsite.OffsiteMiddleware',
 'scrapy.spidermiddlewares.referer.RefererMiddleware',
 'scrapy.spidermiddlewares.urllength.UrlLengthMiddleware',
 'scrapy.spidermiddlewares.depth.DepthMiddleware']
INFO: Enabled item pipelines:
['waitrose.pipelines.ImageDownloaderPipeline',
 'waitrose.pipelines.SQLlitePipeline']
INFO: Spider opened
INFO: Crawled 0 pages (at 0 pages/min), scraped 0 items (at 0 items/min)
WARNING: C:\Users\sujithk\AppData\Local\Continuum\anaconda3\envs\Virtual_Env\lib\site-packages\scrapy\spidermiddlewares\offsite.py:61: URLWarning: allowed_domains accepts only domains, not URLs. Ignoring URL entry https://www.waitrose.com/ in allowed_domains.
  warnings.warn(message, URLWarning)

INFO: Telnet console listening on 127.0.0.1:6023
INFO: Crawled 0 pages (at 0 pages/min), scraped 0 items (at 0 items/min)
DEBUG: Crawled (200) <GET https://www.waitrose.com/ecom/shop/browse/groceries/toiletries_health_and_beauty/hair_care/shampoo via http://192.168.1.9:8050/execute> (referer: None)
DEBUG: Scraped from <200 https://www.waitrose.com/ecom/shop/browse/groceries/toiletries_health_and_beauty/hair_care/shampoo>
{'client': 'Waitrose', 'time': datetime.datetime(2020, 8, 17, 14, 18, 41, 554606), 'category': 'Shampoo', 'id': 'tPp639366-90822-90823', 'prod_name': 'Head & Shoulders Shampoo Classic', 'waitrose_Qty': '500ml', 'waitrose_discounted_price': '£3.43', 'waitrose_offer_desc': 'Save 1/3.', 'waitrose_url': 'https://www.waitrose.com/ecom/shop/browse/groceries/toiletries_health_and_beauty/hair_care/shampoo', 'waitrose_rating': '3.5', 'waitrose_unit_price': '(68.6p/100ml)', 'waitrose_new_flag': None, 'waitrose_prod_name': 'Head & Shoulders Shampoo Classic 500ml', 'images': []}
DEBUG: Scraped from <200 https://www.waitrose.com/ecom/shop/browse/groceries/toiletries_health_and_beauty/hair_care/shampoo>
{'client': 'Waitrose', 'time': datetime.datetime(2020, 8, 17, 14, 18, 41, 554606), 'category': 'Shampoo', 'id': 'tPp435635-694165-694166', 'prod_name': 'Pantene Classic Clean Shampoo', 'waitrose_Qty': '500ml', 'waitrose_discounted_price': '£5.15', 'waitrose_offer_desc': 'Add 2 for £5', 'waitrose_url': 'https://www.waitrose.com/ecom/shop/browse/groceries/toiletries_health_and_beauty/hair_care/shampoo', 'waitrose_rating': None, 'waitrose_unit_price': '(£1.03/100ml)', 'waitrose_new_flag': None, 'waitrose_prod_name': 'Pantene Classic Clean Shampoo 500ml', 'images': []}
DEBUG: Scraped from <200 https://www.waitrose.com/ecom/shop/browse/groceries/toiletries_health_and_beauty/hair_care/shampoo>
{'client': 'Waitrose', 'time': datetime.datetime(2020, 8, 17, 14, 18, 41, 554606), 'category': 'Shampoo', 'id': 'tPp485884-539933-539934', 'prod_name': 'Waitrose Pure Purifying Shampoo', 'waitrose_Qty': '250ml', 'waitrose_discounted_price': '£2.00', 'waitrose_offer_desc': 'Save 1/3.', 'waitrose_url': 'https://www.waitrose.com/ecom/shop/browse/groceries/toiletries_health_and_beauty/hair_care/shampoo', 'waitrose_rating': '4.4', 'waitrose_unit_price': '(80p/100ml)', 'waitrose_new_flag': None, 'waitrose_prod_name': 'Waitrose Pure Purifying Shampoo 250ml', 'images': []}
DEBUG: Scraped from <200 https://www.waitrose.com/ecom/shop/browse/groceries/toiletries_health_and_beauty/hair_care/shampoo>
{'client': 'Waitrose', 'time': datetime.datetime(2020, 8, 17, 14, 18, 41, 554606), 'category': 'Shampoo', 'id': 'tPp757780-107799-107800', 'prod_name': 'Head & Shoulders 2in1 Classic Clean', 'waitrose_Qty': '450ml', 'waitrose_discounted_price': '£3.43', 'waitrose_offer_desc': 'Save 1/3.', 'waitrose_url': 'https://www.waitrose.com/ecom/shop/browse/groceries/toiletries_health_and_beauty/hair_care/shampoo', 'waitrose_rating': '4', 'waitrose_unit_price': '(76.2p/100ml)', 'waitrose_new_flag': None, 'waitrose_prod_name': 'Head & Shoulders 2in1 Classic Clean 450ml', 'images': []}
DEBUG: Scraped from <200 https://www.waitrose.com/ecom/shop/browse/groceries/toiletries_health_and_beauty/hair_care/shampoo>
{'client': 'Waitrose', 'time': datetime.datetime(2020, 8, 17, 14, 18, 41, 554606), 'category': 'Shampoo', 'id': 'tPp882824-154983-154984', 'prod_name': 'Head & Shoulders itchy scalp shampoo', 'waitrose_Qty': '500ml', 'waitrose_discounted_price': '£3.43', 'waitrose_offer_desc': 'Save 1/3.', 'waitrose_url': 'https://www.waitrose.com/ecom/shop/browse/groceries/toiletries_health_and_beauty/hair_care/shampoo', 'waitrose_rating': '5', 'waitrose_unit_price': '(68.6p/100ml)', 'waitrose_new_flag': None, 'waitrose_prod_name': 'Head & Shoulders itchy scalp shampoo 500ml', 'images': []}
DEBUG: Scraped from <200 https://www.waitrose.com/ecom/shop/browse/groceries/toiletries_health_and_beauty/hair_care/shampoo>
{'client': 'Waitrose', 'time': datetime.datetime(2020, 8, 17, 14, 18, 41, 554606), 'category': 'Shampoo', 'id': 'tPp839781-154875-154876', 'prod_name': 'Aussie miracle moist shampoo', 'waitrose_Qty': '500ml', 'waitrose_discounted_price': '£6.15', 'waitrose_offer_desc': 'Add 2 for £9', 'waitrose_url': 'https://www.waitrose.com/ecom/shop/browse/groceries/toiletries_health_and_beauty/hair_care/shampoo', 'waitrose_rating': None, 'waitrose_unit_price': '(£1.23/100ml)', 'waitrose_new_flag': None, 'waitrose_prod_name': 'Aussie miracle moist shampoo 500ml', 'images': []}
DEBUG: Scraped from <200 https://www.waitrose.com/ecom/shop/browse/groceries/toiletries_health_and_beauty/hair_care/shampoo>
{'client': 'Waitrose', 'time': datetime.datetime(2020, 8, 17, 14, 18, 41, 554606), 'category': 'Shampoo', 'id': 'tPp836753-694201-694202', 'prod_name': 'Pantene Volume & Body Shampoo', 'waitrose_Qty': '500ml', 'waitrose_discounted_price': '£5.15', 'waitrose_offer_desc': 'Add 2 for £5', 'waitrose_url': 'https://www.waitrose.com/ecom/shop/browse/groceries/toiletries_health_and_beauty/hair_care/shampoo', 'waitrose_rating': None, 'waitrose_unit_price': '(£1.03/100ml)', 'waitrose_new_flag': None, 'waitrose_prod_name': 'Pantene Volume & Body Shampoo 500ml', 'images': []}
DEBUG: Scraped from <200 https://www.waitrose.com/ecom/shop/browse/groceries/toiletries_health_and_beauty/hair_care/shampoo>
{'client': 'Waitrose', 'time': datetime.datetime(2020, 8, 17, 14, 18, 41, 554606), 'category': 'Shampoo', 'id': 'tPp455905-591789-591790', 'prod_name': 'Herbal Essences clean Shampoo', 'waitrose_Qty': '400ml', 'waitrose_discounted_price': '£4.50', 'waitrose_offer_desc': 'Add 2 for £6', 'waitrose_url': 'https://www.waitrose.com/ecom/shop/browse/groceries/toiletries_health_and_beauty/hair_care/shampoo', 'waitrose_rating': None, 'waitrose_unit_price': '(£1.13/100ml)', 'waitrose_new_flag': None, 'waitrose_prod_name': 'Herbal Essences clean Shampoo 400ml', 'images': []}
DEBUG: Scraped from <200 https://www.waitrose.com/ecom/shop/browse/groceries/toiletries_health_and_beauty/hair_care/shampoo>
{'client': 'Waitrose', 'time': datetime.datetime(2020, 8, 17, 14, 18, 41, 554606), 'category': 'Shampoo', 'id': 'tPp472240-591833-591834', 'prod_name': 'Herbal Essences Repair Shampoo', 'waitrose_Qty': '400ml', 'waitrose_discounted_price': '£4.50', 'waitrose_offer_desc': 'Add 2 for £6', 'waitrose_url': 'https://www.waitrose.com/ecom/shop/browse/groceries/toiletries_health_and_beauty/hair_care/shampoo', 'waitrose_rating': '5', 'waitrose_unit_price': '(£1.13/100ml)', 'waitrose_new_flag': None, 'waitrose_prod_name': 'Herbal Essences Repair Shampoo 400ml', 'images': []}
DEBUG: Scraped from <200 https://www.waitrose.com/ecom/shop/browse/groceries/toiletries_health_and_beauty/hair_care/shampoo>
{'client': 'Waitrose', 'time': datetime.datetime(2020, 8, 17, 14, 18, 41, 554606), 'category': 'Shampoo', 'id': 'tPp824583-694195-694196', 'prod_name': 'Pantene Repair & Protect Shampoo', 'waitrose_Qty': '500ml', 'waitrose_discounted_price': '£3.75', 'waitrose_offer_desc': 'Add 2 for £5', 'waitrose_url': 'https://www.waitrose.com/ecom/shop/browse/groceries/toiletries_health_and_beauty/hair_care/shampoo', 'waitrose_rating': None, 'waitrose_unit_price': '(75p/100ml)', 'waitrose_new_flag': None, 'waitrose_prod_name': 'Pantene Repair & Protect Shampoo 500ml', 'images': []}
DEBUG: Scraped from <200 https://www.waitrose.com/ecom/shop/browse/groceries/toiletries_health_and_beauty/hair_care/shampoo>
{'client': 'Waitrose', 'time': datetime.datetime(2020, 8, 17, 14, 18, 41, 554606), 'category': 'Shampoo', 'id': 'tPp427668-591713-591714', 'prod_name': 'Herbal Essences Hydrate Shampoo', 'waitrose_Qty': '400ml', 'waitrose_discounted_price': '£4.50', 'waitrose_offer_desc': 'Add 2 for £6', 'waitrose_url': 'https://www.waitrose.com/ecom/shop/browse/groceries/toiletries_health_and_beauty/hair_care/shampoo', 'waitrose_rating': '5', 'waitrose_unit_price': '(£1.13/100ml)', 'waitrose_new_flag': None, 'waitrose_prod_name': 'Herbal Essences Hydrate Shampoo 400ml', 'images': []}
DEBUG: Scraped from <200 https://www.waitrose.com/ecom/shop/browse/groceries/toiletries_health_and_beauty/hair_care/shampoo>
{'client': 'Waitrose', 'time': datetime.datetime(2020, 8, 17, 14, 18, 41, 554606), 'category': 'Shampoo', 'id': 'tPp627460-154629-154630', 'prod_name': 'Aussie mega shampoo', 'waitrose_Qty': '500ml', 'waitrose_discounted_price': '£6.15', 'waitrose_offer_desc': 'Add 2 for £9', 'waitrose_url': 'https://www.waitrose.com/ecom/shop/browse/groceries/toiletries_health_and_beauty/hair_care/shampoo', 'waitrose_rating': '3.8', 'waitrose_unit_price': '(£1.23/100ml)', 'waitrose_new_flag': None, 'waitrose_prod_name': 'Aussie mega shampoo 500ml', 'images': []}
DEBUG: Scraped from <200 https://www.waitrose.com/ecom/shop/browse/groceries/toiletries_health_and_beauty/hair_care/shampoo>
{'client': 'Waitrose', 'time': datetime.datetime(2020, 8, 17, 14, 18, 41, 554606), 'category': 'Shampoo', 'id': 'tPp701301-99532-99533', 'prod_name': 'Essential Daily Care Shampoo', 'waitrose_Qty': '300ml', 'waitrose_discounted_price': '80p', 'waitrose_offer_desc': None, 'waitrose_url': 'https://www.waitrose.com/ecom/shop/browse/groceries/toiletries_health_and_beauty/hair_care/shampoo', 'waitrose_rating': '4.1', 'waitrose_unit_price': '(26.7p/100ml)', 'waitrose_new_flag': None, 'waitrose_prod_name': 'Essential Daily Care Shampoo 300ml', 'images': []}
DEBUG: Scraped from <200 https://www.waitrose.com/ecom/shop/browse/groceries/toiletries_health_and_beauty/hair_care/shampoo>
{'client': 'Waitrose', 'time': datetime.datetime(2020, 8, 17, 14, 18, 41, 554606), 'category': 'Shampoo', 'id': 'tPp821139-694191-694192', 'prod_name': 'Pantene Smooth & Sleek Shampoo', 'waitrose_Qty': '500ml', 'waitrose_discounted_price': '£5.15', 'waitrose_offer_desc': 'Add 2 for £5', 'waitrose_url': 'https://www.waitrose.com/ecom/shop/browse/groceries/toiletries_health_and_beauty/hair_care/shampoo', 'waitrose_rating': None, 'waitrose_unit_price': '(£1.03/100ml)', 'waitrose_new_flag': None, 'waitrose_prod_name': 'Pantene Smooth & Sleek Shampoo 500ml', 'images': []}
DEBUG: Scraped from <200 https://www.waitrose.com/ecom/shop/browse/groceries/toiletries_health_and_beauty/hair_care/shampoo>
{'client': 'Waitrose', 'time': datetime.datetime(2020, 8, 17, 14, 18, 41, 554606), 'category': 'Shampoo', 'id': 'tPp407453-471203-471204', 'prod_name': 'Ogx Biotin & Collagen Shampoo', 'waitrose_Qty': '385ml', 'waitrose_discounted_price': '£7.00', 'waitrose_offer_desc': 'Add 2 for £10', 'waitrose_url': 'https://www.waitrose.com/ecom/shop/browse/groceries/toiletries_health_and_beauty/hair_care/shampoo', 'waitrose_rating': None, 'waitrose_unit_price': '(£1.82/100ml)', 'waitrose_new_flag': None, 'waitrose_prod_name': 'Ogx Biotin & Collagen Shampoo 385ml', 'images': []}
DEBUG: Scraped from <200 https://www.waitrose.com/ecom/shop/browse/groceries/toiletries_health_and_beauty/hair_care/shampoo>
{'client': 'Waitrose', 'time': datetime.datetime(2020, 8, 17, 14, 18, 41, 554606), 'category': 'Shampoo', 'id': 'tPp657721-694179-694180', 'prod_name': 'Pantene 3 in 1 Classic Clean', 'waitrose_Qty': '450ml', 'waitrose_discounted_price': '£3.75', 'waitrose_offer_desc': 'Add 2 for £5', 'waitrose_url': 'https://www.waitrose.com/ecom/shop/browse/groceries/toiletries_health_and_beauty/hair_care/shampoo', 'waitrose_rating': None, 'waitrose_unit_price': '(83.3p/100ml)', 'waitrose_new_flag': None, 'waitrose_prod_name': 'Pantene 3 in 1 Classic Clean 450ml', 'images': []}
DEBUG: Scraped from <200 https://www.waitrose.com/ecom/shop/browse/groceries/toiletries_health_and_beauty/hair_care/shampoo>
{'client': 'Waitrose', 'time': datetime.datetime(2020, 8, 17, 14, 18, 41, 554606), 'category': 'Shampoo', 'id': 'tPp535961-75786-75787', 'prod_name': 'essential Waitrose Nourishing Shampoo', 'waitrose_Qty': '300ml', 'waitrose_discounted_price': '80p', 'waitrose_offer_desc': None, 'waitrose_url': 'https://www.waitrose.com/ecom/shop/browse/groceries/toiletries_health_and_beauty/hair_care/shampoo', 'waitrose_rating': '4.4', 'waitrose_unit_price': '(26.7p/100ml)', 'waitrose_new_flag': None, 'waitrose_prod_name': 'essential Waitrose Nourishing Shampoo 300ml', 'images': []}
DEBUG: Scraped from <200 https://www.waitrose.com/ecom/shop/browse/groceries/toiletries_health_and_beauty/hair_care/shampoo>
{'client': 'Waitrose', 'time': datetime.datetime(2020, 8, 17, 14, 18, 41, 554606), 'category': 'Shampoo', 'id': 'tPp582132-472091-472092', 'prod_name': 'Ogx Argan Oil Morocco Shampoo', 'waitrose_Qty': '385ml', 'waitrose_discounted_price': '£7.00', 'waitrose_offer_desc': 'Add 2 for £10', 'waitrose_url': 'https://www.waitrose.com/ecom/shop/browse/groceries/toiletries_health_and_beauty/hair_care/shampoo', 'waitrose_rating': '4', 'waitrose_unit_price': '(£1.82/100ml)', 'waitrose_new_flag': None, 'waitrose_prod_name': 'Ogx Argan Oil Morocco Shampoo 385ml', 'images': []}
DEBUG: Scraped from <200 https://www.waitrose.com/ecom/shop/browse/groceries/toiletries_health_and_beauty/hair_care/shampoo>
{'client': 'Waitrose', 'time': datetime.datetime(2020, 8, 17, 14, 18, 41, 554606), 'category': 'Shampoo', 'id': 'tPp855140-216863-216864', 'prod_name': 'Ogx Coconut Milk Shampoo', 'waitrose_Qty': '385ml', 'waitrose_discounted_price': '£7.00', 'waitrose_offer_desc': 'Add 2 for £10', 'waitrose_url': 'https://www.waitrose.com/ecom/shop/browse/groceries/toiletries_health_and_beauty/hair_care/shampoo', 'waitrose_rating': '5', 'waitrose_unit_price': '(£1.82/100ml)', 'waitrose_new_flag': None, 'waitrose_prod_name': 'Ogx Coconut Milk Shampoo 385ml', 'images': []}
DEBUG: Scraped from <200 https://www.waitrose.com/ecom/shop/browse/groceries/toiletries_health_and_beauty/hair_care/shampoo>
{'client': 'Waitrose', 'time': datetime.datetime(2020, 8, 17, 14, 18, 41, 554606), 'category': 'Shampoo', 'id': 'tPp791725-375655-375656', 'prod_name': 'Ogx Kukuí Oil Shampoo', 'waitrose_Qty': '385ml', 'waitrose_discounted_price': '£7.00', 'waitrose_offer_desc': 'Add 2 for £10', 'waitrose_url': 'https://www.waitrose.com/ecom/shop/browse/groceries/toiletries_health_and_beauty/hair_care/shampoo', 'waitrose_rating': '5', 'waitrose_unit_price': '(£1.82/100ml)', 'waitrose_new_flag': None, 'waitrose_prod_name': 'Ogx Kukuí Oil Shampoo 385ml', 'images': []}
DEBUG: Scraped from <200 https://www.waitrose.com/ecom/shop/browse/groceries/toiletries_health_and_beauty/hair_care/shampoo>
{'client': 'Waitrose', 'time': datetime.datetime(2020, 8, 17, 14, 18, 41, 554606), 'category': 'Shampoo', 'id': 'tPp047805-23664-23665', 'prod_name': 'Avalon Organics tea tree shampoo', 'waitrose_Qty': '325ml', 'waitrose_discounted_price': '£7.00', 'waitrose_offer_desc': 'Add 2 for £11', 'waitrose_url': 'https://www.waitrose.com/ecom/shop/browse/groceries/toiletries_health_and_beauty/hair_care/shampoo', 'waitrose_rating': '4.9', 'waitrose_unit_price': '(£2.16/100ml)', 'waitrose_new_flag': None, 'waitrose_prod_name': 'Avalon Organics tea tree shampoo 325ml', 'images': []}
DEBUG: Scraped from <200 https://www.waitrose.com/ecom/shop/browse/groceries/toiletries_health_and_beauty/hair_care/shampoo>
{'client': 'Waitrose', 'time': datetime.datetime(2020, 8, 17, 14, 18, 41, 554606), 'category': 'Shampoo', 'id': 'tPp581617-694173-694174', 'prod_name': 'Pantene Colour Protect Shampoo', 'waitrose_Qty': '500ml', 'waitrose_discounted_price': '£5.15', 'waitrose_offer_desc': 'Add 2 for £5', 'waitrose_url': 'https://www.waitrose.com/ecom/shop/browse/groceries/toiletries_health_and_beauty/hair_care/shampoo', 'waitrose_rating': None, 'waitrose_unit_price': '(£1.03/100ml)', 'waitrose_new_flag': None, 'waitrose_prod_name': 'Pantene Colour Protect Shampoo 500ml', 'images': []}
DEBUG: Scraped from <200 https://www.waitrose.com/ecom/shop/browse/groceries/toiletries_health_and_beauty/hair_care/shampoo>
{'client': 'Waitrose', 'time': datetime.datetime(2020, 8, 17, 14, 18, 41, 554606), 'category': 'Shampoo', 'id': 'tPp432893-216691-216692', 'prod_name': 'Head & Shoulders Shampoo Apple Fresh', 'waitrose_Qty': '500ml', 'waitrose_discounted_price': '£3.43', 'waitrose_offer_desc': 'Save 1/3.', 'waitrose_url': 'https://www.waitrose.com/ecom/shop/browse/groceries/toiletries_health_and_beauty/hair_care/shampoo', 'waitrose_rating': None, 'waitrose_unit_price': '(68.6p/100ml)', 'waitrose_new_flag': None, 'waitrose_prod_name': 'Head & Shoulders Shampoo Apple Fresh 500ml', 'images': []}
DEBUG: Scraped from <200 https://www.waitrose.com/ecom/shop/browse/groceries/toiletries_health_and_beauty/hair_care/shampoo>
{'client': 'Waitrose', 'time': datetime.datetime(2020, 8, 17, 14, 18, 41, 554606), 'category': 'Shampoo', 'id': 'tPp755349-720291-720292', 'prod_name': 'Herbal Essences Aloe & Mango Shampoo', 'waitrose_Qty': '380ml', 'waitrose_discounted_price': '£4.50', 'waitrose_offer_desc': 'Add 2 for £6', 'waitrose_url': 'https://www.waitrose.com/ecom/shop/browse/groceries/toiletries_health_and_beauty/hair_care/shampoo', 'waitrose_rating': None, 'waitrose_unit_price': '(£1.19/100ml)', 'waitrose_new_flag': None, 'waitrose_prod_name': 'Herbal Essences Aloe & Mango Shampoo 380ml', 'images': []}
DEBUG: Scraped from <200 https://www.waitrose.com/ecom/shop/browse/groceries/toiletries_health_and_beauty/hair_care/shampoo>
{'client': 'Waitrose', 'time': datetime.datetime(2020, 8, 17, 14, 18, 41, 554606), 'category': 'Shampoo', 'id': 'tPp868154-695990-695991', 'prod_name': 'Hair Biology Purple Shampoo', 'waitrose_Qty': '250ml', 'waitrose_discounted_price': '£2.99', 'waitrose_offer_desc': 'Save 1/3.', 'waitrose_url': 'https://www.waitrose.com/ecom/shop/browse/groceries/toiletries_health_and_beauty/hair_care/shampoo', 'waitrose_rating': None, 'waitrose_unit_price': '(£1.20/100ml)', 'waitrose_new_flag': None, 'waitrose_prod_name': 'Hair Biology Purple Shampoo 250ml', 'images': []}
DEBUG: Scraped from <200 https://www.waitrose.com/ecom/shop/browse/groceries/toiletries_health_and_beauty/hair_care/shampoo>
{'client': 'Waitrose', 'time': datetime.datetime(2020, 8, 17, 14, 18, 41, 554606), 'category': 'Shampoo', 'id': 'tPp490113-591883-591884', 'prod_name': 'Herbal Essences Volume Shampoo', 'waitrose_Qty': '400ml', 'waitrose_discounted_price': '£4.50', 'waitrose_offer_desc': 'Add 2 for £6', 'waitrose_url': 'https://www.waitrose.com/ecom/shop/browse/groceries/toiletries_health_and_beauty/hair_care/shampoo', 'waitrose_rating': '5', 'waitrose_unit_price': '(£1.13/100ml)', 'waitrose_new_flag': None, 'waitrose_prod_name': 'Herbal Essences Volume Shampoo 400ml', 'images': []}
DEBUG: Scraped from <200 https://www.waitrose.com/ecom/shop/browse/groceries/toiletries_health_and_beauty/hair_care/shampoo>
{'client': 'Waitrose', 'time': datetime.datetime(2020, 8, 17, 14, 18, 41, 554606), 'category': 'Shampoo', 'id': 'tPp820157-724089-724090', 'prod_name': 'Eco Warrior Shampoo Bar', 'waitrose_Qty': '100g', 'waitrose_discounted_price': '£3.00', 'waitrose_offer_desc': 'Save 1/3.', 'waitrose_url': 'https://www.waitrose.com/ecom/shop/browse/groceries/toiletries_health_and_beauty/hair_care/shampoo', 'waitrose_rating': None, 'waitrose_unit_price': '(£3/100g)', 'waitrose_new_flag': None, 'waitrose_prod_name': 'Eco Warrior Shampoo Bar 100g', 'images': []}
DEBUG: Scraped from <200 https://www.waitrose.com/ecom/shop/browse/groceries/toiletries_health_and_beauty/hair_care/shampoo>
{'client': 'Waitrose', 'time': datetime.datetime(2020, 8, 17, 14, 18, 41, 554606), 'category': 'Shampoo', 'id': 'tPp480888-154495-154496', 'prod_name': 'Head & Shoulders Smooth Shampoo', 'waitrose_Qty': '500ml', 'waitrose_discounted_price': '£3.43', 'waitrose_offer_desc': 'Save 1/3.', 'waitrose_url': 'https://www.waitrose.com/ecom/shop/browse/groceries/toiletries_health_and_beauty/hair_care/shampoo', 'waitrose_rating': None, 'waitrose_unit_price': '(68.6p/100ml)', 'waitrose_new_flag': None, 'waitrose_prod_name': 'Head & Shoulders Smooth Shampoo 500ml', 'images': []}
DEBUG: Scraped from <200 https://www.waitrose.com/ecom/shop/browse/groceries/toiletries_health_and_beauty/hair_care/shampoo>
{'client': 'Waitrose', 'time': datetime.datetime(2020, 8, 17, 14, 18, 41, 554606), 'category': 'Shampoo', 'id': 'tPp810201-352482-352483', 'prod_name': 'Essential Daily Care 2 in 1', 'waitrose_Qty': '300ml', 'waitrose_discounted_price': '80p', 'waitrose_offer_desc': None, 'waitrose_url': 'https://www.waitrose.com/ecom/shop/browse/groceries/toiletries_health_and_beauty/hair_care/shampoo', 'waitrose_rating': '4.3', 'waitrose_unit_price': '(26.7p/100ml)', 'waitrose_new_flag': None, 'waitrose_prod_name': 'Essential Daily Care 2 in 1 300ml', 'images': []}
DEBUG: Scraped from <200 https://www.waitrose.com/ecom/shop/browse/groceries/toiletries_health_and_beauty/hair_care/shampoo>
{'client': 'Waitrose', 'time': datetime.datetime(2020, 8, 17, 14, 18, 41, 554606), 'category': 'Shampoo', 'id': 'tPp092708-47659-47660', 'prod_name': 'Vosene Original Shampoo', 'waitrose_Qty': '250ml', 'waitrose_discounted_price': '£2.05', 'waitrose_offer_desc': None, 'waitrose_url': 'https://www.waitrose.com/ecom/shop/browse/groceries/toiletries_health_and_beauty/hair_care/shampoo', 'waitrose_rating': '5', 'waitrose_unit_price': '(82p/100ml)', 'waitrose_new_flag': None, 'waitrose_prod_name': 'Vosene Original Shampoo 250ml', 'images': []}
DEBUG: Scraped from <200 https://www.waitrose.com/ecom/shop/browse/groceries/toiletries_health_and_beauty/hair_care/shampoo>
{'client': 'Waitrose', 'time': datetime.datetime(2020, 8, 17, 14, 18, 41, 554606), 'category': 'Shampoo', 'id': 'tPp778297-720309-720310', 'prod_name': 'Pantene Grow Strong Shampoo', 'waitrose_Qty': '400ml', 'waitrose_discounted_price': '£3.75', 'waitrose_offer_desc': 'Add 2 for £5', 'waitrose_url': 'https://www.waitrose.com/ecom/shop/browse/groceries/toiletries_health_and_beauty/hair_care/shampoo', 'waitrose_rating': None, 'waitrose_unit_price': '(93.8p/100ml)', 'waitrose_new_flag': None, 'waitrose_prod_name': 'Pantene Grow Strong Shampoo 400ml', 'images': []}
DEBUG: Scraped from <200 https://www.waitrose.com/ecom/shop/browse/groceries/toiletries_health_and_beauty/hair_care/shampoo>
{'client': 'Waitrose', 'time': datetime.datetime(2020, 8, 17, 14, 18, 41, 554606), 'category': 'Shampoo', 'id': 'tPp810302-683828-683829', 'prod_name': 'Herbal Essences Deep Repair Shampoo', 'waitrose_Qty': '400ml', 'waitrose_discounted_price': '£4.50', 'waitrose_offer_desc': 'Add 2 for £6', 'waitrose_url': 'https://www.waitrose.com/ecom/shop/browse/groceries/toiletries_health_and_beauty/hair_care/shampoo', 'waitrose_rating': None, 'waitrose_unit_price': '(£1.13/100ml)', 'waitrose_new_flag': None, 'waitrose_prod_name': 'Herbal Essences Deep Repair Shampoo 400ml', 'images': []}
DEBUG: Scraped from <200 https://www.waitrose.com/ecom/shop/browse/groceries/toiletries_health_and_beauty/hair_care/shampoo>
{'client': 'Waitrose', 'time': datetime.datetime(2020, 8, 17, 14, 18, 41, 554606), 'category': 'Shampoo', 'id': 'tPp626001-88825-88826', 'prod_name': 'Head & Shoulders Shampoo Citrus Fresh', 'waitrose_Qty': '500ml', 'waitrose_discounted_price': '£3.43', 'waitrose_offer_desc': 'Save 1/3.', 'waitrose_url': 'https://www.waitrose.com/ecom/shop/browse/groceries/toiletries_health_and_beauty/hair_care/shampoo', 'waitrose_rating': None, 'waitrose_unit_price': '(68.6p/100ml)', 'waitrose_new_flag': None, 'waitrose_prod_name': 'Head & Shoulders Shampoo Citrus Fresh 500ml', 'images': []}
DEBUG: Scraped from <200 https://www.waitrose.com/ecom/shop/browse/groceries/toiletries_health_and_beauty/hair_care/shampoo>
{'client': 'Waitrose', 'time': datetime.datetime(2020, 8, 17, 14, 18, 41, 554606), 'category': 'Shampoo', 'id': 'tPp752186-631541-631542', 'prod_name': 'Ogx Coconut OIl Shampoo', 'waitrose_Qty': '385ml', 'waitrose_discounted_price': '£7.00', 'waitrose_offer_desc': 'Add 2 for £10', 'waitrose_url': 'https://www.waitrose.com/ecom/shop/browse/groceries/toiletries_health_and_beauty/hair_care/shampoo', 'waitrose_rating': None, 'waitrose_unit_price': '(£1.82/100ml)', 'waitrose_new_flag': None, 'waitrose_prod_name': 'Ogx Coconut OIl Shampoo 385ml', 'images': []}
DEBUG: Scraped from <200 https://www.waitrose.com/ecom/shop/browse/groceries/toiletries_health_and_beauty/hair_care/shampoo>
{'client': 'Waitrose', 'time': datetime.datetime(2020, 8, 17, 14, 18, 41, 554606), 'category': 'Shampoo', 'id': 'tPp735751-154731-154732', 'prod_name': 'Aussie aussome volume shampoo', 'waitrose_Qty': '500ml', 'waitrose_discounted_price': '£6.10', 'waitrose_offer_desc': 'Add 2 for £9', 'waitrose_url': 'https://www.waitrose.com/ecom/shop/browse/groceries/toiletries_health_and_beauty/hair_care/shampoo', 'waitrose_rating': None, 'waitrose_unit_price': '(£1.22/100ml)', 'waitrose_new_flag': None, 'waitrose_prod_name': 'Aussie aussome volume shampoo 500ml', 'images': []}
DEBUG: Scraped from <200 https://www.waitrose.com/ecom/shop/browse/groceries/toiletries_health_and_beauty/hair_care/shampoo>
{'client': 'Waitrose', 'time': datetime.datetime(2020, 8, 17, 14, 18, 41, 554606), 'category': 'Shampoo', 'id': 'tPp867514-720387-720388', 'prod_name': 'Head & Shoulders Coconut Shampoo', 'waitrose_Qty': '500ml', 'waitrose_discounted_price': '£3.33', 'waitrose_offer_desc': 'Save 1/3.', 'waitrose_url': 'https://www.waitrose.com/ecom/shop/browse/groceries/toiletries_health_and_beauty/hair_care/shampoo', 'waitrose_rating': None, 'waitrose_unit_price': '(66.6p/100ml)', 'waitrose_new_flag': None, 'waitrose_prod_name': 'Head & Shoulders Coconut Shampoo 500ml', 'images': []}
DEBUG: Scraped from <200 https://www.waitrose.com/ecom/shop/browse/groceries/toiletries_health_and_beauty/hair_care/shampoo>
{'client': 'Waitrose', 'time': datetime.datetime(2020, 8, 17, 14, 18, 41, 554606), 'category': 'Shampoo', 'id': 'tPp790782-694215-694216', 'prod_name': 'Pantene 3in1 Smooth & Sleek', 'waitrose_Qty': '450ml', 'waitrose_discounted_price': '£3.75', 'waitrose_offer_desc': 'Add 2 for £5', 'waitrose_url': 'https://www.waitrose.com/ecom/shop/browse/groceries/toiletries_health_and_beauty/hair_care/shampoo', 'waitrose_rating': None, 'waitrose_unit_price': '(83.3p/100ml)', 'waitrose_new_flag': None, 'waitrose_prod_name': 'Pantene 3in1 Smooth & Sleek 450ml', 'images': []}
DEBUG: Scraped from <200 https://www.waitrose.com/ecom/shop/browse/groceries/toiletries_health_and_beauty/hair_care/shampoo>
{'client': 'Waitrose', 'time': datetime.datetime(2020, 8, 17, 14, 18, 41, 554606), 'category': 'Shampoo', 'id': 'tPp027940-13599-13600', 'prod_name': 'Avalon Organics lemon shampoo', 'waitrose_Qty': '325ml', 'waitrose_discounted_price': '£7.00', 'waitrose_offer_desc': 'Add 2 for £11', 'waitrose_url': 'https://www.waitrose.com/ecom/shop/browse/groceries/toiletries_health_and_beauty/hair_care/shampoo', 'waitrose_rating': '3.6', 'waitrose_unit_price': '(£2.16/100ml)', 'waitrose_new_flag': None, 'waitrose_prod_name': 'Avalon Organics lemon shampoo 325ml', 'images': []}
DEBUG: Scraped from <200 https://www.waitrose.com/ecom/shop/browse/groceries/toiletries_health_and_beauty/hair_care/shampoo>
{'client': 'Waitrose', 'time': datetime.datetime(2020, 8, 17, 14, 18, 41, 554606), 'category': 'Shampoo', 'id': 'tPp076232-38732-38733', 'prod_name': 'AOrganic Lavender Shampoo', 'waitrose_Qty': '325ml', 'waitrose_discounted_price': '£7.00', 'waitrose_offer_desc': 'Add 2 for £11', 'waitrose_url': 'https://www.waitrose.com/ecom/shop/browse/groceries/toiletries_health_and_beauty/hair_care/shampoo', 'waitrose_rating': '3.8', 'waitrose_unit_price': '(£2.16/100ml)', 'waitrose_new_flag': None, 'waitrose_prod_name': 'AOrganic Lavender Shampoo 325ml', 'images': []}
DEBUG: Scraped from <200 https://www.waitrose.com/ecom/shop/browse/groceries/toiletries_health_and_beauty/hair_care/shampoo>
{'client': 'Waitrose', 'time': datetime.datetime(2020, 8, 17, 14, 18, 41, 554606), 'category': 'Shampoo', 'id': 'tPp886458-216893-216894', 'prod_name': 'Ogx Brazilian Keratin Shampoo', 'waitrose_Qty': '385ml', 'waitrose_discounted_price': '£7.00', 'waitrose_offer_desc': 'Add 2 for £10', 'waitrose_url': 'https://www.waitrose.com/ecom/shop/browse/groceries/toiletries_health_and_beauty/hair_care/shampoo', 'waitrose_rating': '5', 'waitrose_unit_price': '(£1.82/100ml)', 'waitrose_new_flag': None, 'waitrose_prod_name': 'Ogx Brazilian Keratin Shampoo 385ml', 'images': []}
DEBUG: Scraped from <200 https://www.waitrose.com/ecom/shop/browse/groceries/toiletries_health_and_beauty/hair_care/shampoo>
{'client': 'Waitrose', 'time': datetime.datetime(2020, 8, 17, 14, 18, 41, 554606), 'category': 'Shampoo', 'id': 'tPp799806-683814-683815', 'prod_name': 'Tresemmé Shampoo Moisture Rich', 'waitrose_Qty': '800ml', 'waitrose_discounted_price': '£5.50', 'waitrose_offer_desc': None, 'waitrose_url': 'https://www.waitrose.com/ecom/shop/browse/groceries/toiletries_health_and_beauty/hair_care/shampoo', 'waitrose_rating': None, 'waitrose_unit_price': '(68.8p/100ml)', 'waitrose_new_flag': None, 'waitrose_prod_name': 'Tresemmé Shampoo Moisture Rich 800ml', 'images': []}
DEBUG: Scraped from <200 https://www.waitrose.com/ecom/shop/browse/groceries/toiletries_health_and_beauty/hair_care/shampoo>
{'client': 'Waitrose', 'time': datetime.datetime(2020, 8, 17, 14, 18, 41, 554606), 'category': 'Shampoo', 'id': 'tPp721134-337091-337092', 'prod_name': 'Aussie miracle shine shampoo', 'waitrose_Qty': '500ml', 'waitrose_discounted_price': '£6.00', 'waitrose_offer_desc': 'Add 2 for £9', 'waitrose_url': 'https://www.waitrose.com/ecom/shop/browse/groceries/toiletries_health_and_beauty/hair_care/shampoo', 'waitrose_rating': None, 'waitrose_unit_price': '(£1.20/100ml)', 'waitrose_new_flag': None, 'waitrose_prod_name': 'Aussie miracle shine shampoo 500ml', 'images': []}
DEBUG: Scraped from <200 https://www.waitrose.com/ecom/shop/browse/groceries/toiletries_health_and_beauty/hair_care/shampoo>
{'client': 'Waitrose', 'time': datetime.datetime(2020, 8, 17, 14, 18, 41, 554606), 'category': 'Shampoo', 'id': 'tPp426973-298983-298984', 'prod_name': 'Head & Shoulders 2in1 Apple Fresh', 'waitrose_Qty': '450ml', 'waitrose_discounted_price': '£3.33', 'waitrose_offer_desc': 'Save 1/3.', 'waitrose_url': 'https://www.waitrose.com/ecom/shop/browse/groceries/toiletries_health_and_beauty/hair_care/shampoo', 'waitrose_rating': None, 'waitrose_unit_price': '(74p/100ml)', 'waitrose_new_flag': None, 'waitrose_prod_name': 'Head & Shoulders 2in1 Apple Fresh 450ml', 'images': []}
DEBUG: Scraped from <200 https://www.waitrose.com/ecom/shop/browse/groceries/toiletries_health_and_beauty/hair_care/shampoo>
{'client': 'Waitrose', 'time': datetime.datetime(2020, 8, 17, 14, 18, 41, 554606), 'category': 'Shampoo', 'id': 'tPp662395-154665-154666', 'prod_name': 'Aussie colour mate shampoo', 'waitrose_Qty': '500ml', 'waitrose_discounted_price': '£6.15', 'waitrose_offer_desc': 'Add 2 for £9', 'waitrose_url': 'https://www.waitrose.com/ecom/shop/browse/groceries/toiletries_health_and_beauty/hair_care/shampoo', 'waitrose_rating': None, 'waitrose_unit_price': '(£1.23/100ml)', 'waitrose_new_flag': None, 'waitrose_prod_name': 'Aussie colour mate shampoo 500ml', 'images': []}
DEBUG: Scraped from <200 https://www.waitrose.com/ecom/shop/browse/groceries/toiletries_health_and_beauty/hair_care/shampoo>
{'client': 'Waitrose', 'time': datetime.datetime(2020, 8, 17, 14, 18, 41, 554606), 'category': 'Shampoo', 'id': 'tPp464815-154487-154488', 'prod_name': 'Batiste original dry shampoo', 'waitrose_Qty': '200ml', 'waitrose_discounted_price': '£3.00', 'waitrose_offer_desc': None, 'waitrose_url': 'https://www.waitrose.com/ecom/shop/browse/groceries/toiletries_health_and_beauty/hair_care/shampoo', 'waitrose_rating': '5', 'waitrose_unit_price': '(£1.50/100ml)', 'waitrose_new_flag': None, 'waitrose_prod_name': 'Batiste original dry shampoo 200ml', 'images': []}
DEBUG: Scraped from <200 https://www.waitrose.com/ecom/shop/browse/groceries/toiletries_health_and_beauty/hair_care/shampoo>
{'client': 'Waitrose', 'time': datetime.datetime(2020, 8, 17, 14, 18, 41, 554606), 'category': 'Shampoo', 'id': 'tPp011495-5706-5707', 'prod_name': 'John Frieda Shampoo Touchably Full', 'waitrose_Qty': '250ml', 'waitrose_discounted_price': '£6.00', 'waitrose_offer_desc': None, 'waitrose_url': 'https://www.waitrose.com/ecom/shop/browse/groceries/toiletries_health_and_beauty/hair_care/shampoo', 'waitrose_rating': '4', 'waitrose_unit_price': '(£2.40/100ml)', 'waitrose_new_flag': None, 'waitrose_prod_name': 'John Frieda Shampoo Touchably Full 250ml', 'images': []}
DEBUG: Scraped from <200 https://www.waitrose.com/ecom/shop/browse/groceries/toiletries_health_and_beauty/hair_care/shampoo>
{'client': 'Waitrose', 'time': datetime.datetime(2020, 8, 17, 14, 18, 41, 554606), 'category': 'Shampoo', 'id': 'tPp863078-695988-695989', 'prod_name': 'Pantene Hair Biology Full & Vibrant', 'waitrose_Qty': '250ml', 'waitrose_discounted_price': '£2.99', 'waitrose_offer_desc': 'Save 1/3.', 'waitrose_url': 'https://www.waitrose.com/ecom/shop/browse/groceries/toiletries_health_and_beauty/hair_care/shampoo', 'waitrose_rating': None, 'waitrose_unit_price': '(£1.20/100ml)', 'waitrose_new_flag': None, 'waitrose_prod_name': 'Pantene Hair Biology Full & Vibrant 250ml', 'images': []}
DEBUG: Scraped from <200 https://www.waitrose.com/ecom/shop/browse/groceries/toiletries_health_and_beauty/hair_care/shampoo>
{'client': 'Waitrose', 'time': datetime.datetime(2020, 8, 17, 14, 18, 41, 554606), 'category': 'Shampoo', 'id': 'tPp480728-631267-631268', 'prod_name': 'Ogx Orchid Oil Shampoo', 'waitrose_Qty': '385ml', 'waitrose_discounted_price': '£7.00', 'waitrose_offer_desc': 'Add 2 for £10', 'waitrose_url': 'https://www.waitrose.com/ecom/shop/browse/groceries/toiletries_health_and_beauty/hair_care/shampoo', 'waitrose_rating': '5', 'waitrose_unit_price': '(£1.82/100ml)', 'waitrose_new_flag': None, 'waitrose_prod_name': 'Ogx Orchid Oil Shampoo 385ml', 'images': []}
DEBUG: Scraped from <200 https://www.waitrose.com/ecom/shop/browse/groceries/toiletries_health_and_beauty/hair_care/shampoo>
{'client': 'Waitrose', 'time': datetime.datetime(2020, 8, 17, 14, 18, 41, 554606), 'category': 'Shampoo', 'id': 'tPp809690-337194-337195', 'prod_name': 'Head & Shoulders 2in1 Itchy Scalp', 'waitrose_Qty': '450ml', 'waitrose_discounted_price': '£3.43', 'waitrose_offer_desc': 'Save 1/3.', 'waitrose_url': 'https://www.waitrose.com/ecom/shop/browse/groceries/toiletries_health_and_beauty/hair_care/shampoo', 'waitrose_rating': '5', 'waitrose_unit_price': '(76.2p/100ml)', 'waitrose_new_flag': None, 'waitrose_prod_name': 'Head & Shoulders 2in1 Itchy Scalp 450ml', 'images': []}
DEBUG: Scraped from <200 https://www.waitrose.com/ecom/shop/browse/groceries/toiletries_health_and_beauty/hair_care/shampoo>
{'client': 'Waitrose', 'time': datetime.datetime(2020, 8, 17, 14, 18, 41, 554606), 'category': 'Shampoo', 'id': 'tPp740653-352034-352035', 'prod_name': 'essential Waitrose Anti-Dandruff 2 in 1', 'waitrose_Qty': '300ml', 'waitrose_discounted_price': '£1.00', 'waitrose_offer_desc': None, 'waitrose_url': 'https://www.waitrose.com/ecom/shop/browse/groceries/toiletries_health_and_beauty/hair_care/shampoo', 'waitrose_rating': '4', 'waitrose_unit_price': '(33.3p/100ml)', 'waitrose_new_flag': None, 'waitrose_prod_name': 'essential Waitrose Anti-Dandruff 2 in 1 300ml', 'images': []}
DEBUG: Scraped from <200 https://www.waitrose.com/ecom/shop/browse/groceries/toiletries_health_and_beauty/hair_care/shampoo>
{'client': 'Waitrose', 'time': datetime.datetime(2020, 8, 17, 14, 18, 41, 554606), 'category': 'Shampoo', 'id': 'tPp059421-29947-29948', 'prod_name': 'Aussie Aussome Volume Shampoo', 'waitrose_Qty': '300ml', 'waitrose_discounted_price': '£4.00', 'waitrose_offer_desc': None, 'waitrose_url': 'https://www.waitrose.com/ecom/shop/browse/groceries/toiletries_health_and_beauty/hair_care/shampoo', 'waitrose_rating': '5', 'waitrose_unit_price': '(£1.34/100ml)', 'waitrose_new_flag': None, 'waitrose_prod_name': 'Aussie Aussome Volume Shampoo 300ml', 'images': []}
DEBUG: Scraped from <200 https://www.waitrose.com/ecom/shop/browse/groceries/toiletries_health_and_beauty/hair_care/shampoo>
{'client': 'Waitrose', 'time': datetime.datetime(2020, 8, 17, 14, 18, 41, 554606), 'category': 'Shampoo', 'id': 'tPp755068-720289-720290', 'prod_name': 'Herbal Essences Aloe Hemp Shampoo', 'waitrose_Qty': '380ml', 'waitrose_discounted_price': '£4.50', 'waitrose_offer_desc': 'Add 2 for £6', 'waitrose_url': 'https://www.waitrose.com/ecom/shop/browse/groceries/toiletries_health_and_beauty/hair_care/shampoo', 'waitrose_rating': None, 'waitrose_unit_price': '(£1.19/100ml)', 'waitrose_new_flag': None, 'waitrose_prod_name': 'Herbal Essences Aloe Hemp Shampoo 380ml', 'images': []}
DEBUG: Scraped from <200 https://www.waitrose.com/ecom/shop/browse/groceries/toiletries_health_and_beauty/hair_care/shampoo>
{'client': 'Waitrose', 'time': datetime.datetime(2020, 8, 17, 14, 18, 41, 554606), 'category': 'Shampoo', 'id': 'tPp062495-31737-31738', 'prod_name': 'Neutrogena T/Gel shampoo dry hair', 'waitrose_Qty': '125ml', 'waitrose_discounted_price': '£5.15', 'waitrose_offer_desc': None, 'waitrose_url': 'https://www.waitrose.com/ecom/shop/browse/groceries/toiletries_health_and_beauty/hair_care/shampoo', 'waitrose_rating': None, 'waitrose_unit_price': '(£4.12/100ml)', 'waitrose_new_flag': None, 'waitrose_prod_name': 'Neutrogena T/Gel shampoo dry hair 125ml', 'images': []}
DEBUG: Scraped from <200 https://www.waitrose.com/ecom/shop/browse/groceries/toiletries_health_and_beauty/hair_care/shampoo>
{'client': 'Waitrose', 'time': datetime.datetime(2020, 8, 17, 14, 18, 41, 554606), 'category': 'Shampoo', 'id': 'tPp610920-86669-86670', 'prod_name': 'Sheer Blonde Go Blonder Shampoo', 'waitrose_Qty': '250ml', 'waitrose_discounted_price': '£6.00', 'waitrose_offer_desc': None, 'waitrose_url': 'https://www.waitrose.com/ecom/shop/browse/groceries/toiletries_health_and_beauty/hair_care/shampoo', 'waitrose_rating': '3.5', 'waitrose_unit_price': '(£2.40/100ml)', 'waitrose_new_flag': None, 'waitrose_prod_name': 'Sheer Blonde Go Blonder Shampoo 250ml', 'images': []}
DEBUG: Scraped from <200 https://www.waitrose.com/ecom/shop/browse/groceries/toiletries_health_and_beauty/hair_care/shampoo>
{'client': 'Waitrose', 'time': datetime.datetime(2020, 8, 17, 14, 18, 41, 554606), 'category': 'Shampoo', 'id': 'tPp724972-694185-694186', 'prod_name': 'Pantene 3in1 Repair & Protect', 'waitrose_Qty': '450ml', 'waitrose_discounted_price': '£3.75', 'waitrose_offer_desc': 'Add 2 for £5', 'waitrose_url': 'https://www.waitrose.com/ecom/shop/browse/groceries/toiletries_health_and_beauty/hair_care/shampoo', 'waitrose_rating': None, 'waitrose_unit_price': '(83.3p/100ml)', 'waitrose_new_flag': None, 'waitrose_prod_name': 'Pantene 3in1 Repair & Protect 450ml', 'images': []}
DEBUG: Scraped from <200 https://www.waitrose.com/ecom/shop/browse/groceries/toiletries_health_and_beauty/hair_care/shampoo>
{'client': 'Waitrose', 'time': datetime.datetime(2020, 8, 17, 14, 18, 41, 554606), 'category': 'Shampoo', 'id': 'tPp575547-494836-494837', 'prod_name': 'DGJ Thickening Shampoo', 'waitrose_Qty': '250ml', 'waitrose_discounted_price': '£5.00', 'waitrose_offer_desc': None, 'waitrose_url': 'https://www.waitrose.com/ecom/shop/browse/groceries/toiletries_health_and_beauty/hair_care/shampoo', 'waitrose_rating': '5', 'waitrose_unit_price': '(£2/100ml)', 'waitrose_new_flag': None, 'waitrose_prod_name': 'DGJ Thickening Shampoo 250ml', 'images': []}
DEBUG: Scraped from <200 https://www.waitrose.com/ecom/shop/browse/groceries/toiletries_health_and_beauty/hair_care/shampoo>
{'client': 'Waitrose', 'time': datetime.datetime(2020, 8, 17, 14, 18, 41, 554606), 'category': 'Shampoo', 'id': 'tPp595050-720203-720204', 'prod_name': 'Herbal Essences Coconut Shampoo', 'waitrose_Qty': '250ml', 'waitrose_discounted_price': '£3.00', 'waitrose_offer_desc': None, 'waitrose_url': 'https://www.waitrose.com/ecom/shop/browse/groceries/toiletries_health_and_beauty/hair_care/shampoo', 'waitrose_rating': None, 'waitrose_unit_price': '(£1.20/100ml)', 'waitrose_new_flag': None, 'waitrose_prod_name': 'Herbal Essences Coconut Shampoo 250ml', 'images': []}
DEBUG: Scraped from <200 https://www.waitrose.com/ecom/shop/browse/groceries/toiletries_health_and_beauty/hair_care/shampoo>
{'client': 'Waitrose', 'time': datetime.datetime(2020, 8, 17, 14, 18, 41, 554606), 'category': 'Shampoo', 'id': 'tPp425163-526469-526470', 'prod_name': 'Frizz Ease Shampoo Miraculous Recovery', 'waitrose_Qty': '250ml', 'waitrose_discounted_price': '£6.00', 'waitrose_offer_desc': None, 'waitrose_url': 'https://www.waitrose.com/ecom/shop/browse/groceries/toiletries_health_and_beauty/hair_care/shampoo', 'waitrose_rating': None, 'waitrose_unit_price': '(£2.40/100ml)', 'waitrose_new_flag': None, 'waitrose_prod_name': 'Frizz Ease Shampoo Miraculous Recovery 250ml', 'images': []}
DEBUG: Scraped from <200 https://www.waitrose.com/ecom/shop/browse/groceries/toiletries_health_and_beauty/hair_care/shampoo>
{'client': 'Waitrose', 'time': datetime.datetime(2020, 8, 17, 14, 18, 41, 554606), 'category': 'Shampoo', 'id': 'tPp639145-337007-337008', 'prod_name': 'Tresemmé Shampoo Deep Cleansing', 'waitrose_Qty': '800ml', 'waitrose_discounted_price': '£5.50', 'waitrose_offer_desc': None, 'waitrose_url': 'https://www.waitrose.com/ecom/shop/browse/groceries/toiletries_health_and_beauty/hair_care/shampoo', 'waitrose_rating': '5', 'waitrose_unit_price': '(68.8p/100ml)', 'waitrose_new_flag': None, 'waitrose_prod_name': 'Tresemmé Shampoo Deep Cleansing 800ml', 'images': []}
DEBUG: Scraped from <200 https://www.waitrose.com/ecom/shop/browse/groceries/toiletries_health_and_beauty/hair_care/shampoo>
{'client': 'Waitrose', 'time': datetime.datetime(2020, 8, 17, 14, 18, 41, 554606), 'category': 'Shampoo', 'id': 'tPp836383-271490-271491', 'prod_name': 'Head & Shoulders 2in1 citrus care', 'waitrose_Qty': '450ml', 'waitrose_discounted_price': '£3.43', 'waitrose_offer_desc': 'Save 1/3.', 'waitrose_url': 'https://www.waitrose.com/ecom/shop/browse/groceries/toiletries_health_and_beauty/hair_care/shampoo', 'waitrose_rating': None, 'waitrose_unit_price': '(76.2p/100ml)', 'waitrose_new_flag': None, 'waitrose_prod_name': 'Head & Shoulders 2in1 citrus care 450ml', 'images': []}
DEBUG: Scraped from <200 https://www.waitrose.com/ecom/shop/browse/groceries/toiletries_health_and_beauty/hair_care/shampoo>
{'client': 'Waitrose', 'time': datetime.datetime(2020, 8, 17, 14, 18, 41, 554606), 'category': 'Shampoo', 'id': 'tPp847454-724141-724142', 'prod_name': 'Faith in Nature Grapefruit Shampoo', 'waitrose_Qty': '400ml', 'waitrose_discounted_price': '£5.79', 'waitrose_offer_desc': None, 'waitrose_url': 'https://www.waitrose.com/ecom/shop/browse/groceries/toiletries_health_and_beauty/hair_care/shampoo', 'waitrose_rating': None, 'waitrose_unit_price': '(£1.45/100ml)', 'waitrose_new_flag': None, 'waitrose_prod_name': 'Faith in Nature Grapefruit Shampoo 400ml', 'images': []}
DEBUG: Scraped from <200 https://www.waitrose.com/ecom/shop/browse/groceries/toiletries_health_and_beauty/hair_care/shampoo>
{'client': 'Waitrose', 'time': datetime.datetime(2020, 8, 17, 14, 18, 41, 554606), 'category': 'Shampoo', 'id': 'tPp402915-526384-526385', 'prod_name': 'John Frieda Violet Crush Shampoo', 'waitrose_Qty': '250ml', 'waitrose_discounted_price': '£6.00', 'waitrose_offer_desc': None, 'waitrose_url': 'https://www.waitrose.com/ecom/shop/browse/groceries/toiletries_health_and_beauty/hair_care/shampoo', 'waitrose_rating': '5', 'waitrose_unit_price': '(£2.40/100ml)', 'waitrose_new_flag': None, 'waitrose_prod_name': 'John Frieda Violet Crush Shampoo 250ml', 'images': []}
DEBUG: Scraped from <200 https://www.waitrose.com/ecom/shop/browse/groceries/toiletries_health_and_beauty/hair_care/shampoo>
{'client': 'Waitrose', 'time': datetime.datetime(2020, 8, 17, 14, 18, 41, 554606), 'category': 'Shampoo', 'id': 'tPp853982-154925-154926', 'prod_name': 'Batiste blush dry shampoo', 'waitrose_Qty': '200ml', 'waitrose_discounted_price': '£3.00', 'waitrose_offer_desc': None, 'waitrose_url': 'https://www.waitrose.com/ecom/shop/browse/groceries/toiletries_health_and_beauty/hair_care/shampoo', 'waitrose_rating': '4', 'waitrose_unit_price': '(£1.50/100ml)', 'waitrose_new_flag': None, 'waitrose_prod_name': 'Batiste blush dry shampoo 200ml', 'images': []}
DEBUG: Scraped from <200 https://www.waitrose.com/ecom/shop/browse/groceries/toiletries_health_and_beauty/hair_care/shampoo>
{'client': 'Waitrose', 'time': datetime.datetime(2020, 8, 17, 14, 18, 41, 554606), 'category': 'Shampoo', 'id': 'tPp567427-683666-683667', 'prod_name': 'Ogx Charcoal Detox Shampoo', 'waitrose_Qty': '385ml', 'waitrose_discounted_price': '£7.00', 'waitrose_offer_desc': 'Add 2 for £10', 'waitrose_url': 'https://www.waitrose.com/ecom/shop/browse/groceries/toiletries_health_and_beauty/hair_care/shampoo', 'waitrose_rating': None, 'waitrose_unit_price': '(£1.82/100ml)', 'waitrose_new_flag': None, 'waitrose_prod_name': 'Ogx Charcoal Detox Shampoo 385ml', 'images': []}
DEBUG: Scraped from <200 https://www.waitrose.com/ecom/shop/browse/groceries/toiletries_health_and_beauty/hair_care/shampoo>
{'client': 'Waitrose', 'time': datetime.datetime(2020, 8, 17, 14, 18, 41, 554606), 'category': 'Shampoo', 'id': 'tPp834106-299691-299692', 'prod_name': 'Head & Shoulders 2in1 smooth & silky', 'waitrose_Qty': '450ml', 'waitrose_discounted_price': '£3.33', 'waitrose_offer_desc': 'Save 1/3.', 'waitrose_url': 'https://www.waitrose.com/ecom/shop/browse/groceries/toiletries_health_and_beauty/hair_care/shampoo', 'waitrose_rating': None, 'waitrose_unit_price': '(74p/100ml)', 'waitrose_new_flag': None, 'waitrose_prod_name': 'Head & Shoulders 2in1 smooth & silky 450ml', 'images': []}
DEBUG: Scraped from <200 https://www.waitrose.com/ecom/shop/browse/groceries/toiletries_health_and_beauty/hair_care/shampoo>
{'client': 'Waitrose', 'time': datetime.datetime(2020, 8, 17, 14, 18, 41, 554606), 'category': 'Shampoo', 'id': 'tPp486943-68769-68770', 'prod_name': 'Head & Shoulders 2in1 classic clean', 'waitrose_Qty': '225ml', 'waitrose_discounted_price': '£3.00', 'waitrose_offer_desc': None, 'waitrose_url': 'https://www.waitrose.com/ecom/shop/browse/groceries/toiletries_health_and_beauty/hair_care/shampoo', 'waitrose_rating': '4', 'waitrose_unit_price': '(£1.34/100ml)', 'waitrose_new_flag': None, 'waitrose_prod_name': 'Head & Shoulders 2in1 classic clean 225ml', 'images': []}
DEBUG: Scraped from <200 https://www.waitrose.com/ecom/shop/browse/groceries/toiletries_health_and_beauty/hair_care/shampoo>
{'client': 'Waitrose', 'time': datetime.datetime(2020, 8, 17, 14, 18, 41, 554606), 'category': 'Shampoo', 'id': 'tPp756229-563906-563907', 'prod_name': 'Head & Shoulders 2 in 1 Total Care', 'waitrose_Qty': '225ml', 'waitrose_discounted_price': '£3.00', 'waitrose_offer_desc': None, 'waitrose_url': 'https://www.waitrose.com/ecom/shop/browse/groceries/toiletries_health_and_beauty/hair_care/shampoo', 'waitrose_rating': None, 'waitrose_unit_price': '(£1.34/100ml)', 'waitrose_new_flag': None, 'waitrose_prod_name': 'Head & Shoulders 2 in 1 Total Care 225ml', 'images': []}
DEBUG: Scraped from <200 https://www.waitrose.com/ecom/shop/browse/groceries/toiletries_health_and_beauty/hair_care/shampoo>
{'client': 'Waitrose', 'time': datetime.datetime(2020, 8, 17, 14, 18, 41, 554606), 'category': 'Shampoo', 'id': 'tPp096508-49364-49365', 'prod_name': 'Aussie Miracle Moist Shampoo', 'waitrose_Qty': '300ml', 'waitrose_discounted_price': '£4.10', 'waitrose_offer_desc': None, 'waitrose_url': 'https://www.waitrose.com/ecom/shop/browse/groceries/toiletries_health_and_beauty/hair_care/shampoo', 'waitrose_rating': '3.7', 'waitrose_unit_price': '(£1.37/100ml)', 'waitrose_new_flag': None, 'waitrose_prod_name': 'Aussie Miracle Moist Shampoo 300ml', 'images': []}
DEBUG: Scraped from <200 https://www.waitrose.com/ecom/shop/browse/groceries/toiletries_health_and_beauty/hair_care/shampoo>
{'client': 'Waitrose', 'time': datetime.datetime(2020, 8, 17, 14, 18, 41, 554606), 'category': 'Shampoo', 'id': 'tPp694392-98595-98596', 'prod_name': 'Head & Shoulders Shampoo Cool Menthol', 'waitrose_Qty': '500ml', 'waitrose_discounted_price': '£3.43', 'waitrose_offer_desc': 'Save 1/3.', 'waitrose_url': 'https://www.waitrose.com/ecom/shop/browse/groceries/toiletries_health_and_beauty/hair_care/shampoo', 'waitrose_rating': None, 'waitrose_unit_price': '(68.6p/100ml)', 'waitrose_new_flag': None, 'waitrose_prod_name': 'Head & Shoulders Shampoo Cool Menthol 500ml', 'images': []}
DEBUG: Scraped from <200 https://www.waitrose.com/ecom/shop/browse/groceries/toiletries_health_and_beauty/hair_care/shampoo>
{'client': 'Waitrose', 'time': datetime.datetime(2020, 8, 17, 14, 18, 41, 554606), 'category': 'Shampoo', 'id': 'tPp492090-729670-729671', 'prod_name': 'Percy & Reed Volumising Shampoo', 'waitrose_Qty': '250ml', 'waitrose_discounted_price': '£12.00', 'waitrose_offer_desc': 'Save 1/3.', 'waitrose_url': 'https://www.waitrose.com/ecom/shop/browse/groceries/toiletries_health_and_beauty/hair_care/shampoo', 'waitrose_rating': None, 'waitrose_unit_price': '(£4.80/100ml)', 'waitrose_new_flag': 'NEW', 'waitrose_prod_name': 'Percy & Reed Volumising Shampoo 250ml', 'images': []}
DEBUG: Scraped from <200 https://www.waitrose.com/ecom/shop/browse/groceries/toiletries_health_and_beauty/hair_care/shampoo>
{'client': 'Waitrose', 'time': datetime.datetime(2020, 8, 17, 14, 18, 41, 554606), 'category': 'Shampoo', 'id': 'tPp405353-729640-729641', 'prod_name': 'Percy & Reed No-Fuss Dry Shampoo', 'waitrose_Qty': '200ml', 'waitrose_discounted_price': '£10.00', 'waitrose_offer_desc': 'Save 1/3.', 'waitrose_url': 'https://www.waitrose.com/ecom/shop/browse/groceries/toiletries_health_and_beauty/hair_care/shampoo', 'waitrose_rating': None, 'waitrose_unit_price': '(£5/100ml)', 'waitrose_new_flag': 'NEW', 'waitrose_prod_name': 'Percy & Reed No-Fuss Dry Shampoo 200ml', 'images': []}
DEBUG: Scraped from <200 https://www.waitrose.com/ecom/shop/browse/groceries/toiletries_health_and_beauty/hair_care/shampoo>
{'client': 'Waitrose', 'time': datetime.datetime(2020, 8, 17, 14, 18, 41, 554606), 'category': 'Shampoo', 'id': 'tPp855732-695986-695987', 'prod_name': 'Hair Biology De-Frizz Shampoo', 'waitrose_Qty': '250ml', 'waitrose_discounted_price': '£2.99', 'waitrose_offer_desc': 'Save 1/3.', 'waitrose_url': 'https://www.waitrose.com/ecom/shop/browse/groceries/toiletries_health_and_beauty/hair_care/shampoo', 'waitrose_rating': None, 'waitrose_unit_price': '(£1.20/100ml)', 'waitrose_new_flag': None, 'waitrose_prod_name': 'Hair Biology De-Frizz Shampoo 250ml', 'images': []}
DEBUG: Scraped from <200 https://www.waitrose.com/ecom/shop/browse/groceries/toiletries_health_and_beauty/hair_care/shampoo>
{'client': 'Waitrose', 'time': datetime.datetime(2020, 8, 17, 14, 18, 41, 554606), 'category': 'Shampoo', 'id': 'tPp829437-695831-695832', 'prod_name': 'Umberto Giannini Grow Long Shampoo', 'waitrose_Qty': '250ml', 'waitrose_discounted_price': '£8.00', 'waitrose_offer_desc': None, 'waitrose_url': 'https://www.waitrose.com/ecom/shop/browse/groceries/toiletries_health_and_beauty/hair_care/shampoo', 'waitrose_rating': '5', 'waitrose_unit_price': '(£3.20/100ml)', 'waitrose_new_flag': None, 'waitrose_prod_name': 'Umberto Giannini Grow Long Shampoo 250ml', 'images': []}
DEBUG: Scraped from <200 https://www.waitrose.com/ecom/shop/browse/groceries/toiletries_health_and_beauty/hair_care/shampoo>
{'client': 'Waitrose', 'time': datetime.datetime(2020, 8, 17, 14, 18, 41, 554606), 'category': 'Shampoo', 'id': 'tPp554742-695503-695504', 'prod_name': 'Umberto Giannini Violet Shampoo', 'waitrose_Qty': '250ml', 'waitrose_discounted_price': '£8.00', 'waitrose_offer_desc': None, 'waitrose_url': 'https://www.waitrose.com/ecom/shop/browse/groceries/toiletries_health_and_beauty/hair_care/shampoo', 'waitrose_rating': None, 'waitrose_unit_price': '(£3.20/100ml)', 'waitrose_new_flag': None, 'waitrose_prod_name': 'Umberto Giannini Violet Shampoo 250ml', 'images': []}
DEBUG: Scraped from <200 https://www.waitrose.com/ecom/shop/browse/groceries/toiletries_health_and_beauty/hair_care/shampoo>
{'client': 'Waitrose', 'time': datetime.datetime(2020, 8, 17, 14, 18, 41, 554606), 'category': 'Shampoo', 'id': 'tPp803275-329016-329017', 'prod_name': 'AOrganic Peppermint Shampoo', 'waitrose_Qty': '325ml', 'waitrose_discounted_price': '£7.00', 'waitrose_offer_desc': 'Add 2 for £11', 'waitrose_url': 'https://www.waitrose.com/ecom/shop/browse/groceries/toiletries_health_and_beauty/hair_care/shampoo', 'waitrose_rating': None, 'waitrose_unit_price': '(£2.16/100ml)', 'waitrose_new_flag': None, 'waitrose_prod_name': 'AOrganic Peppermint Shampoo 325ml', 'images': []}
DEBUG: Scraped from <200 https://www.waitrose.com/ecom/shop/browse/groceries/toiletries_health_and_beauty/hair_care/shampoo>
{'client': 'Waitrose', 'time': datetime.datetime(2020, 8, 17, 14, 18, 41, 554606), 'category': 'Shampoo', 'id': 'tPp819563-729788-729789', 'prod_name': 'Aussie Blonde Purple Shampoo', 'waitrose_Qty': '290ml', 'waitrose_discounted_price': '£5.99', 'waitrose_offer_desc': None, 'waitrose_url': 'https://www.waitrose.com/ecom/shop/browse/groceries/toiletries_health_and_beauty/hair_care/shampoo', 'waitrose_rating': None, 'waitrose_unit_price': '(£2.07/100ml)', 'waitrose_new_flag': 'NEW', 'waitrose_prod_name': 'Aussie Blonde Purple Shampoo 290ml', 'images': []}
DEBUG: Scraped from <200 https://www.waitrose.com/ecom/shop/browse/groceries/toiletries_health_and_beauty/hair_care/shampoo>
{'client': 'Waitrose', 'time': datetime.datetime(2020, 8, 17, 14, 18, 41, 554606), 'category': 'Shampoo', 'id': 'tPp775870-724036-724037', 'prod_name': 'Faith in Nature Wild Rose Shampoo', 'waitrose_Qty': '400ml', 'waitrose_discounted_price': '£5.79', 'waitrose_offer_desc': None, 'waitrose_url': 'https://www.waitrose.com/ecom/shop/browse/groceries/toiletries_health_and_beauty/hair_care/shampoo', 'waitrose_rating': '5', 'waitrose_unit_price': '(£1.45/100ml)', 'waitrose_new_flag': None, 'waitrose_prod_name': 'Faith in Nature Wild Rose Shampoo 400ml', 'images': []}
DEBUG: Scraped from <200 https://www.waitrose.com/ecom/shop/browse/groceries/toiletries_health_and_beauty/hair_care/shampoo>
{'client': 'Waitrose', 'time': datetime.datetime(2020, 8, 17, 14, 18, 41, 554606), 'category': 'Shampoo', 'id': 'tPp433216-720111-720112', 'prod_name': 'John Frieda Hydrate & Recharge Shampoo', 'waitrose_Qty': '250ml', 'waitrose_discounted_price': '£5.99', 'waitrose_offer_desc': None, 'waitrose_url': 'https://www.waitrose.com/ecom/shop/browse/groceries/toiletries_health_and_beauty/hair_care/shampoo', 'waitrose_rating': None, 'waitrose_unit_price': '(£2.40/100ml)', 'waitrose_new_flag': None, 'waitrose_prod_name': 'John Frieda Hydrate & Recharge Shampoo 250ml', 'images': []}
DEBUG: Scraped from <200 https://www.waitrose.com/ecom/shop/browse/groceries/toiletries_health_and_beauty/hair_care/shampoo>
{'client': 'Waitrose', 'time': datetime.datetime(2020, 8, 17, 14, 18, 41, 554606), 'category': 'Shampoo', 'id': 'tPp871494-495182-495183', 'prod_name': 'DGJ Hairjuice Shampoo', 'waitrose_Qty': '250ml', 'waitrose_discounted_price': '£5.00', 'waitrose_offer_desc': None, 'waitrose_url': 'https://www.waitrose.com/ecom/shop/browse/groceries/toiletries_health_and_beauty/hair_care/shampoo', 'waitrose_rating': '5', 'waitrose_unit_price': '(£2/100ml)', 'waitrose_new_flag': None, 'waitrose_prod_name': 'DGJ Hairjuice Shampoo 250ml', 'images': []}
DEBUG: Scraped from <200 https://www.waitrose.com/ecom/shop/browse/groceries/toiletries_health_and_beauty/hair_care/shampoo>
{'client': 'Waitrose', 'time': datetime.datetime(2020, 8, 17, 14, 18, 41, 554606), 'category': 'Shampoo', 'id': 'tPp032765-16025-16026', 'prod_name': "L'Oréal kids shampoo berry strawberry", 'waitrose_Qty': '250ml', 'waitrose_discounted_price': '£2.00', 'waitrose_offer_desc': None, 'waitrose_url': 'https://www.waitrose.com/ecom/shop/browse/groceries/toiletries_health_and_beauty/hair_care/shampoo', 'waitrose_rating': None, 'waitrose_unit_price': '(80p/100ml)', 'waitrose_new_flag': None, 'waitrose_prod_name': "L'Oréal kids shampoo berry strawberry 250ml", 'images': []}
DEBUG: Scraped from <200 https://www.waitrose.com/ecom/shop/browse/groceries/toiletries_health_and_beauty/hair_care/shampoo>
{'client': 'Waitrose', 'time': datetime.datetime(2020, 8, 17, 14, 18, 41, 554606), 'category': 'Shampoo', 'id': 'tPp494340-69860-69861', 'prod_name': "Neal's Yard Rose Shampoo", 'waitrose_Qty': '200ml', 'waitrose_discounted_price': '£11.50', 'waitrose_offer_desc': None, 'waitrose_url': 'https://www.waitrose.com/ecom/shop/browse/groceries/toiletries_health_and_beauty/hair_care/shampoo', 'waitrose_rating': '3.1', 'waitrose_unit_price': '(£5.75/100ml)', 'waitrose_new_flag': None, 'waitrose_prod_name': "Neal's Yard Rose Shampoo 200ml", 'images': []}
DEBUG: Scraped from <200 https://www.waitrose.com/ecom/shop/browse/groceries/toiletries_health_and_beauty/hair_care/shampoo>
{'client': 'Waitrose', 'time': datetime.datetime(2020, 8, 17, 14, 18, 41, 554606), 'category': 'Shampoo', 'id': 'tPp425124-59787-59788', 'prod_name': 'Brilliant Brunette Protecting Shampoo', 'waitrose_Qty': '250ml', 'waitrose_discounted_price': '£6.00', 'waitrose_offer_desc': None, 'waitrose_url': 'https://www.waitrose.com/ecom/shop/browse/groceries/toiletries_health_and_beauty/hair_care/shampoo', 'waitrose_rating': None, 'waitrose_unit_price': '(£2.40/100ml)', 'waitrose_new_flag': None, 'waitrose_prod_name': 'Brilliant Brunette Protecting Shampoo 250ml', 'images': []}
DEBUG: Scraped from <200 https://www.waitrose.com/ecom/shop/browse/groceries/toiletries_health_and_beauty/hair_care/shampoo>
{'client': 'Waitrose', 'time': datetime.datetime(2020, 8, 17, 14, 18, 41, 554606), 'category': 'Shampoo', 'id': 'tPp563832-295347-295348', 'prod_name': 'Argan + Argan Oil 5Oil Miracle Shampoo', 'waitrose_Qty': '300ml', 'waitrose_discounted_price': '£6.00', 'waitrose_offer_desc': None, 'waitrose_url': 'https://www.waitrose.com/ecom/shop/browse/groceries/toiletries_health_and_beauty/hair_care/shampoo', 'waitrose_rating': '5', 'waitrose_unit_price': '(£2/100ml)', 'waitrose_new_flag': None, 'waitrose_prod_name': 'Argan + Argan Oil 5Oil Miracle Shampoo 300ml', 'images': []}
DEBUG: Scraped from <200 https://www.waitrose.com/ecom/shop/browse/groceries/toiletries_health_and_beauty/hair_care/shampoo>
{'client': 'Waitrose', 'time': datetime.datetime(2020, 8, 17, 14, 18, 41, 554606), 'category': 'Shampoo', 'id': 'tPp364793-255761-255762', 'prod_name': 'Aussie Miracle Shine Shampoo', 'waitrose_Qty': '300ml', 'waitrose_discounted_price': '£4.00', 'waitrose_offer_desc': None, 'waitrose_url': 'https://www.waitrose.com/ecom/shop/browse/groceries/toiletries_health_and_beauty/hair_care/shampoo', 'waitrose_rating': None, 'waitrose_unit_price': '(£1.34/100ml)', 'waitrose_new_flag': None, 'waitrose_prod_name': 'Aussie Miracle Shine Shampoo 300ml', 'images': []}
DEBUG: Scraped from <200 https://www.waitrose.com/ecom/shop/browse/groceries/toiletries_health_and_beauty/hair_care/shampoo>
{'client': 'Waitrose', 'time': datetime.datetime(2020, 8, 17, 14, 18, 41, 554606), 'category': 'Shampoo', 'id': 'tPp096232-49248-49249', 'prod_name': 'Aussie Mega Shampoo', 'waitrose_Qty': '300ml', 'waitrose_discounted_price': '£4.10', 'waitrose_offer_desc': None, 'waitrose_url': 'https://www.waitrose.com/ecom/shop/browse/groceries/toiletries_health_and_beauty/hair_care/shampoo', 'waitrose_rating': '2.5', 'waitrose_unit_price': '(£1.37/100ml)', 'waitrose_new_flag': None, 'waitrose_prod_name': 'Aussie Mega Shampoo 300ml', 'images': []}
DEBUG: Scraped from <200 https://www.waitrose.com/ecom/shop/browse/groceries/toiletries_health_and_beauty/hair_care/shampoo>
{'client': 'Waitrose', 'time': datetime.datetime(2020, 8, 17, 14, 18, 41, 554606), 'category': 'Shampoo', 'id': 'tPp714629-729752-729753', 'prod_name': 'OGX Keratin Oil Shampoo', 'waitrose_Qty': '385ml', 'waitrose_discounted_price': '£7.00', 'waitrose_offer_desc': 'Add 2 for £10', 'waitrose_url': 'https://www.waitrose.com/ecom/shop/browse/groceries/toiletries_health_and_beauty/hair_care/shampoo', 'waitrose_rating': None, 'waitrose_unit_price': '(£1.82/100ml)', 'waitrose_new_flag': 'NEW', 'waitrose_prod_name': 'OGX Keratin Oil Shampoo 385ml', 'images': []}
DEBUG: Scraped from <200 https://www.waitrose.com/ecom/shop/browse/groceries/toiletries_health_and_beauty/hair_care/shampoo>
{'client': 'Waitrose', 'time': datetime.datetime(2020, 8, 17, 14, 18, 41, 554606), 'category': 'Shampoo', 'id': 'tPp838287-695984-695985', 'prod_name': 'Pantene Hair Biology Illuminating Mask', 'waitrose_Qty': '160ml', 'waitrose_discounted_price': '£2.99', 'waitrose_offer_desc': 'Save 1/3.', 'waitrose_url': 'https://www.waitrose.com/ecom/shop/browse/groceries/toiletries_health_and_beauty/hair_care/shampoo', 'waitrose_rating': None, 'waitrose_unit_price': '(£1.87/100ml)', 'waitrose_new_flag': None, 'waitrose_prod_name': 'Pantene Hair Biology Illuminating Mask 160ml', 'images': []}
DEBUG: Scraped from <200 https://www.waitrose.com/ecom/shop/browse/groceries/toiletries_health_and_beauty/hair_care/shampoo>
{'client': 'Waitrose', 'time': datetime.datetime(2020, 8, 17, 14, 18, 41, 554606), 'category': 'Shampoo', 'id': 'tPp812614-707138-707139', 'prod_name': 'Beco Spring Meadow Shampoo Bar', 'waitrose_Qty': '90g', 'waitrose_discounted_price': '£4.00', 'waitrose_offer_desc': None, 'waitrose_url': 'https://www.waitrose.com/ecom/shop/browse/groceries/toiletries_health_and_beauty/hair_care/shampoo', 'waitrose_rating': '3.3', 'waitrose_unit_price': '(£4.45/100g)', 'waitrose_new_flag': None, 'waitrose_prod_name': 'Beco Spring Meadow Shampoo Bar 90g', 'images': []}
DEBUG: Scraped from <200 https://www.waitrose.com/ecom/shop/browse/groceries/toiletries_health_and_beauty/hair_care/shampoo>
{'client': 'Waitrose', 'time': datetime.datetime(2020, 8, 17, 14, 18, 41, 554606), 'category': 'Shampoo', 'id': 'tPp584599-695531-695532', 'prod_name': 'Batiste Dry Shampoo Volume', 'waitrose_Qty': '200ml', 'waitrose_discounted_price': '£4.25', 'waitrose_offer_desc': None, 'waitrose_url': 'https://www.waitrose.com/ecom/shop/browse/groceries/toiletries_health_and_beauty/hair_care/shampoo', 'waitrose_rating': None, 'waitrose_unit_price': '(£2.13/100ml)', 'waitrose_new_flag': None, 'waitrose_prod_name': 'Batiste Dry Shampoo Volume 200ml', 'images': []}
DEBUG: Scraped from <200 https://www.waitrose.com/ecom/shop/browse/groceries/toiletries_health_and_beauty/hair_care/shampoo>
{'client': 'Waitrose', 'time': datetime.datetime(2020, 8, 17, 14, 18, 41, 554606), 'category': 'Shampoo', 'id': 'tPp083596-42439-42440', 'prod_name': 'Aussie Colour Mate Shampoo', 'waitrose_Qty': '300ml', 'waitrose_discounted_price': '£4.10', 'waitrose_offer_desc': None, 'waitrose_url': 'https://www.waitrose.com/ecom/shop/browse/groceries/toiletries_health_and_beauty/hair_care/shampoo', 'waitrose_rating': '5', 'waitrose_unit_price': '(£1.37/100ml)', 'waitrose_new_flag': None, 'waitrose_prod_name': 'Aussie Colour Mate Shampoo 300ml', 'images': []}
DEBUG: Scraped from <200 https://www.waitrose.com/ecom/shop/browse/groceries/toiletries_health_and_beauty/hair_care/shampoo>
{'client': 'Waitrose', 'time': datetime.datetime(2020, 8, 17, 14, 18, 41, 554606), 'category': 'Shampoo', 'id': 'tPp725068-723986-723987', 'prod_name': 'Faith in Nature Lavender Shampoo', 'waitrose_Qty': '400ml', 'waitrose_discounted_price': '£5.79', 'waitrose_offer_desc': None, 'waitrose_url': 'https://www.waitrose.com/ecom/shop/browse/groceries/toiletries_health_and_beauty/hair_care/shampoo', 'waitrose_rating': None, 'waitrose_unit_price': '(£1.45/100ml)', 'waitrose_new_flag': None, 'waitrose_prod_name': 'Faith in Nature Lavender Shampoo 400ml', 'images': []}
DEBUG: Scraped from <200 https://www.waitrose.com/ecom/shop/browse/groceries/toiletries_health_and_beauty/hair_care/shampoo>
{'client': 'Waitrose', 'time': datetime.datetime(2020, 8, 17, 14, 18, 41, 554606), 'category': 'Shampoo', 'id': 'tPp735040-695707-695708', 'prod_name': 'Vosene Kids 3in1 Tea Tree Shampoo', 'waitrose_Qty': '250ml', 'waitrose_discounted_price': '£2.50', 'waitrose_offer_desc': None, 'waitrose_url': 'https://www.waitrose.com/ecom/shop/browse/groceries/toiletries_health_and_beauty/hair_care/shampoo', 'waitrose_rating': None, 'waitrose_unit_price': '(£1/100ml)', 'waitrose_new_flag': None, 'waitrose_prod_name': 'Vosene Kids 3in1 Tea Tree Shampoo 250ml', 'images': []}
DEBUG: Scraped from <200 https://www.waitrose.com/ecom/shop/browse/groceries/toiletries_health_and_beauty/hair_care/shampoo>
{'client': 'Waitrose', 'time': datetime.datetime(2020, 8, 17, 14, 18, 41, 554606), 'category': 'Shampoo', 'id': 'tPp065299-33095-33096', 'prod_name': 'Frizz Ease Dream Curls Shampoo', 'waitrose_Qty': '250ml', 'waitrose_discounted_price': '£6.00', 'waitrose_offer_desc': None, 'waitrose_url': 'https://www.waitrose.com/ecom/shop/browse/groceries/toiletries_health_and_beauty/hair_care/shampoo', 'waitrose_rating': '5', 'waitrose_unit_price': '(£2.40/100ml)', 'waitrose_new_flag': None, 'waitrose_prod_name': 'Frizz Ease Dream Curls Shampoo 250ml', 'images': []}
DEBUG: Scraped from <200 https://www.waitrose.com/ecom/shop/browse/groceries/toiletries_health_and_beauty/hair_care/shampoo>
{'client': 'Waitrose', 'time': datetime.datetime(2020, 8, 17, 14, 18, 41, 554606), 'category': 'Shampoo', 'id': 'tPp819340-720339-720340', 'prod_name': 'Head & Shoulders Supreme Shampoo', 'waitrose_Qty': '400ml', 'waitrose_discounted_price': '£5.00', 'waitrose_offer_desc': None, 'waitrose_url': 'https://www.waitrose.com/ecom/shop/browse/groceries/toiletries_health_and_beauty/hair_care/shampoo', 'waitrose_rating': None, 'waitrose_unit_price': '(£1.25/100ml)', 'waitrose_new_flag': None, 'waitrose_prod_name': 'Head & Shoulders Supreme Shampoo 400ml', 'images': []}
DEBUG: Scraped from <200 https://www.waitrose.com/ecom/shop/browse/groceries/toiletries_health_and_beauty/hair_care/shampoo>
{'client': 'Waitrose', 'time': datetime.datetime(2020, 8, 17, 14, 18, 41, 554606), 'category': 'Shampoo', 'id': 'tPp538896-720173-720174', 'prod_name': 'Herbal Essences Argan Oil Shampoo', 'waitrose_Qty': '250ml', 'waitrose_discounted_price': '£3.00', 'waitrose_offer_desc': None, 'waitrose_url': 'https://www.waitrose.com/ecom/shop/browse/groceries/toiletries_health_and_beauty/hair_care/shampoo', 'waitrose_rating': None, 'waitrose_unit_price': '(£1.20/100ml)', 'waitrose_new_flag': None, 'waitrose_prod_name': 'Herbal Essences Argan Oil Shampoo 250ml', 'images': []}
DEBUG: Scraped from <200 https://www.waitrose.com/ecom/shop/browse/groceries/toiletries_health_and_beauty/hair_care/shampoo>
{'client': 'Waitrose', 'time': datetime.datetime(2020, 8, 17, 14, 18, 41, 554606), 'category': 'Shampoo', 'id': 'tPp645178-695617-695618', 'prod_name': 'John Frieda Shampoo Weightless Wonder', 'waitrose_Qty': '250ml', 'waitrose_discounted_price': '£6.00', 'waitrose_offer_desc': None, 'waitrose_url': 'https://www.waitrose.com/ecom/shop/browse/groceries/toiletries_health_and_beauty/hair_care/shampoo', 'waitrose_rating': '4.6', 'waitrose_unit_price': '(£2.40/100ml)', 'waitrose_new_flag': None, 'waitrose_prod_name': 'John Frieda Shampoo Weightless Wonder 250ml', 'images': []}
DEBUG: Scraped from <200 https://www.waitrose.com/ecom/shop/browse/groceries/toiletries_health_and_beauty/hair_care/shampoo>
{'client': 'Waitrose', 'time': datetime.datetime(2020, 8, 17, 14, 18, 41, 554606), 'category': 'Shampoo', 'id': 'tPp895244-495222-495223', 'prod_name': 'DGJ Clarifying Shampoo', 'waitrose_Qty': '250ml', 'waitrose_discounted_price': '£5.00', 'waitrose_offer_desc': None, 'waitrose_url': 'https://www.waitrose.com/ecom/shop/browse/groceries/toiletries_health_and_beauty/hair_care/shampoo', 'waitrose_rating': None, 'waitrose_unit_price': '(£2/100ml)', 'waitrose_new_flag': None, 'waitrose_prod_name': 'DGJ Clarifying Shampoo 250ml', 'images': []}
DEBUG: Scraped from <200 https://www.waitrose.com/ecom/shop/browse/groceries/toiletries_health_and_beauty/hair_care/shampoo>
{'client': 'Waitrose', 'time': datetime.datetime(2020, 8, 17, 14, 18, 41, 554606), 'category': 'Shampoo', 'id': 'tPp833802-337290-337291', 'prod_name': 'Aussie Miracle Moist Spray', 'waitrose_Qty': '250ml', 'waitrose_discounted_price': '£5.15', 'waitrose_offer_desc': None, 'waitrose_url': 'https://www.waitrose.com/ecom/shop/browse/groceries/toiletries_health_and_beauty/hair_care/shampoo', 'waitrose_rating': None, 'waitrose_unit_price': '(£2.06/100ml)', 'waitrose_new_flag': None, 'waitrose_prod_name': 'Aussie Miracle Moist Spray 250ml', 'images': []}
DEBUG: Scraped from <200 https://www.waitrose.com/ecom/shop/browse/groceries/toiletries_health_and_beauty/hair_care/shampoo>
{'client': 'Waitrose', 'time': datetime.datetime(2020, 8, 17, 14, 18, 41, 554606), 'category': 'Shampoo', 'id': 'tPp861587-154949-154950', 'prod_name': 'Batiste dark & deep brown dry shampoo', 'waitrose_Qty': '200ml', 'waitrose_discounted_price': '£4.00', 'waitrose_offer_desc': None, 'waitrose_url': 'https://www.waitrose.com/ecom/shop/browse/groceries/toiletries_health_and_beauty/hair_care/shampoo', 'waitrose_rating': None, 'waitrose_unit_price': '(£2/100ml)', 'waitrose_new_flag': None, 'waitrose_prod_name': 'Batiste dark & deep brown dry shampoo 200ml', 'images': []}
DEBUG: Scraped from <200 https://www.waitrose.com/ecom/shop/browse/groceries/toiletries_health_and_beauty/hair_care/shampoo>
{'client': 'Waitrose', 'time': datetime.datetime(2020, 8, 17, 14, 18, 41, 554606), 'category': 'Shampoo', 'id': 'tPp581644-729702-729703', 'prod_name': 'Percy & Reed Hydrating Shampoo', 'waitrose_Qty': '250ml', 'waitrose_discounted_price': '£12.00', 'waitrose_offer_desc': 'Save 1/3.', 'waitrose_url': 'https://www.waitrose.com/ecom/shop/browse/groceries/toiletries_health_and_beauty/hair_care/shampoo', 'waitrose_rating': None, 'waitrose_unit_price': '(£4.80/100ml)', 'waitrose_new_flag': 'NEW', 'waitrose_prod_name': 'Percy & Reed Hydrating Shampoo 250ml', 'images': []}
DEBUG: Scraped from <200 https://www.waitrose.com/ecom/shop/browse/groceries/toiletries_health_and_beauty/hair_care/shampoo>
{'client': 'Waitrose', 'time': datetime.datetime(2020, 8, 17, 14, 18, 41, 554606), 'category': 'Shampoo', 'id': 'tPp888765-695909-695910', 'prod_name': 'Umberto Giannini Curl Jelly Wash', 'waitrose_Qty': '250ml', 'waitrose_discounted_price': '£8.00', 'waitrose_offer_desc': None, 'waitrose_url': 'https://www.waitrose.com/ecom/shop/browse/groceries/toiletries_health_and_beauty/hair_care/shampoo', 'waitrose_rating': '2.5', 'waitrose_unit_price': '(£3.20/100ml)', 'waitrose_new_flag': None, 'waitrose_prod_name': 'Umberto Giannini Curl Jelly Wash 250ml', 'images': []}
DEBUG: Scraped from <200 https://www.waitrose.com/ecom/shop/browse/groceries/toiletries_health_and_beauty/hair_care/shampoo>
{'client': 'Waitrose', 'time': datetime.datetime(2020, 8, 17, 14, 18, 41, 554606), 'category': 'Shampoo', 'id': 'tPp734002-695705-695706', 'prod_name': 'Percy & Reed Wonder Wash Shampoo', 'waitrose_Qty': '250ml', 'waitrose_discounted_price': '£12.00', 'waitrose_offer_desc': 'Save 1/3.', 'waitrose_url': 'https://www.waitrose.com/ecom/shop/browse/groceries/toiletries_health_and_beauty/hair_care/shampoo', 'waitrose_rating': None, 'waitrose_unit_price': '(£4.80/100ml)', 'waitrose_new_flag': None, 'waitrose_prod_name': 'Percy & Reed Wonder Wash Shampoo 250ml', 'images': []}
DEBUG: Scraped from <200 https://www.waitrose.com/ecom/shop/browse/groceries/toiletries_health_and_beauty/hair_care/shampoo>
{'client': 'Waitrose', 'time': datetime.datetime(2020, 8, 17, 14, 18, 41, 554606), 'category': 'Shampoo', 'id': 'tPp889100-330444-330445', 'prod_name': 'AOrganic Rosemary Shampoo', 'waitrose_Qty': '325ml', 'waitrose_discounted_price': '£7.00', 'waitrose_offer_desc': 'Add 2 for £11', 'waitrose_url': 'https://www.waitrose.com/ecom/shop/browse/groceries/toiletries_health_and_beauty/hair_care/shampoo', 'waitrose_rating': '2.5', 'waitrose_unit_price': '(£2.16/100ml)', 'waitrose_new_flag': None, 'waitrose_prod_name': 'AOrganic Rosemary Shampoo 325ml', 'images': []}
DEBUG: Scraped from <200 https://www.waitrose.com/ecom/shop/browse/groceries/toiletries_health_and_beauty/hair_care/shampoo>
{'client': 'Waitrose', 'time': datetime.datetime(2020, 8, 17, 14, 18, 41, 554606), 'category': 'Shampoo', 'id': 'tPp492466-631281-631282', 'prod_name': 'Hask Keratin Protein Smoothing Shampoo', 'waitrose_Qty': '355ml', 'waitrose_discounted_price': '£7.00', 'waitrose_offer_desc': None, 'waitrose_url': 'https://www.waitrose.com/ecom/shop/browse/groceries/toiletries_health_and_beauty/hair_care/shampoo', 'waitrose_rating': None, 'waitrose_unit_price': '(£1.98/100ml)', 'waitrose_new_flag': None, 'waitrose_prod_name': 'Hask Keratin Protein Smoothing Shampoo 355ml', 'images': []}
DEBUG: Scraped from <200 https://www.waitrose.com/ecom/shop/browse/groceries/toiletries_health_and_beauty/hair_care/shampoo>
{'client': 'Waitrose', 'time': datetime.datetime(2020, 8, 17, 14, 18, 41, 554606), 'category': 'Shampoo', 'id': 'tPp687186-337057-337058', 'prod_name': 'Argan + Argan Oil Rejuvenating Shampoo', 'waitrose_Qty': '300ml', 'waitrose_discounted_price': '£6.00', 'waitrose_offer_desc': None, 'waitrose_url': 'https://www.waitrose.com/ecom/shop/browse/groceries/toiletries_health_and_beauty/hair_care/shampoo', 'waitrose_rating': '5', 'waitrose_unit_price': '(£2/100ml)', 'waitrose_new_flag': None, 'waitrose_prod_name': 'Argan + Argan Oil Rejuvenating Shampoo 300ml', 'images': []}
DEBUG: Scraped from <200 https://www.waitrose.com/ecom/shop/browse/groceries/toiletries_health_and_beauty/hair_care/shampoo>
{'client': 'Waitrose', 'time': datetime.datetime(2020, 8, 17, 14, 18, 41, 554606), 'category': 'Shampoo', 'id': 'tPp051100-25409-25410', 'prod_name': 'Sheer Blonde Moisturising Shampoo', 'waitrose_Qty': '250ml', 'waitrose_discounted_price': '£6.00', 'waitrose_offer_desc': None, 'waitrose_url': 'https://www.waitrose.com/ecom/shop/browse/groceries/toiletries_health_and_beauty/hair_care/shampoo', 'waitrose_rating': '3', 'waitrose_unit_price': '(£2.40/100ml)', 'waitrose_new_flag': None, 'waitrose_prod_name': 'Sheer Blonde Moisturising Shampoo 250ml', 'images': []}
DEBUG: Scraped from <200 https://www.waitrose.com/ecom/shop/browse/groceries/toiletries_health_and_beauty/hair_care/shampoo>
{'client': 'Waitrose', 'time': datetime.datetime(2020, 8, 17, 14, 18, 41, 554606), 'category': 'Shampoo', 'id': 'tPp884562-720413-720414', 'prod_name': 'Maui Moisture Shea Butter Shampoo', 'waitrose_Qty': '385ml', 'waitrose_discounted_price': '£9.00', 'waitrose_offer_desc': None, 'waitrose_url': 'https://www.waitrose.com/ecom/shop/browse/groceries/toiletries_health_and_beauty/hair_care/shampoo', 'waitrose_rating': None, 'waitrose_unit_price': '(£2.34/100ml)', 'waitrose_new_flag': None, 'waitrose_prod_name': 'Maui Moisture Shea Butter Shampoo 385ml', 'images': []}
DEBUG: Scraped from <200 https://www.waitrose.com/ecom/shop/browse/groceries/toiletries_health_and_beauty/hair_care/shampoo>
{'client': 'Waitrose', 'time': datetime.datetime(2020, 8, 17, 14, 18, 41, 554606), 'category': 'Shampoo', 'id': 'tPp527154-720165-720166', 'prod_name': 'Maui Moisture Hibiscus Water', 'waitrose_Qty': '385ml', 'waitrose_discounted_price': '£9.00', 'waitrose_offer_desc': None, 'waitrose_url': 'https://www.waitrose.com/ecom/shop/browse/groceries/toiletries_health_and_beauty/hair_care/shampoo', 'waitrose_rating': None, 'waitrose_unit_price': '(£2.34/100ml)', 'waitrose_new_flag': None, 'waitrose_prod_name': 'Maui Moisture Hibiscus Water 385ml', 'images': []}
DEBUG: Scraped from <200 https://www.waitrose.com/ecom/shop/browse/groceries/toiletries_health_and_beauty/hair_care/shampoo>
{'client': 'Waitrose', 'time': datetime.datetime(2020, 8, 17, 14, 18, 41, 554606), 'category': 'Shampoo', 'id': 'tPp502437-720153-720154', 'prod_name': 'Aussie Calm The Frizz Shampoo', 'waitrose_Qty': '300ml', 'waitrose_discounted_price': '£4.00', 'waitrose_offer_desc': None, 'waitrose_url': 'https://www.waitrose.com/ecom/shop/browse/groceries/toiletries_health_and_beauty/hair_care/shampoo', 'waitrose_rating': None, 'waitrose_unit_price': '(£1.34/100ml)', 'waitrose_new_flag': None, 'waitrose_prod_name': 'Aussie Calm The Frizz Shampoo 300ml', 'images': []}
DEBUG: Scraped from <200 https://www.waitrose.com/ecom/shop/browse/groceries/toiletries_health_and_beauty/hair_care/shampoo>
{'client': 'Waitrose', 'time': datetime.datetime(2020, 8, 17, 14, 18, 41, 554606), 'category': 'Shampoo', 'id': 'tPp844892-695845-695846', 'prod_name': 'Head & Shoulders Colour Protect', 'waitrose_Qty': '400ml', 'waitrose_discounted_price': '£5.00', 'waitrose_offer_desc': None, 'waitrose_url': 'https://www.waitrose.com/ecom/shop/browse/groceries/toiletries_health_and_beauty/hair_care/shampoo', 'waitrose_rating': None, 'waitrose_unit_price': '(£1.25/100ml)', 'waitrose_new_flag': None, 'waitrose_prod_name': 'Head & Shoulders Colour Protect 400ml', 'images': []}
DEBUG: Scraped from <200 https://www.waitrose.com/ecom/shop/browse/groceries/toiletries_health_and_beauty/hair_care/shampoo>
{'client': 'Waitrose', 'time': datetime.datetime(2020, 8, 17, 14, 18, 41, 554606), 'category': 'Shampoo', 'id': 'tPp703131-695681-695682', 'prod_name': 'Head & Shoulders Repair Shampoo', 'waitrose_Qty': '400ml', 'waitrose_discounted_price': '£5.00', 'waitrose_offer_desc': None, 'waitrose_url': 'https://www.waitrose.com/ecom/shop/browse/groceries/toiletries_health_and_beauty/hair_care/shampoo', 'waitrose_rating': '4', 'waitrose_unit_price': '(£1.25/100ml)', 'waitrose_new_flag': None, 'waitrose_prod_name': 'Head & Shoulders Repair Shampoo 400ml', 'images': []}
DEBUG: Scraped from <200 https://www.waitrose.com/ecom/shop/browse/groceries/toiletries_health_and_beauty/hair_care/shampoo>
{'client': 'Waitrose', 'time': datetime.datetime(2020, 8, 17, 14, 18, 41, 554606), 'category': 'Shampoo', 'id': 'tPp631829-695597-695598', 'prod_name': 'Noughty Detox Dynamo Shampoo', 'waitrose_Qty': '250ml', 'waitrose_discounted_price': '£7.00', 'waitrose_offer_desc': None, 'waitrose_url': 'https://www.waitrose.com/ecom/shop/browse/groceries/toiletries_health_and_beauty/hair_care/shampoo', 'waitrose_rating': None, 'waitrose_unit_price': '(£2.80/100ml)', 'waitrose_new_flag': None, 'waitrose_prod_name': 'Noughty Detox Dynamo Shampoo 250ml', 'images': []}
DEBUG: Scraped from <200 https://www.waitrose.com/ecom/shop/browse/groceries/toiletries_health_and_beauty/hair_care/shampoo>
{'client': 'Waitrose', 'time': datetime.datetime(2020, 8, 17, 14, 18, 41, 554606), 'category': 'Shampoo', 'id': 'tPp414862-695397-695398', 'prod_name': 'Noughty Wave Hello Shampoo', 'waitrose_Qty': '250ml', 'waitrose_discounted_price': '£7.00', 'waitrose_offer_desc': None, 'waitrose_url': 'https://www.waitrose.com/ecom/shop/browse/groceries/toiletries_health_and_beauty/hair_care/shampoo', 'waitrose_rating': None, 'waitrose_unit_price': '(£2.80/100ml)', 'waitrose_new_flag': None, 'waitrose_prod_name': 'Noughty Wave Hello Shampoo 250ml', 'images': []}
DEBUG: Scraped from <200 https://www.waitrose.com/ecom/shop/browse/groceries/toiletries_health_and_beauty/hair_care/shampoo>
{'client': 'Waitrose', 'time': datetime.datetime(2020, 8, 17, 14, 18, 41, 554606), 'category': 'Shampoo', 'id': 'tPp725372-631511-631512', 'prod_name': 'Hask Moni Coconut Oil Shampoo', 'waitrose_Qty': '355ml', 'waitrose_discounted_price': '£7.00', 'waitrose_offer_desc': None, 'waitrose_url': 'https://www.waitrose.com/ecom/shop/browse/groceries/toiletries_health_and_beauty/hair_care/shampoo', 'waitrose_rating': None, 'waitrose_unit_price': '(£1.98/100ml)', 'waitrose_new_flag': None, 'waitrose_prod_name': 'Hask Moni Coconut Oil Shampoo 355ml', 'images': []}
DEBUG: Scraped from <200 https://www.waitrose.com/ecom/shop/browse/groceries/toiletries_health_and_beauty/hair_care/shampoo>
{'client': 'Waitrose', 'time': datetime.datetime(2020, 8, 17, 14, 18, 41, 554606), 'category': 'Shampoo', 'id': 'tPp583946-82773-82774', 'prod_name': "Neal's Yard Lavender Shampoo", 'waitrose_Qty': '200ml', 'waitrose_discounted_price': '£11.50', 'waitrose_offer_desc': None, 'waitrose_url': 'https://www.waitrose.com/ecom/shop/browse/groceries/toiletries_health_and_beauty/hair_care/shampoo', 'waitrose_rating': '2.3', 'waitrose_unit_price': '(£5.75/100ml)', 'waitrose_new_flag': None, 'waitrose_prod_name': "Neal's Yard Lavender Shampoo 200ml", 'images': []}
DEBUG: Scraped from <200 https://www.waitrose.com/ecom/shop/browse/groceries/toiletries_health_and_beauty/hair_care/shampoo>
{'client': 'Waitrose', 'time': datetime.datetime(2020, 8, 17, 14, 18, 41, 554606), 'category': 'Shampoo', 'id': 'tPp547359-720175-720176', 'prod_name': 'Maui Moisture Bamboo Shampoo', 'waitrose_Qty': '385ml', 'waitrose_discounted_price': '£9.00', 'waitrose_offer_desc': None, 'waitrose_url': 'https://www.waitrose.com/ecom/shop/browse/groceries/toiletries_health_and_beauty/hair_care/shampoo', 'waitrose_rating': '5', 'waitrose_unit_price': '(£2.34/100ml)', 'waitrose_new_flag': None, 'waitrose_prod_name': 'Maui Moisture Bamboo Shampoo 385ml', 'images': []}
DEBUG: Scraped from <200 https://www.waitrose.com/ecom/shop/browse/groceries/toiletries_health_and_beauty/hair_care/shampoo>
{'client': 'Waitrose', 'time': datetime.datetime(2020, 8, 17, 14, 18, 41, 554606), 'category': 'Shampoo', 'id': 'tPp663502-695641-695642', 'prod_name': 'Noughty To The Rescue Shampoo', 'waitrose_Qty': '250ml', 'waitrose_discounted_price': '£7.00', 'waitrose_offer_desc': None, 'waitrose_url': 'https://www.waitrose.com/ecom/shop/browse/groceries/toiletries_health_and_beauty/hair_care/shampoo', 'waitrose_rating': '5', 'waitrose_unit_price': '(£2.80/100ml)', 'waitrose_new_flag': None, 'waitrose_prod_name': 'Noughty To The Rescue Shampoo 250ml', 'images': []}
DEBUG: Scraped from <200 https://www.waitrose.com/ecom/shop/browse/groceries/toiletries_health_and_beauty/hair_care/shampoo>
{'client': 'Waitrose', 'time': datetime.datetime(2020, 8, 17, 14, 18, 41, 554606), 'category': 'Shampoo', 'id': 'tPp453160-695433-695434', 'prod_name': 'Argan+ Long & Strong Shampoo', 'waitrose_Qty': '300ml', 'waitrose_discounted_price': '£6.00', 'waitrose_offer_desc': None, 'waitrose_url': 'https://www.waitrose.com/ecom/shop/browse/groceries/toiletries_health_and_beauty/hair_care/shampoo', 'waitrose_rating': None, 'waitrose_unit_price': '(£2/100ml)', 'waitrose_new_flag': None, 'waitrose_prod_name': 'Argan+ Long & Strong Shampoo 300ml', 'images': []}
DEBUG: Scraped from <200 https://www.waitrose.com/ecom/shop/browse/groceries/toiletries_health_and_beauty/hair_care/shampoo>
{'client': 'Waitrose', 'time': datetime.datetime(2020, 8, 17, 14, 18, 41, 554606), 'category': 'Shampoo', 'id': 'tPp591666-681031-681032', 'prod_name': 'Pure Grace Shower Gel', 'waitrose_Qty': '480ml', 'waitrose_discounted_price': '£19.50', 'waitrose_offer_desc': None, 'waitrose_url': 'https://www.waitrose.com/ecom/shop/browse/groceries/toiletries_health_and_beauty/hair_care/shampoo', 'waitrose_rating': None, 'waitrose_unit_price': '(£4.07/100ml)', 'waitrose_new_flag': None, 'waitrose_prod_name': 'Pure Grace Shower Gel 480ml', 'images': []}
DEBUG: Scraped from <200 https://www.waitrose.com/ecom/shop/browse/groceries/toiletries_health_and_beauty/hair_care/shampoo>
{'client': 'Waitrose', 'time': datetime.datetime(2020, 8, 17, 14, 18, 41, 554606), 'category': 'Shampoo', 'id': 'tPp711086-652694-652695', 'prod_name': 'Head & Shoulders Supreme Moisture', 'waitrose_Qty': '400ml', 'waitrose_discounted_price': '£5.15', 'waitrose_offer_desc': None, 'waitrose_url': 'https://www.waitrose.com/ecom/shop/browse/groceries/toiletries_health_and_beauty/hair_care/shampoo', 'waitrose_rating': None, 'waitrose_unit_price': '(£1.29/100ml)', 'waitrose_new_flag': None, 'waitrose_prod_name': 'Head & Shoulders Supreme Moisture 400ml', 'images': []}
DEBUG: Scraped from <200 https://www.waitrose.com/ecom/shop/browse/groceries/toiletries_health_and_beauty/hair_care/shampoo>
{'client': 'Waitrose', 'time': datetime.datetime(2020, 8, 17, 14, 18, 41, 554606), 'category': 'Shampoo', 'id': 'tPp502050-631293-631294', 'prod_name': 'Hask Argan Oil Repairing Shampoo', 'waitrose_Qty': '355ml', 'waitrose_discounted_price': '£7.00', 'waitrose_offer_desc': None, 'waitrose_url': 'https://www.waitrose.com/ecom/shop/browse/groceries/toiletries_health_and_beauty/hair_care/shampoo', 'waitrose_rating': '3.7', 'waitrose_unit_price': '(£1.98/100ml)', 'waitrose_new_flag': None, 'waitrose_prod_name': 'Hask Argan Oil Repairing Shampoo 355ml', 'images': []}
DEBUG: Scraped from <200 https://www.waitrose.com/ecom/shop/browse/groceries/toiletries_health_and_beauty/hair_care/shampoo>
{'client': 'Waitrose', 'time': datetime.datetime(2020, 8, 17, 14, 18, 41, 554606), 'category': 'Shampoo', 'id': 'tPp755186-495024-495025', 'prod_name': 'DGJ Colour Save Shampoo', 'waitrose_Qty': '250ml', 'waitrose_discounted_price': '£5.00', 'waitrose_offer_desc': None, 'waitrose_url': 'https://www.waitrose.com/ecom/shop/browse/groceries/toiletries_health_and_beauty/hair_care/shampoo', 'waitrose_rating': None, 'waitrose_unit_price': '(£2/100ml)', 'waitrose_new_flag': None, 'waitrose_prod_name': 'DGJ Colour Save Shampoo 250ml', 'images': []}
DEBUG: Scraped from <200 https://www.waitrose.com/ecom/shop/browse/groceries/toiletries_health_and_beauty/hair_care/shampoo>
{'client': 'Waitrose', 'time': datetime.datetime(2020, 8, 17, 14, 18, 41, 554606), 'category': 'Shampoo', 'id': 'tPp745828-495012-495013', 'prod_name': 'DGJ Kids Lice Repel Shampoo', 'waitrose_Qty': '250ml', 'waitrose_discounted_price': '£3.50', 'waitrose_offer_desc': None, 'waitrose_url': 'https://www.waitrose.com/ecom/shop/browse/groceries/toiletries_health_and_beauty/hair_care/shampoo', 'waitrose_rating': None, 'waitrose_unit_price': '(£1.40/100ml)', 'waitrose_new_flag': None, 'waitrose_prod_name': 'DGJ Kids Lice Repel Shampoo 250ml', 'images': []}
DEBUG: Scraped from <200 https://www.waitrose.com/ecom/shop/browse/groceries/toiletries_health_and_beauty/hair_care/shampoo>
{'client': 'Waitrose', 'time': datetime.datetime(2020, 8, 17, 14, 18, 41, 554606), 'category': 'Shampoo', 'id': 'tPp807825-473364-473365', 'prod_name': 'SenSpa Deep Cleanse Shampoo', 'waitrose_Qty': '250ml', 'waitrose_discounted_price': '£6.00', 'waitrose_offer_desc': None, 'waitrose_url': 'https://www.waitrose.com/ecom/shop/browse/groceries/toiletries_health_and_beauty/hair_care/shampoo', 'waitrose_rating': '3.7', 'waitrose_unit_price': '(£2.40/100ml)', 'waitrose_new_flag': None, 'waitrose_prod_name': 'SenSpa Deep Cleanse Shampoo 250ml', 'images': []}
DEBUG: Scraped from <200 https://www.waitrose.com/ecom/shop/browse/groceries/toiletries_health_and_beauty/hair_care/shampoo>
{'client': 'Waitrose', 'time': datetime.datetime(2020, 8, 17, 14, 18, 41, 554606), 'category': 'Shampoo', 'id': 'tPp816738-442231-442232', 'prod_name': 'SensSpa Nourishing Shampoo', 'waitrose_Qty': '250ml', 'waitrose_discounted_price': '£6.00', 'waitrose_offer_desc': None, 'waitrose_url': 'https://www.waitrose.com/ecom/shop/browse/groceries/toiletries_health_and_beauty/hair_care/shampoo', 'waitrose_rating': '2.6', 'waitrose_unit_price': '(£2.40/100ml)', 'waitrose_new_flag': None, 'waitrose_prod_name': 'SensSpa Nourishing Shampoo 250ml', 'images': []}
DEBUG: Scraped from <200 https://www.waitrose.com/ecom/shop/browse/groceries/toiletries_health_and_beauty/hair_care/shampoo>
{'client': 'Waitrose', 'time': datetime.datetime(2020, 8, 17, 14, 18, 41, 554606), 'category': 'Shampoo', 'id': 'tPp567431-729696-729697', 'prod_name': 'Batiste Dry Shampoo for Blondes', 'waitrose_Qty': '200ml', 'waitrose_discounted_price': '£4.00', 'waitrose_offer_desc': None, 'waitrose_url': 'https://www.waitrose.com/ecom/shop/browse/groceries/toiletries_health_and_beauty/hair_care/shampoo', 'waitrose_rating': None, 'waitrose_unit_price': '(£2/100ml)', 'waitrose_new_flag': 'NEW', 'waitrose_prod_name': 'Batiste Dry Shampoo for Blondes 200ml', 'images': []}
DEBUG: Scraped from <200 https://www.waitrose.com/ecom/shop/browse/groceries/toiletries_health_and_beauty/hair_care/shampoo>
{'client': 'Waitrose', 'time': datetime.datetime(2020, 8, 17, 14, 18, 41, 554606), 'category': 'Shampoo', 'id': 'tPp808436-720325-720326', 'prod_name': 'Hask Biotin Boost Shampoo', 'waitrose_Qty': '355ml', 'waitrose_discounted_price': '£7.00', 'waitrose_offer_desc': None, 'waitrose_url': 'https://www.waitrose.com/ecom/shop/browse/groceries/toiletries_health_and_beauty/hair_care/shampoo', 'waitrose_rating': None, 'waitrose_unit_price': '(£1.98/100ml)', 'waitrose_new_flag': None, 'waitrose_prod_name': 'Hask Biotin Boost Shampoo 355ml', 'images': []}
DEBUG: Scraped from <200 https://www.waitrose.com/ecom/shop/browse/groceries/toiletries_health_and_beauty/hair_care/shampoo>
{'client': 'Waitrose', 'time': datetime.datetime(2020, 8, 17, 14, 18, 41, 554606), 'category': 'Shampoo', 'id': 'tPp567481-719558-719559', 'prod_name': 'Fit Kit Gentle Shampoo &Conditioner', 'waitrose_Qty': '200ml', 'waitrose_discounted_price': '£3.99', 'waitrose_offer_desc': None, 'waitrose_url': 'https://www.waitrose.com/ecom/shop/browse/groceries/toiletries_health_and_beauty/hair_care/shampoo', 'waitrose_rating': '5', 'waitrose_unit_price': '(£2/100ml)', 'waitrose_new_flag': None, 'waitrose_prod_name': 'Fit Kit Gentle Shampoo &Conditioner 200ml', 'images': []}
DEBUG: Scraped from <200 https://www.waitrose.com/ecom/shop/browse/groceries/toiletries_health_and_beauty/hair_care/shampoo>
{'client': 'Waitrose', 'time': datetime.datetime(2020, 8, 17, 14, 18, 41, 554606), 'category': 'Shampoo', 'id': 'tPp852396-695857-695858', 'prod_name': 'BECO. Honey Blossom Shampoo Bar', 'waitrose_Qty': '90g', 'waitrose_discounted_price': '£4.00', 'waitrose_offer_desc': None, 'waitrose_url': 'https://www.waitrose.com/ecom/shop/browse/groceries/toiletries_health_and_beauty/hair_care/shampoo', 'waitrose_rating': '4.9', 'waitrose_unit_price': '(£4.45/100g)', 'waitrose_new_flag': None, 'waitrose_prod_name': 'BECO. Honey Blossom Shampoo Bar 90g', 'images': []}
DEBUG: Scraped from <200 https://www.waitrose.com/ecom/shop/browse/groceries/toiletries_health_and_beauty/hair_care/shampoo>
{'client': 'Waitrose', 'time': datetime.datetime(2020, 8, 17, 14, 18, 41, 554606), 'category': 'Shampoo', 'id': 'tPp657930-695639-695640', 'prod_name': 'Noughty Pumped Up Shampoo', 'waitrose_Qty': '250ml', 'waitrose_discounted_price': '£7.00', 'waitrose_offer_desc': None, 'waitrose_url': 'https://www.waitrose.com/ecom/shop/browse/groceries/toiletries_health_and_beauty/hair_care/shampoo', 'waitrose_rating': '5', 'waitrose_unit_price': '(£2.80/100ml)', 'waitrose_new_flag': None, 'waitrose_prod_name': 'Noughty Pumped Up Shampoo 250ml', 'images': []}
DEBUG: Scraped from <200 https://www.waitrose.com/ecom/shop/browse/groceries/toiletries_health_and_beauty/hair_care/shampoo>
{'client': 'Waitrose', 'time': datetime.datetime(2020, 8, 17, 14, 18, 41, 554606), 'category': 'Shampoo', 'id': 'tPp649492-695625-695626', 'prod_name': 'Vosene Kids 2in1 Melon Shampoo', 'waitrose_Qty': '250ml', 'waitrose_discounted_price': '£2.00', 'waitrose_offer_desc': None, 'waitrose_url': 'https://www.waitrose.com/ecom/shop/browse/groceries/toiletries_health_and_beauty/hair_care/shampoo', 'waitrose_rating': None, 'waitrose_unit_price': '(80p/100ml)', 'waitrose_new_flag': None, 'waitrose_prod_name': 'Vosene Kids 2in1 Melon Shampoo 250ml', 'images': []}
DEBUG: Scraped from <200 https://www.waitrose.com/ecom/shop/browse/groceries/toiletries_health_and_beauty/hair_care/shampoo>
{'client': 'Waitrose', 'time': datetime.datetime(2020, 8, 17, 14, 18, 41, 554606), 'category': 'Shampoo', 'id': 'tPp603087-695555-695556', 'prod_name': 'Noughty Colour Bomb Shampoo', 'waitrose_Qty': '250ml', 'waitrose_discounted_price': '£7.00', 'waitrose_offer_desc': None, 'waitrose_url': 'https://www.waitrose.com/ecom/shop/browse/groceries/toiletries_health_and_beauty/hair_care/shampoo', 'waitrose_rating': '3', 'waitrose_unit_price': '(£2.80/100ml)', 'waitrose_new_flag': None, 'waitrose_prod_name': 'Noughty Colour Bomb Shampoo 250ml', 'images': []}
DEBUG: Scraped from <200 https://www.waitrose.com/ecom/shop/browse/groceries/toiletries_health_and_beauty/hair_care/shampoo>
{'client': 'Waitrose', 'time': datetime.datetime(2020, 8, 17, 14, 18, 41, 554606), 'category': 'Shampoo', 'id': 'tPp530991-695493-695494', 'prod_name': 'John Frieda Shampoo Detox & Repair', 'waitrose_Qty': '250ml', 'waitrose_discounted_price': '£6.00', 'waitrose_offer_desc': None, 'waitrose_url': 'https://www.waitrose.com/ecom/shop/browse/groceries/toiletries_health_and_beauty/hair_care/shampoo', 'waitrose_rating': None, 'waitrose_unit_price': '(£2.40/100ml)', 'waitrose_new_flag': None, 'waitrose_prod_name': 'John Frieda Shampoo Detox & Repair 250ml', 'images': []}
DEBUG: Scraped from <200 https://www.waitrose.com/ecom/shop/browse/groceries/toiletries_health_and_beauty/hair_care/shampoo>
{'client': 'Waitrose', 'time': datetime.datetime(2020, 8, 17, 14, 18, 41, 554606), 'category': 'Shampoo', 'id': 'tPp895328-495224-495225', 'prod_name': 'DGJ Kids Detangle Shampoo', 'waitrose_Qty': '250ml', 'waitrose_discounted_price': '£3.50', 'waitrose_offer_desc': None, 'waitrose_url': 'https://www.waitrose.com/ecom/shop/browse/groceries/toiletries_health_and_beauty/hair_care/shampoo', 'waitrose_rating': None, 'waitrose_unit_price': '(£1.40/100ml)', 'waitrose_new_flag': None, 'waitrose_prod_name': 'DGJ Kids Detangle Shampoo 250ml', 'images': []}
DEBUG: Scraped from <200 https://www.waitrose.com/ecom/shop/browse/groceries/toiletries_health_and_beauty/hair_care/shampoo>
{'client': 'Waitrose', 'time': datetime.datetime(2020, 8, 17, 14, 18, 41, 554606), 'category': 'Shampoo', 'id': 'tPp702159-494964-494965', 'prod_name': 'DGJ Argan Oil Shampoo', 'waitrose_Qty': '250ml', 'waitrose_discounted_price': '£5.00', 'waitrose_offer_desc': None, 'waitrose_url': 'https://www.waitrose.com/ecom/shop/browse/groceries/toiletries_health_and_beauty/hair_care/shampoo', 'waitrose_rating': None, 'waitrose_unit_price': '(£2/100ml)', 'waitrose_new_flag': None, 'waitrose_prod_name': 'DGJ Argan Oil Shampoo 250ml', 'images': []}
DEBUG: Scraped from <200 https://www.waitrose.com/ecom/shop/browse/groceries/toiletries_health_and_beauty/hair_care/shampoo>
{'client': 'Waitrose', 'time': datetime.datetime(2020, 8, 17, 14, 18, 41, 554606), 'category': 'Shampoo', 'id': 'tPp623864-695587-695588', 'prod_name': 'Noughty Care Taker Shampoo', 'waitrose_Qty': '250ml', 'waitrose_discounted_price': '£7.00', 'waitrose_offer_desc': None, 'waitrose_url': 'https://www.waitrose.com/ecom/shop/browse/groceries/toiletries_health_and_beauty/hair_care/shampoo', 'waitrose_rating': '4', 'waitrose_unit_price': '(£2.80/100ml)', 'waitrose_new_flag': None, 'waitrose_prod_name': 'Noughty Care Taker Shampoo 250ml', 'images': []}
DEBUG: Scraped from <200 https://www.waitrose.com/ecom/shop/browse/groceries/toiletries_health_and_beauty/hair_care/shampoo>
{'client': 'Waitrose', 'time': datetime.datetime(2020, 8, 17, 14, 18, 41, 554606), 'category': 'Shampoo', 'id': 'tPp747801-683764-683765', 'prod_name': 'Aussie Shampoo Scent-sational', 'waitrose_Qty': '300ml', 'waitrose_discounted_price': '£4.00', 'waitrose_offer_desc': None, 'waitrose_url': 'https://www.waitrose.com/ecom/shop/browse/groceries/toiletries_health_and_beauty/hair_care/shampoo', 'waitrose_rating': '5', 'waitrose_unit_price': '(£1.34/100ml)', 'waitrose_new_flag': None, 'waitrose_prod_name': 'Aussie Shampoo Scent-sational 300ml', 'images': []}
DEBUG: Scraped from <200 https://www.waitrose.com/ecom/shop/browse/groceries/toiletries_health_and_beauty/hair_care/shampoo>
{'client': 'Waitrose', 'time': datetime.datetime(2020, 8, 17, 14, 18, 41, 554606), 'category': 'Shampoo', 'id': 'tPp401660-588303-588304', 'prod_name': 'Richard Ward Brunette Shampoo', 'waitrose_Qty': '250ml', 'waitrose_discounted_price': '£6.00', 'waitrose_offer_desc': None, 'waitrose_url': 'https://www.waitrose.com/ecom/shop/browse/groceries/toiletries_health_and_beauty/hair_care/shampoo', 'waitrose_rating': '5', 'waitrose_unit_price': '(£2.40/100ml)', 'waitrose_new_flag': None, 'waitrose_prod_name': 'Richard Ward Brunette Shampoo 250ml', 'images': []}
DEBUG: Scraped from <200 https://www.waitrose.com/ecom/shop/browse/groceries/toiletries_health_and_beauty/hair_care/shampoo>
{'client': 'Waitrose', 'time': datetime.datetime(2020, 8, 17, 14, 18, 41, 554606), 'category': 'Shampoo', 'id': 'tPp407272-440973-440974', 'prod_name': 'Richard Ward Chelsea Cleanse & Condition', 'waitrose_Qty': '250ml', 'waitrose_discounted_price': '£6.00', 'waitrose_offer_desc': None, 'waitrose_url': 'https://www.waitrose.com/ecom/shop/browse/groceries/toiletries_health_and_beauty/hair_care/shampoo', 'waitrose_rating': '3.7', 'waitrose_unit_price': '(£2.40/100ml)', 'waitrose_new_flag': None, 'waitrose_prod_name': 'Richard Ward Chelsea Cleanse & Condition 250ml', 'images': []}
DEBUG: Scraped from <200 https://www.waitrose.com/ecom/shop/browse/groceries/toiletries_health_and_beauty/hair_care/shampoo>
{'client': 'Waitrose', 'time': datetime.datetime(2020, 8, 17, 14, 18, 41, 554606), 'category': 'Shampoo', 'id': 'tPp686838-346630-346631', 'prod_name': 'Richard Ward argan antiageing shampoo', 'waitrose_Qty': '250ml', 'waitrose_discounted_price': '£6.00', 'waitrose_offer_desc': None, 'waitrose_url': 'https://www.waitrose.com/ecom/shop/browse/groceries/toiletries_health_and_beauty/hair_care/shampoo', 'waitrose_rating': '4.1', 'waitrose_unit_price': '(£2.40/100ml)', 'waitrose_new_flag': None, 'waitrose_prod_name': 'Richard Ward argan antiageing shampoo 250ml', 'images': []}
INFO: Closing spider (finished)
INFO: Stored json feed (140 items) in: waitrose_081720.json
INFO: Dumping Scrapy stats:
{'downloader/request_bytes': 2588,
 'downloader/request_count': 1,
 'downloader/request_method_count/POST': 1,
 'downloader/response_bytes': 1502427,
 'downloader/response_count': 1,
 'downloader/response_status_count/200': 1,
 'finish_reason': 'finished',
 'finish_time': datetime.datetime(2020, 8, 17, 8, 50, 1, 793685),
 'item_scraped_count': 140,
 'log_count/DEBUG': 141,
 'log_count/INFO': 11,
 'log_count/WARNING': 1,
 'response_received_count': 1,
 'scheduler/dequeued': 2,
 'scheduler/dequeued/memory': 2,
 'scheduler/enqueued': 2,
 'scheduler/enqueued/memory': 2,
 'splash/execute/request_count': 1,
 'splash/execute/response_count/200': 1,
 'start_time': datetime.datetime(2020, 8, 17, 8, 48, 41, 838609)}
INFO: Spider closed (finished)
INFO: Scrapy 1.6.0 started (bot: waitrose)
INFO: Versions: lxml 4.5.1.0, libxml2 2.9.10, cssselect 1.1.0, parsel 1.6.0, w3lib 1.22.0, Twisted 20.3.0, Python 3.7.7 (default, May  6 2020, 11:45:54) [MSC v.1916 64 bit (AMD64)], pyOpenSSL 19.1.0 (OpenSSL 1.1.1g  21 Apr 2020), cryptography 2.9.2, Platform Windows-10-10.0.18362-SP0
INFO: Overridden settings: {'BOT_NAME': 'waitrose', 'DOWNLOAD_TIMEOUT': 1200, 'DUPEFILTER_CLASS': 'scrapy_splash.SplashAwareDupeFilter', 'FEED_EXPORT_ENCODING': 'utf-8', 'NEWSPIDER_MODULE': 'waitrose.spiders', 'SPIDER_MODULES': ['waitrose.spiders']}
INFO: Telnet Password: 1f02db0117d7ce93
INFO: Enabled extensions:
['scrapy.extensions.corestats.CoreStats',
 'scrapy.extensions.telnet.TelnetConsole',
 'scrapy.extensions.logstats.LogStats']
INFO: Enabled downloader middlewares:
['scrapy.downloadermiddlewares.httpauth.HttpAuthMiddleware',
 'scrapy.downloadermiddlewares.downloadtimeout.DownloadTimeoutMiddleware',
 'scrapy.downloadermiddlewares.defaultheaders.DefaultHeadersMiddleware',
 'scrapy.downloadermiddlewares.useragent.UserAgentMiddleware',
 'scrapy.downloadermiddlewares.retry.RetryMiddleware',
 'scrapy.downloadermiddlewares.redirect.MetaRefreshMiddleware',
 'scrapy.downloadermiddlewares.redirect.RedirectMiddleware',
 'scrapy.downloadermiddlewares.cookies.CookiesMiddleware',
 'scrapy_splash.SplashCookiesMiddleware',
 'scrapy_splash.SplashMiddleware',
 'scrapy.downloadermiddlewares.httpproxy.HttpProxyMiddleware',
 'scrapy.downloadermiddlewares.httpcompression.HttpCompressionMiddleware',
 'scrapy.downloadermiddlewares.stats.DownloaderStats']
INFO: Enabled spider middlewares:
['scrapy.spidermiddlewares.httperror.HttpErrorMiddleware',
 'scrapy_splash.SplashDeduplicateArgsMiddleware',
 'scrapy.spidermiddlewares.offsite.OffsiteMiddleware',
 'scrapy.spidermiddlewares.referer.RefererMiddleware',
 'scrapy.spidermiddlewares.urllength.UrlLengthMiddleware',
 'scrapy.spidermiddlewares.depth.DepthMiddleware']
INFO: Enabled item pipelines:
['waitrose.pipelines.ImageDownloaderPipeline',
 'waitrose.pipelines.SQLlitePipeline']
INFO: Spider opened
INFO: Crawled 0 pages (at 0 pages/min), scraped 0 items (at 0 items/min)
INFO: Telnet console listening on 127.0.0.1:6023
INFO: Crawled 0 pages (at 0 pages/min), scraped 0 items (at 0 items/min)
DEBUG: Crawled (200) <GET https://www.waitrose.com/ecom/shop/browse/groceries/toiletries_health_and_beauty/hair_care/shampoo via http://192.168.1.9:8050/execute> (referer: None)
DEBUG: Scraped from <200 https://www.waitrose.com/ecom/shop/browse/groceries/toiletries_health_and_beauty/hair_care/shampoo>
{'image_name': ['head shoulders shampoo classic 500'], 'images': []}
DEBUG: Scraped from <200 https://www.waitrose.com/ecom/shop/browse/groceries/toiletries_health_and_beauty/hair_care/shampoo>
{'image_name': ['pantene classic clean shampoo 500'], 'images': []}
DEBUG: Scraped from <200 https://www.waitrose.com/ecom/shop/browse/groceries/toiletries_health_and_beauty/hair_care/shampoo>
{'image_name': ['waitrose pure purifying shampoo 250'], 'images': []}
DEBUG: Scraped from <200 https://www.waitrose.com/ecom/shop/browse/groceries/toiletries_health_and_beauty/hair_care/shampoo>
{'image_name': ['head shoulders 2in1 classic clean 450'], 'images': []}
DEBUG: Scraped from <200 https://www.waitrose.com/ecom/shop/browse/groceries/toiletries_health_and_beauty/hair_care/shampoo>
{'image_name': ['head shoulders itchy scalp shampoo 500'], 'images': []}
DEBUG: Scraped from <200 https://www.waitrose.com/ecom/shop/browse/groceries/toiletries_health_and_beauty/hair_care/shampoo>
{'image_name': ['aussie miracle moist shampoo 500'], 'images': []}
DEBUG: Scraped from <200 https://www.waitrose.com/ecom/shop/browse/groceries/toiletries_health_and_beauty/hair_care/shampoo>
{'image_name': ['pantene volume body shampoo 500'], 'images': []}
DEBUG: Scraped from <200 https://www.waitrose.com/ecom/shop/browse/groceries/toiletries_health_and_beauty/hair_care/shampoo>
{'image_name': ['herbal essences clean shampoo 400'], 'images': []}
DEBUG: Scraped from <200 https://www.waitrose.com/ecom/shop/browse/groceries/toiletries_health_and_beauty/hair_care/shampoo>
{'image_name': ['herbal essences repair shampoo 400'], 'images': []}
DEBUG: Scraped from <200 https://www.waitrose.com/ecom/shop/browse/groceries/toiletries_health_and_beauty/hair_care/shampoo>
{'image_name': ['pantene repair protect shampoo 500'], 'images': []}
DEBUG: Scraped from <200 https://www.waitrose.com/ecom/shop/browse/groceries/toiletries_health_and_beauty/hair_care/shampoo>
{'image_name': ['herbal essences hydrate shampoo 400'], 'images': []}
DEBUG: Scraped from <200 https://www.waitrose.com/ecom/shop/browse/groceries/toiletries_health_and_beauty/hair_care/shampoo>
{'image_name': ['aussie mega shampoo 500'], 'images': []}
DEBUG: Scraped from <200 https://www.waitrose.com/ecom/shop/browse/groceries/toiletries_health_and_beauty/hair_care/shampoo>
{'image_name': ['essential daily care shampoo 300'], 'images': []}
DEBUG: Scraped from <200 https://www.waitrose.com/ecom/shop/browse/groceries/toiletries_health_and_beauty/hair_care/shampoo>
{'image_name': ['pantene smooth sleek shampoo 500'], 'images': []}
DEBUG: Scraped from <200 https://www.waitrose.com/ecom/shop/browse/groceries/toiletries_health_and_beauty/hair_care/shampoo>
{'image_name': ['ogx biotin collagen shampoo 385'], 'images': []}
DEBUG: Scraped from <200 https://www.waitrose.com/ecom/shop/browse/groceries/toiletries_health_and_beauty/hair_care/shampoo>
{'image_name': ['pantene 3 in 1 classic clean 450'], 'images': []}
DEBUG: Scraped from <200 https://www.waitrose.com/ecom/shop/browse/groceries/toiletries_health_and_beauty/hair_care/shampoo>
{'image_name': ['essential waitrose nourishing shampoo 300'], 'images': []}
DEBUG: Scraped from <200 https://www.waitrose.com/ecom/shop/browse/groceries/toiletries_health_and_beauty/hair_care/shampoo>
{'image_name': ['ogx argan oil morocco shampoo 385'], 'images': []}
DEBUG: Scraped from <200 https://www.waitrose.com/ecom/shop/browse/groceries/toiletries_health_and_beauty/hair_care/shampoo>
{'image_name': ['ogx coconut milk shampoo 385'], 'images': []}
DEBUG: Scraped from <200 https://www.waitrose.com/ecom/shop/browse/groceries/toiletries_health_and_beauty/hair_care/shampoo>
{'image_name': ['ogx kuku oil shampoo 385'], 'images': []}
DEBUG: Scraped from <200 https://www.waitrose.com/ecom/shop/browse/groceries/toiletries_health_and_beauty/hair_care/shampoo>
{'image_name': ['avalon organics tea tree shampoo 325'], 'images': []}
DEBUG: Scraped from <200 https://www.waitrose.com/ecom/shop/browse/groceries/toiletries_health_and_beauty/hair_care/shampoo>
{'image_name': ['pantene colour protect shampoo 500'], 'images': []}
DEBUG: Scraped from <200 https://www.waitrose.com/ecom/shop/browse/groceries/toiletries_health_and_beauty/hair_care/shampoo>
{'image_name': ['head shoulders shampoo apple fresh 500'], 'images': []}
DEBUG: Scraped from <200 https://www.waitrose.com/ecom/shop/browse/groceries/toiletries_health_and_beauty/hair_care/shampoo>
{'image_name': ['herbal essences aloe mango shampoo 380'], 'images': []}
DEBUG: Scraped from <200 https://www.waitrose.com/ecom/shop/browse/groceries/toiletries_health_and_beauty/hair_care/shampoo>
{'image_name': ['hair biology purple shampoo 250'], 'images': []}
DEBUG: Scraped from <200 https://www.waitrose.com/ecom/shop/browse/groceries/toiletries_health_and_beauty/hair_care/shampoo>
{'image_name': ['herbal essences volume shampoo 400'], 'images': []}
DEBUG: Scraped from <200 https://www.waitrose.com/ecom/shop/browse/groceries/toiletries_health_and_beauty/hair_care/shampoo>
{'image_name': ['eco warrior shampoo bar 100g'], 'images': []}
DEBUG: Scraped from <200 https://www.waitrose.com/ecom/shop/browse/groceries/toiletries_health_and_beauty/hair_care/shampoo>
{'image_name': ['head shoulders smooth shampoo 500'], 'images': []}
DEBUG: Scraped from <200 https://www.waitrose.com/ecom/shop/browse/groceries/toiletries_health_and_beauty/hair_care/shampoo>
{'image_name': ['essential daily care 2 in 1 300'], 'images': []}
DEBUG: Scraped from <200 https://www.waitrose.com/ecom/shop/browse/groceries/toiletries_health_and_beauty/hair_care/shampoo>
{'image_name': ['vosene original shampoo 250'], 'images': []}
DEBUG: Scraped from <200 https://www.waitrose.com/ecom/shop/browse/groceries/toiletries_health_and_beauty/hair_care/shampoo>
{'image_name': ['pantene grow strong shampoo 400'], 'images': []}
DEBUG: Scraped from <200 https://www.waitrose.com/ecom/shop/browse/groceries/toiletries_health_and_beauty/hair_care/shampoo>
{'image_name': ['herbal essences deep repair shampoo 400'], 'images': []}
DEBUG: Scraped from <200 https://www.waitrose.com/ecom/shop/browse/groceries/toiletries_health_and_beauty/hair_care/shampoo>
{'image_name': ['head shoulders shampoo citrus fresh 500'], 'images': []}
DEBUG: Scraped from <200 https://www.waitrose.com/ecom/shop/browse/groceries/toiletries_health_and_beauty/hair_care/shampoo>
{'image_name': ['ogx coconut oil shampoo 385'], 'images': []}
DEBUG: Scraped from <200 https://www.waitrose.com/ecom/shop/browse/groceries/toiletries_health_and_beauty/hair_care/shampoo>
{'image_name': ['aussie aussome volume shampoo 500'], 'images': []}
DEBUG: Scraped from <200 https://www.waitrose.com/ecom/shop/browse/groceries/toiletries_health_and_beauty/hair_care/shampoo>
{'image_name': ['head shoulders coconut shampoo 500'], 'images': []}
DEBUG: Scraped from <200 https://www.waitrose.com/ecom/shop/browse/groceries/toiletries_health_and_beauty/hair_care/shampoo>
{'image_name': ['pantene 3in1 smooth sleek 450'], 'images': []}
DEBUG: Scraped from <200 https://www.waitrose.com/ecom/shop/browse/groceries/toiletries_health_and_beauty/hair_care/shampoo>
{'image_name': ['avalon organics lemon shampoo 325'], 'images': []}
DEBUG: Scraped from <200 https://www.waitrose.com/ecom/shop/browse/groceries/toiletries_health_and_beauty/hair_care/shampoo>
{'image_name': ['aorganic lavender shampoo 325'], 'images': []}
DEBUG: Scraped from <200 https://www.waitrose.com/ecom/shop/browse/groceries/toiletries_health_and_beauty/hair_care/shampoo>
{'image_name': ['ogx brazilian keratin shampoo 385'], 'images': []}
DEBUG: Scraped from <200 https://www.waitrose.com/ecom/shop/browse/groceries/toiletries_health_and_beauty/hair_care/shampoo>
{'image_name': ['tresemme shampoo moisture rich 800'], 'images': []}
DEBUG: Scraped from <200 https://www.waitrose.com/ecom/shop/browse/groceries/toiletries_health_and_beauty/hair_care/shampoo>
{'image_name': ['aussie miracle shine shampoo 500'], 'images': []}
DEBUG: Scraped from <200 https://www.waitrose.com/ecom/shop/browse/groceries/toiletries_health_and_beauty/hair_care/shampoo>
{'image_name': ['head shoulders 2in1 apple fresh 450'], 'images': []}
DEBUG: Scraped from <200 https://www.waitrose.com/ecom/shop/browse/groceries/toiletries_health_and_beauty/hair_care/shampoo>
{'image_name': ['aussie colour mate shampoo 500'], 'images': []}
DEBUG: Scraped from <200 https://www.waitrose.com/ecom/shop/browse/groceries/toiletries_health_and_beauty/hair_care/shampoo>
{'image_name': ['batiste original dry shampoo 200'], 'images': []}
DEBUG: Scraped from <200 https://www.waitrose.com/ecom/shop/browse/groceries/toiletries_health_and_beauty/hair_care/shampoo>
{'image_name': ['john frieda shampoo touchably full 250'], 'images': []}
DEBUG: Scraped from <200 https://www.waitrose.com/ecom/shop/browse/groceries/toiletries_health_and_beauty/hair_care/shampoo>
{'image_name': ['pantene hair biology full vibrant 250'], 'images': []}
DEBUG: Scraped from <200 https://www.waitrose.com/ecom/shop/browse/groceries/toiletries_health_and_beauty/hair_care/shampoo>
{'image_name': ['ogx orchid oil shampoo 385'], 'images': []}
DEBUG: Scraped from <200 https://www.waitrose.com/ecom/shop/browse/groceries/toiletries_health_and_beauty/hair_care/shampoo>
{'image_name': ['head shoulders 2in1 itchy scalp 450'], 'images': []}
DEBUG: Scraped from <200 https://www.waitrose.com/ecom/shop/browse/groceries/toiletries_health_and_beauty/hair_care/shampoo>
{'image_name': ['essential waitrose anti druff 2 in 1 300'], 'images': []}
DEBUG: Scraped from <200 https://www.waitrose.com/ecom/shop/browse/groceries/toiletries_health_and_beauty/hair_care/shampoo>
{'image_name': ['aussie aussome volume shampoo 300'], 'images': []}
DEBUG: Scraped from <200 https://www.waitrose.com/ecom/shop/browse/groceries/toiletries_health_and_beauty/hair_care/shampoo>
{'image_name': ['herbal essences aloe hemp shampoo 380'], 'images': []}
DEBUG: Scraped from <200 https://www.waitrose.com/ecom/shop/browse/groceries/toiletries_health_and_beauty/hair_care/shampoo>
{'image_name': ['neutrogena tgel shampoo dry hair 125'], 'images': []}
DEBUG: Scraped from <200 https://www.waitrose.com/ecom/shop/browse/groceries/toiletries_health_and_beauty/hair_care/shampoo>
{'image_name': ['sheer blonde go blonder shampoo 250'], 'images': []}
DEBUG: Scraped from <200 https://www.waitrose.com/ecom/shop/browse/groceries/toiletries_health_and_beauty/hair_care/shampoo>
{'image_name': ['pantene 3in1 repair protect 450'], 'images': []}
DEBUG: Scraped from <200 https://www.waitrose.com/ecom/shop/browse/groceries/toiletries_health_and_beauty/hair_care/shampoo>
{'image_name': ['dgj thickening shampoo 250'], 'images': []}
DEBUG: Scraped from <200 https://www.waitrose.com/ecom/shop/browse/groceries/toiletries_health_and_beauty/hair_care/shampoo>
{'image_name': ['herbal essences coconut shampoo 250'], 'images': []}
DEBUG: Scraped from <200 https://www.waitrose.com/ecom/shop/browse/groceries/toiletries_health_and_beauty/hair_care/shampoo>
{'image_name': ['frizz ease shampoo miraculous recovery 250'], 'images': []}
DEBUG: Scraped from <200 https://www.waitrose.com/ecom/shop/browse/groceries/toiletries_health_and_beauty/hair_care/shampoo>
{'image_name': ['tresemme shampoo deep cleansing 800'], 'images': []}
DEBUG: Scraped from <200 https://www.waitrose.com/ecom/shop/browse/groceries/toiletries_health_and_beauty/hair_care/shampoo>
{'image_name': ['head shoulders 2in1 citrus care 450'], 'images': []}
DEBUG: Scraped from <200 https://www.waitrose.com/ecom/shop/browse/groceries/toiletries_health_and_beauty/hair_care/shampoo>
{'image_name': ['faith in nature grapefruit shampoo 400'], 'images': []}
DEBUG: Scraped from <200 https://www.waitrose.com/ecom/shop/browse/groceries/toiletries_health_and_beauty/hair_care/shampoo>
{'image_name': ['john frieda violet crush shampoo 250'], 'images': []}
DEBUG: Scraped from <200 https://www.waitrose.com/ecom/shop/browse/groceries/toiletries_health_and_beauty/hair_care/shampoo>
{'image_name': ['batiste blush dry shampoo 200'], 'images': []}
DEBUG: Scraped from <200 https://www.waitrose.com/ecom/shop/browse/groceries/toiletries_health_and_beauty/hair_care/shampoo>
{'image_name': ['ogx charcoal detox shampoo 385'], 'images': []}
DEBUG: Scraped from <200 https://www.waitrose.com/ecom/shop/browse/groceries/toiletries_health_and_beauty/hair_care/shampoo>
{'image_name': ['head shoulders 2in1 smooth silky 450'], 'images': []}
DEBUG: Scraped from <200 https://www.waitrose.com/ecom/shop/browse/groceries/toiletries_health_and_beauty/hair_care/shampoo>
{'image_name': ['head shoulders 2in1 classic clean 225'], 'images': []}
DEBUG: Scraped from <200 https://www.waitrose.com/ecom/shop/browse/groceries/toiletries_health_and_beauty/hair_care/shampoo>
{'image_name': ['head shoulders 2 in 1 total care 225'], 'images': []}
DEBUG: Scraped from <200 https://www.waitrose.com/ecom/shop/browse/groceries/toiletries_health_and_beauty/hair_care/shampoo>
{'image_name': ['aussie miracle moist shampoo 300'], 'images': []}
DEBUG: Scraped from <200 https://www.waitrose.com/ecom/shop/browse/groceries/toiletries_health_and_beauty/hair_care/shampoo>
{'image_name': ['head shoulders shampoo cool menthol 500'], 'images': []}
DEBUG: Scraped from <200 https://www.waitrose.com/ecom/shop/browse/groceries/toiletries_health_and_beauty/hair_care/shampoo>
{'image_name': ['percy reed volumising shampoo 250'], 'images': []}
DEBUG: Scraped from <200 https://www.waitrose.com/ecom/shop/browse/groceries/toiletries_health_and_beauty/hair_care/shampoo>
{'image_name': ['percy reed no fuss dry shampoo 200'], 'images': []}
DEBUG: Scraped from <200 https://www.waitrose.com/ecom/shop/browse/groceries/toiletries_health_and_beauty/hair_care/shampoo>
{'image_name': ['hair biology de frizz shampoo 250'], 'images': []}
DEBUG: Scraped from <200 https://www.waitrose.com/ecom/shop/browse/groceries/toiletries_health_and_beauty/hair_care/shampoo>
{'image_name': ['umberto giannini grow long shampoo 250'], 'images': []}
DEBUG: Scraped from <200 https://www.waitrose.com/ecom/shop/browse/groceries/toiletries_health_and_beauty/hair_care/shampoo>
{'image_name': ['umberto giannini violet shampoo 250'], 'images': []}
DEBUG: Scraped from <200 https://www.waitrose.com/ecom/shop/browse/groceries/toiletries_health_and_beauty/hair_care/shampoo>
{'image_name': ['aorganic peppermint shampoo 325'], 'images': []}
DEBUG: Scraped from <200 https://www.waitrose.com/ecom/shop/browse/groceries/toiletries_health_and_beauty/hair_care/shampoo>
{'image_name': ['aussie blonde purple shampoo 290'], 'images': []}
DEBUG: Scraped from <200 https://www.waitrose.com/ecom/shop/browse/groceries/toiletries_health_and_beauty/hair_care/shampoo>
{'image_name': ['faith in nature wild rose shampoo 400'], 'images': []}
DEBUG: Scraped from <200 https://www.waitrose.com/ecom/shop/browse/groceries/toiletries_health_and_beauty/hair_care/shampoo>
{'image_name': ['john frieda hydrate recharge shampoo 250'], 'images': []}
DEBUG: Scraped from <200 https://www.waitrose.com/ecom/shop/browse/groceries/toiletries_health_and_beauty/hair_care/shampoo>
{'image_name': ['dgj hairjuice shampoo 250'], 'images': []}
DEBUG: Scraped from <200 https://www.waitrose.com/ecom/shop/browse/groceries/toiletries_health_and_beauty/hair_care/shampoo>
{'image_name': ['loreal kids shampoo berry strawberry 250'], 'images': []}
DEBUG: Scraped from <200 https://www.waitrose.com/ecom/shop/browse/groceries/toiletries_health_and_beauty/hair_care/shampoo>
{'image_name': ['neals yard rose shampoo 200'], 'images': []}
DEBUG: Scraped from <200 https://www.waitrose.com/ecom/shop/browse/groceries/toiletries_health_and_beauty/hair_care/shampoo>
{'image_name': ['brilliant brunette protecting shampoo 250'], 'images': []}
DEBUG: Scraped from <200 https://www.waitrose.com/ecom/shop/browse/groceries/toiletries_health_and_beauty/hair_care/shampoo>
{'image_name': ['argan argan oil 5oil miracle shampoo 300'], 'images': []}
DEBUG: Scraped from <200 https://www.waitrose.com/ecom/shop/browse/groceries/toiletries_health_and_beauty/hair_care/shampoo>
{'image_name': ['aussie miracle shine shampoo 300'], 'images': []}
DEBUG: Scraped from <200 https://www.waitrose.com/ecom/shop/browse/groceries/toiletries_health_and_beauty/hair_care/shampoo>
{'image_name': ['aussie mega shampoo 300'], 'images': []}
DEBUG: Scraped from <200 https://www.waitrose.com/ecom/shop/browse/groceries/toiletries_health_and_beauty/hair_care/shampoo>
{'image_name': ['ogx keratin oil shampoo 385'], 'images': []}
DEBUG: Scraped from <200 https://www.waitrose.com/ecom/shop/browse/groceries/toiletries_health_and_beauty/hair_care/shampoo>
{'image_name': ['pantene hair biology illuminating mask 160'], 'images': []}
DEBUG: Scraped from <200 https://www.waitrose.com/ecom/shop/browse/groceries/toiletries_health_and_beauty/hair_care/shampoo>
{'image_name': ['beco spring meadow shampoo bar 90g'], 'images': []}
DEBUG: Scraped from <200 https://www.waitrose.com/ecom/shop/browse/groceries/toiletries_health_and_beauty/hair_care/shampoo>
{'image_name': ['batiste dry shampoo volume 200'], 'images': []}
DEBUG: Scraped from <200 https://www.waitrose.com/ecom/shop/browse/groceries/toiletries_health_and_beauty/hair_care/shampoo>
{'image_name': ['aussie colour mate shampoo 300'], 'images': []}
DEBUG: Scraped from <200 https://www.waitrose.com/ecom/shop/browse/groceries/toiletries_health_and_beauty/hair_care/shampoo>
{'image_name': ['faith in nature lavender shampoo 400'], 'images': []}
DEBUG: Scraped from <200 https://www.waitrose.com/ecom/shop/browse/groceries/toiletries_health_and_beauty/hair_care/shampoo>
{'image_name': ['vosene kids 3in1 tea tree shampoo 250'], 'images': []}
DEBUG: Scraped from <200 https://www.waitrose.com/ecom/shop/browse/groceries/toiletries_health_and_beauty/hair_care/shampoo>
{'image_name': ['frizz ease dream curls shampoo 250'], 'images': []}
DEBUG: Scraped from <200 https://www.waitrose.com/ecom/shop/browse/groceries/toiletries_health_and_beauty/hair_care/shampoo>
{'image_name': ['head shoulders supreme shampoo 400'], 'images': []}
DEBUG: Scraped from <200 https://www.waitrose.com/ecom/shop/browse/groceries/toiletries_health_and_beauty/hair_care/shampoo>
{'image_name': ['herbal essences argan oil shampoo 250'], 'images': []}
DEBUG: Scraped from <200 https://www.waitrose.com/ecom/shop/browse/groceries/toiletries_health_and_beauty/hair_care/shampoo>
{'image_name': ['john frieda shampoo weightless wonder 250'], 'images': []}
DEBUG: Scraped from <200 https://www.waitrose.com/ecom/shop/browse/groceries/toiletries_health_and_beauty/hair_care/shampoo>
{'image_name': ['dgj clarifying shampoo 250'], 'images': []}
DEBUG: Scraped from <200 https://www.waitrose.com/ecom/shop/browse/groceries/toiletries_health_and_beauty/hair_care/shampoo>
{'image_name': ['aussie miracle moist spray 250'], 'images': []}
DEBUG: Scraped from <200 https://www.waitrose.com/ecom/shop/browse/groceries/toiletries_health_and_beauty/hair_care/shampoo>
{'image_name': ['batiste dark deep brown dry shampoo 200'], 'images': []}
DEBUG: Scraped from <200 https://www.waitrose.com/ecom/shop/browse/groceries/toiletries_health_and_beauty/hair_care/shampoo>
{'image_name': ['percy reed hydrating shampoo 250'], 'images': []}
DEBUG: Scraped from <200 https://www.waitrose.com/ecom/shop/browse/groceries/toiletries_health_and_beauty/hair_care/shampoo>
{'image_name': ['umberto giannini curl jelly wash 250'], 'images': []}
DEBUG: Scraped from <200 https://www.waitrose.com/ecom/shop/browse/groceries/toiletries_health_and_beauty/hair_care/shampoo>
{'image_name': ['percy reed wonder wash shampoo 250'], 'images': []}
DEBUG: Scraped from <200 https://www.waitrose.com/ecom/shop/browse/groceries/toiletries_health_and_beauty/hair_care/shampoo>
{'image_name': ['aorganic rosemary shampoo 325'], 'images': []}
DEBUG: Scraped from <200 https://www.waitrose.com/ecom/shop/browse/groceries/toiletries_health_and_beauty/hair_care/shampoo>
{'image_name': ['hask keratin protein smoothing shampoo 355'], 'images': []}
DEBUG: Scraped from <200 https://www.waitrose.com/ecom/shop/browse/groceries/toiletries_health_and_beauty/hair_care/shampoo>
{'image_name': ['argan argan oil rejuvenating shampoo 300'], 'images': []}
DEBUG: Scraped from <200 https://www.waitrose.com/ecom/shop/browse/groceries/toiletries_health_and_beauty/hair_care/shampoo>
{'image_name': ['sheer blonde moisturising shampoo 250'], 'images': []}
DEBUG: Scraped from <200 https://www.waitrose.com/ecom/shop/browse/groceries/toiletries_health_and_beauty/hair_care/shampoo>
{'image_name': ['maui moisture shea butter shampoo 385'], 'images': []}
DEBUG: Scraped from <200 https://www.waitrose.com/ecom/shop/browse/groceries/toiletries_health_and_beauty/hair_care/shampoo>
{'image_name': ['maui moisture hibiscus water 385'], 'images': []}
DEBUG: Scraped from <200 https://www.waitrose.com/ecom/shop/browse/groceries/toiletries_health_and_beauty/hair_care/shampoo>
{'image_name': ['aussie calm the frizz shampoo 300'], 'images': []}
DEBUG: Scraped from <200 https://www.waitrose.com/ecom/shop/browse/groceries/toiletries_health_and_beauty/hair_care/shampoo>
{'image_name': ['head shoulders colour protect 400'], 'images': []}
DEBUG: Scraped from <200 https://www.waitrose.com/ecom/shop/browse/groceries/toiletries_health_and_beauty/hair_care/shampoo>
{'image_name': ['head shoulders repair shampoo 400'], 'images': []}
DEBUG: Scraped from <200 https://www.waitrose.com/ecom/shop/browse/groceries/toiletries_health_and_beauty/hair_care/shampoo>
{'image_name': ['noughty detox dynamo shampoo 250'], 'images': []}
DEBUG: Scraped from <200 https://www.waitrose.com/ecom/shop/browse/groceries/toiletries_health_and_beauty/hair_care/shampoo>
{'image_name': ['noughty wave hello shampoo 250'], 'images': []}
DEBUG: Scraped from <200 https://www.waitrose.com/ecom/shop/browse/groceries/toiletries_health_and_beauty/hair_care/shampoo>
{'image_name': ['hask moni coconut oil shampoo 355'], 'images': []}
DEBUG: Scraped from <200 https://www.waitrose.com/ecom/shop/browse/groceries/toiletries_health_and_beauty/hair_care/shampoo>
{'image_name': ['neals yard lavender shampoo 200'], 'images': []}
DEBUG: Scraped from <200 https://www.waitrose.com/ecom/shop/browse/groceries/toiletries_health_and_beauty/hair_care/shampoo>
{'image_name': ['maui moisture bamboo shampoo 385'], 'images': []}
DEBUG: Scraped from <200 https://www.waitrose.com/ecom/shop/browse/groceries/toiletries_health_and_beauty/hair_care/shampoo>
{'image_name': ['noughty to the rescue shampoo 250'], 'images': []}
DEBUG: Scraped from <200 https://www.waitrose.com/ecom/shop/browse/groceries/toiletries_health_and_beauty/hair_care/shampoo>
{'image_name': ['argan long strong shampoo 300'], 'images': []}
DEBUG: Scraped from <200 https://www.waitrose.com/ecom/shop/browse/groceries/toiletries_health_and_beauty/hair_care/shampoo>
{'image_name': ['pure grace shower gel 480'], 'images': []}
DEBUG: Scraped from <200 https://www.waitrose.com/ecom/shop/browse/groceries/toiletries_health_and_beauty/hair_care/shampoo>
{'image_name': ['head shoulders supreme moisture 400'], 'images': []}
DEBUG: Scraped from <200 https://www.waitrose.com/ecom/shop/browse/groceries/toiletries_health_and_beauty/hair_care/shampoo>
{'image_name': ['hask argan oil repairing shampoo 355'], 'images': []}
DEBUG: Scraped from <200 https://www.waitrose.com/ecom/shop/browse/groceries/toiletries_health_and_beauty/hair_care/shampoo>
{'image_name': ['dgj colour save shampoo 250'], 'images': []}
DEBUG: Scraped from <200 https://www.waitrose.com/ecom/shop/browse/groceries/toiletries_health_and_beauty/hair_care/shampoo>
{'image_name': ['dgj kids lice repel shampoo 250'], 'images': []}
DEBUG: Scraped from <200 https://www.waitrose.com/ecom/shop/browse/groceries/toiletries_health_and_beauty/hair_care/shampoo>
{'image_name': ['senspa deep cleanse shampoo 250'], 'images': []}
DEBUG: Scraped from <200 https://www.waitrose.com/ecom/shop/browse/groceries/toiletries_health_and_beauty/hair_care/shampoo>
{'image_name': ['sensspa nourishing shampoo 250'], 'images': []}
DEBUG: Scraped from <200 https://www.waitrose.com/ecom/shop/browse/groceries/toiletries_health_and_beauty/hair_care/shampoo>
{'image_name': ['batiste dry shampoo for blondes 200'], 'images': []}
DEBUG: Scraped from <200 https://www.waitrose.com/ecom/shop/browse/groceries/toiletries_health_and_beauty/hair_care/shampoo>
{'image_name': ['hask biotin boost shampoo 355'], 'images': []}
DEBUG: Scraped from <200 https://www.waitrose.com/ecom/shop/browse/groceries/toiletries_health_and_beauty/hair_care/shampoo>
{'image_name': ['fit kit gentle shampoo conditioner 200'], 'images': []}
DEBUG: Scraped from <200 https://www.waitrose.com/ecom/shop/browse/groceries/toiletries_health_and_beauty/hair_care/shampoo>
{'image_name': ['beco honey blossom shampoo bar 90g'], 'images': []}
DEBUG: Scraped from <200 https://www.waitrose.com/ecom/shop/browse/groceries/toiletries_health_and_beauty/hair_care/shampoo>
{'image_name': ['noughty pumped up shampoo 250'], 'images': []}
DEBUG: Scraped from <200 https://www.waitrose.com/ecom/shop/browse/groceries/toiletries_health_and_beauty/hair_care/shampoo>
{'image_name': ['vosene kids 2in1 melon shampoo 250'], 'images': []}
DEBUG: Scraped from <200 https://www.waitrose.com/ecom/shop/browse/groceries/toiletries_health_and_beauty/hair_care/shampoo>
{'image_name': ['noughty colour bomb shampoo 250'], 'images': []}
DEBUG: Scraped from <200 https://www.waitrose.com/ecom/shop/browse/groceries/toiletries_health_and_beauty/hair_care/shampoo>
{'image_name': ['john frieda shampoo detox repair 250'], 'images': []}
DEBUG: Scraped from <200 https://www.waitrose.com/ecom/shop/browse/groceries/toiletries_health_and_beauty/hair_care/shampoo>
{'image_name': ['dgj kids detangle shampoo 250'], 'images': []}
DEBUG: Scraped from <200 https://www.waitrose.com/ecom/shop/browse/groceries/toiletries_health_and_beauty/hair_care/shampoo>
{'image_name': ['dgj argan oil shampoo 250'], 'images': []}
DEBUG: Scraped from <200 https://www.waitrose.com/ecom/shop/browse/groceries/toiletries_health_and_beauty/hair_care/shampoo>
{'image_name': ['noughty care taker shampoo 250'], 'images': []}
DEBUG: Scraped from <200 https://www.waitrose.com/ecom/shop/browse/groceries/toiletries_health_and_beauty/hair_care/shampoo>
{'image_name': ['aussie shampoo scent sational 300'], 'images': []}
DEBUG: Scraped from <200 https://www.waitrose.com/ecom/shop/browse/groceries/toiletries_health_and_beauty/hair_care/shampoo>
{'image_name': ['richard ward brunette shampoo 250'], 'images': []}
DEBUG: Scraped from <200 https://www.waitrose.com/ecom/shop/browse/groceries/toiletries_health_and_beauty/hair_care/shampoo>
{'image_name': ['richard ward chelsea cleanse condition 250'], 'images': []}
DEBUG: Scraped from <200 https://www.waitrose.com/ecom/shop/browse/groceries/toiletries_health_and_beauty/hair_care/shampoo>
{'image_name': ['richard ward argan antiageing shampoo 250'], 'images': []}
INFO: Closing spider (finished)
INFO: Dumping Scrapy stats:
{'downloader/request_bytes': 2594,
 'downloader/request_count': 1,
 'downloader/request_method_count/POST': 1,
 'downloader/response_bytes': 1493515,
 'downloader/response_count': 1,
 'downloader/response_status_count/200': 1,
 'finish_reason': 'finished',
 'finish_time': datetime.datetime(2020, 8, 17, 17, 48, 9, 465840),
 'item_scraped_count': 140,
 'log_count/DEBUG': 141,
 'log_count/INFO': 10,
 'response_received_count': 1,
 'scheduler/dequeued': 2,
 'scheduler/dequeued/memory': 2,
 'scheduler/enqueued': 2,
 'scheduler/enqueued/memory': 2,
 'splash/execute/request_count': 1,
 'splash/execute/response_count/200': 1,
 'start_time': datetime.datetime(2020, 8, 17, 17, 46, 47, 659480)}
INFO: Spider closed (finished)
INFO: Scrapy 1.6.0 started (bot: waitrose)
INFO: Versions: lxml 4.5.1.0, libxml2 2.9.10, cssselect 1.1.0, parsel 1.6.0, w3lib 1.22.0, Twisted 20.3.0, Python 3.7.7 (default, May  6 2020, 11:45:54) [MSC v.1916 64 bit (AMD64)], pyOpenSSL 19.1.0 (OpenSSL 1.1.1g  21 Apr 2020), cryptography 2.9.2, Platform Windows-10-10.0.18362-SP0
INFO: Overridden settings: {'BOT_NAME': 'waitrose', 'DOWNLOAD_TIMEOUT': 1200, 'DUPEFILTER_CLASS': 'scrapy_splash.SplashAwareDupeFilter', 'FEED_EXPORT_ENCODING': 'utf-8', 'NEWSPIDER_MODULE': 'waitrose.spiders', 'SPIDER_MODULES': ['waitrose.spiders']}
INFO: Telnet Password: f657bba1b6d0a483
INFO: Enabled extensions:
['scrapy.extensions.corestats.CoreStats',
 'scrapy.extensions.telnet.TelnetConsole',
 'scrapy.extensions.logstats.LogStats']
INFO: Enabled downloader middlewares:
['scrapy.downloadermiddlewares.httpauth.HttpAuthMiddleware',
 'scrapy.downloadermiddlewares.downloadtimeout.DownloadTimeoutMiddleware',
 'scrapy.downloadermiddlewares.defaultheaders.DefaultHeadersMiddleware',
 'scrapy.downloadermiddlewares.useragent.UserAgentMiddleware',
 'scrapy.downloadermiddlewares.retry.RetryMiddleware',
 'scrapy.downloadermiddlewares.redirect.MetaRefreshMiddleware',
 'scrapy.downloadermiddlewares.redirect.RedirectMiddleware',
 'scrapy.downloadermiddlewares.cookies.CookiesMiddleware',
 'scrapy_splash.SplashCookiesMiddleware',
 'scrapy_splash.SplashMiddleware',
 'scrapy.downloadermiddlewares.httpproxy.HttpProxyMiddleware',
 'scrapy.downloadermiddlewares.httpcompression.HttpCompressionMiddleware',
 'scrapy.downloadermiddlewares.stats.DownloaderStats']
INFO: Enabled spider middlewares:
['scrapy.spidermiddlewares.httperror.HttpErrorMiddleware',
 'scrapy_splash.SplashDeduplicateArgsMiddleware',
 'scrapy.spidermiddlewares.offsite.OffsiteMiddleware',
 'scrapy.spidermiddlewares.referer.RefererMiddleware',
 'scrapy.spidermiddlewares.urllength.UrlLengthMiddleware',
 'scrapy.spidermiddlewares.depth.DepthMiddleware']
INFO: Enabled item pipelines:
['waitrose.pipelines.ImageDownloaderPipeline',
 'waitrose.pipelines.SQLlitePipeline']
INFO: Spider opened
INFO: Crawled 0 pages (at 0 pages/min), scraped 0 items (at 0 items/min)
INFO: Telnet console listening on 127.0.0.1:6023
INFO: Crawled 0 pages (at 0 pages/min), scraped 0 items (at 0 items/min)
DEBUG: Crawled (200) <GET https://www.waitrose.com/ecom/shop/browse/groceries/toiletries_health_and_beauty/hair_care/shampoo via http://192.168.1.9:8050/execute> (referer: None)
DEBUG: Scraped from <200 https://www.waitrose.com/ecom/shop/browse/groceries/toiletries_health_and_beauty/hair_care/shampoo>
{'image_name': ['head shoulders shampoo classic 500'], 'images': []}
DEBUG: Scraped from <200 https://www.waitrose.com/ecom/shop/browse/groceries/toiletries_health_and_beauty/hair_care/shampoo>
{'image_name': ['pantene classic clean shampoo 500'], 'images': []}
DEBUG: Scraped from <200 https://www.waitrose.com/ecom/shop/browse/groceries/toiletries_health_and_beauty/hair_care/shampoo>
{'image_name': ['waitrose pure purifying shampoo 250'], 'images': []}
DEBUG: Scraped from <200 https://www.waitrose.com/ecom/shop/browse/groceries/toiletries_health_and_beauty/hair_care/shampoo>
{'image_name': ['head shoulders 2in1 classic clean 450'], 'images': []}
DEBUG: Scraped from <200 https://www.waitrose.com/ecom/shop/browse/groceries/toiletries_health_and_beauty/hair_care/shampoo>
{'image_name': ['head shoulders itchy scalp shampoo 500'], 'images': []}
DEBUG: Scraped from <200 https://www.waitrose.com/ecom/shop/browse/groceries/toiletries_health_and_beauty/hair_care/shampoo>
{'image_name': ['aussie miracle moist shampoo 500'], 'images': []}
DEBUG: Scraped from <200 https://www.waitrose.com/ecom/shop/browse/groceries/toiletries_health_and_beauty/hair_care/shampoo>
{'image_name': ['pantene volume body shampoo 500'], 'images': []}
DEBUG: Scraped from <200 https://www.waitrose.com/ecom/shop/browse/groceries/toiletries_health_and_beauty/hair_care/shampoo>
{'image_name': ['herbal essences clean shampoo 400'], 'images': []}
DEBUG: Scraped from <200 https://www.waitrose.com/ecom/shop/browse/groceries/toiletries_health_and_beauty/hair_care/shampoo>
{'image_name': ['herbal essences repair shampoo 400'], 'images': []}
DEBUG: Scraped from <200 https://www.waitrose.com/ecom/shop/browse/groceries/toiletries_health_and_beauty/hair_care/shampoo>
{'image_name': ['pantene repair protect shampoo 500'], 'images': []}
DEBUG: Scraped from <200 https://www.waitrose.com/ecom/shop/browse/groceries/toiletries_health_and_beauty/hair_care/shampoo>
{'image_name': ['herbal essences hydrate shampoo 400'], 'images': []}
DEBUG: Scraped from <200 https://www.waitrose.com/ecom/shop/browse/groceries/toiletries_health_and_beauty/hair_care/shampoo>
{'image_name': ['aussie mega shampoo 500'], 'images': []}
DEBUG: Scraped from <200 https://www.waitrose.com/ecom/shop/browse/groceries/toiletries_health_and_beauty/hair_care/shampoo>
{'image_name': ['essential daily care shampoo 300'], 'images': []}
DEBUG: Scraped from <200 https://www.waitrose.com/ecom/shop/browse/groceries/toiletries_health_and_beauty/hair_care/shampoo>
{'image_name': ['pantene smooth sleek shampoo 500'], 'images': []}
DEBUG: Scraped from <200 https://www.waitrose.com/ecom/shop/browse/groceries/toiletries_health_and_beauty/hair_care/shampoo>
{'image_name': ['ogx biotin collagen shampoo 385'], 'images': []}
DEBUG: Scraped from <200 https://www.waitrose.com/ecom/shop/browse/groceries/toiletries_health_and_beauty/hair_care/shampoo>
{'image_name': ['pantene 3 in 1 classic clean 450'], 'images': []}
DEBUG: Scraped from <200 https://www.waitrose.com/ecom/shop/browse/groceries/toiletries_health_and_beauty/hair_care/shampoo>
{'image_name': ['essential waitrose nourishing shampoo 300'], 'images': []}
DEBUG: Scraped from <200 https://www.waitrose.com/ecom/shop/browse/groceries/toiletries_health_and_beauty/hair_care/shampoo>
{'image_name': ['ogx argan oil morocco shampoo 385'], 'images': []}
DEBUG: Scraped from <200 https://www.waitrose.com/ecom/shop/browse/groceries/toiletries_health_and_beauty/hair_care/shampoo>
{'image_name': ['ogx coconut milk shampoo 385'], 'images': []}
DEBUG: Scraped from <200 https://www.waitrose.com/ecom/shop/browse/groceries/toiletries_health_and_beauty/hair_care/shampoo>
{'image_name': ['ogx kuku oil shampoo 385'], 'images': []}
DEBUG: Scraped from <200 https://www.waitrose.com/ecom/shop/browse/groceries/toiletries_health_and_beauty/hair_care/shampoo>
{'image_name': ['avalon organics tea tree shampoo 325'], 'images': []}
DEBUG: Scraped from <200 https://www.waitrose.com/ecom/shop/browse/groceries/toiletries_health_and_beauty/hair_care/shampoo>
{'image_name': ['pantene colour protect shampoo 500'], 'images': []}
DEBUG: Scraped from <200 https://www.waitrose.com/ecom/shop/browse/groceries/toiletries_health_and_beauty/hair_care/shampoo>
{'image_name': ['head shoulders shampoo apple fresh 500'], 'images': []}
DEBUG: Scraped from <200 https://www.waitrose.com/ecom/shop/browse/groceries/toiletries_health_and_beauty/hair_care/shampoo>
{'image_name': ['herbal essences aloe mango shampoo 380'], 'images': []}
DEBUG: Scraped from <200 https://www.waitrose.com/ecom/shop/browse/groceries/toiletries_health_and_beauty/hair_care/shampoo>
{'image_name': ['hair biology purple shampoo 250'], 'images': []}
DEBUG: Scraped from <200 https://www.waitrose.com/ecom/shop/browse/groceries/toiletries_health_and_beauty/hair_care/shampoo>
{'image_name': ['herbal essences volume shampoo 400'], 'images': []}
DEBUG: Scraped from <200 https://www.waitrose.com/ecom/shop/browse/groceries/toiletries_health_and_beauty/hair_care/shampoo>
{'image_name': ['eco warrior shampoo bar 100g'], 'images': []}
DEBUG: Scraped from <200 https://www.waitrose.com/ecom/shop/browse/groceries/toiletries_health_and_beauty/hair_care/shampoo>
{'image_name': ['head shoulders smooth shampoo 500'], 'images': []}
DEBUG: Scraped from <200 https://www.waitrose.com/ecom/shop/browse/groceries/toiletries_health_and_beauty/hair_care/shampoo>
{'image_name': ['essential daily care 2 in 1 300'], 'images': []}
DEBUG: Scraped from <200 https://www.waitrose.com/ecom/shop/browse/groceries/toiletries_health_and_beauty/hair_care/shampoo>
{'image_name': ['vosene original shampoo 250'], 'images': []}
DEBUG: Scraped from <200 https://www.waitrose.com/ecom/shop/browse/groceries/toiletries_health_and_beauty/hair_care/shampoo>
{'image_name': ['pantene grow strong shampoo 400'], 'images': []}
DEBUG: Scraped from <200 https://www.waitrose.com/ecom/shop/browse/groceries/toiletries_health_and_beauty/hair_care/shampoo>
{'image_name': ['herbal essences deep repair shampoo 400'], 'images': []}
DEBUG: Scraped from <200 https://www.waitrose.com/ecom/shop/browse/groceries/toiletries_health_and_beauty/hair_care/shampoo>
{'image_name': ['head shoulders shampoo citrus fresh 500'], 'images': []}
DEBUG: Scraped from <200 https://www.waitrose.com/ecom/shop/browse/groceries/toiletries_health_and_beauty/hair_care/shampoo>
{'image_name': ['ogx coconut oil shampoo 385'], 'images': []}
DEBUG: Scraped from <200 https://www.waitrose.com/ecom/shop/browse/groceries/toiletries_health_and_beauty/hair_care/shampoo>
{'image_name': ['aussie aussome volume shampoo 500'], 'images': []}
DEBUG: Scraped from <200 https://www.waitrose.com/ecom/shop/browse/groceries/toiletries_health_and_beauty/hair_care/shampoo>
{'image_name': ['head shoulders coconut shampoo 500'], 'images': []}
DEBUG: Scraped from <200 https://www.waitrose.com/ecom/shop/browse/groceries/toiletries_health_and_beauty/hair_care/shampoo>
{'image_name': ['pantene 3in1 smooth sleek 450'], 'images': []}
DEBUG: Scraped from <200 https://www.waitrose.com/ecom/shop/browse/groceries/toiletries_health_and_beauty/hair_care/shampoo>
{'image_name': ['avalon organics lemon shampoo 325'], 'images': []}
DEBUG: Scraped from <200 https://www.waitrose.com/ecom/shop/browse/groceries/toiletries_health_and_beauty/hair_care/shampoo>
{'image_name': ['aorganic lavender shampoo 325'], 'images': []}
DEBUG: Scraped from <200 https://www.waitrose.com/ecom/shop/browse/groceries/toiletries_health_and_beauty/hair_care/shampoo>
{'image_name': ['ogx brazilian keratin shampoo 385'], 'images': []}
DEBUG: Scraped from <200 https://www.waitrose.com/ecom/shop/browse/groceries/toiletries_health_and_beauty/hair_care/shampoo>
{'image_name': ['tresemme shampoo moisture rich 800'], 'images': []}
DEBUG: Scraped from <200 https://www.waitrose.com/ecom/shop/browse/groceries/toiletries_health_and_beauty/hair_care/shampoo>
{'image_name': ['aussie miracle shine shampoo 500'], 'images': []}
DEBUG: Scraped from <200 https://www.waitrose.com/ecom/shop/browse/groceries/toiletries_health_and_beauty/hair_care/shampoo>
{'image_name': ['head shoulders 2in1 apple fresh 450'], 'images': []}
DEBUG: Scraped from <200 https://www.waitrose.com/ecom/shop/browse/groceries/toiletries_health_and_beauty/hair_care/shampoo>
{'image_name': ['aussie colour mate shampoo 500'], 'images': []}
DEBUG: Scraped from <200 https://www.waitrose.com/ecom/shop/browse/groceries/toiletries_health_and_beauty/hair_care/shampoo>
{'image_name': ['batiste original dry shampoo 200'], 'images': []}
DEBUG: Scraped from <200 https://www.waitrose.com/ecom/shop/browse/groceries/toiletries_health_and_beauty/hair_care/shampoo>
{'image_name': ['john frieda shampoo touchably full 250'], 'images': []}
DEBUG: Scraped from <200 https://www.waitrose.com/ecom/shop/browse/groceries/toiletries_health_and_beauty/hair_care/shampoo>
{'image_name': ['pantene hair biology full vibrant 250'], 'images': []}
DEBUG: Scraped from <200 https://www.waitrose.com/ecom/shop/browse/groceries/toiletries_health_and_beauty/hair_care/shampoo>
{'image_name': ['ogx orchid oil shampoo 385'], 'images': []}
DEBUG: Scraped from <200 https://www.waitrose.com/ecom/shop/browse/groceries/toiletries_health_and_beauty/hair_care/shampoo>
{'image_name': ['head shoulders 2in1 itchy scalp 450'], 'images': []}
DEBUG: Scraped from <200 https://www.waitrose.com/ecom/shop/browse/groceries/toiletries_health_and_beauty/hair_care/shampoo>
{'image_name': ['essential waitrose anti druff 2 in 1 300'], 'images': []}
DEBUG: Scraped from <200 https://www.waitrose.com/ecom/shop/browse/groceries/toiletries_health_and_beauty/hair_care/shampoo>
{'image_name': ['aussie aussome volume shampoo 300'], 'images': []}
DEBUG: Scraped from <200 https://www.waitrose.com/ecom/shop/browse/groceries/toiletries_health_and_beauty/hair_care/shampoo>
{'image_name': ['herbal essences aloe hemp shampoo 380'], 'images': []}
DEBUG: Scraped from <200 https://www.waitrose.com/ecom/shop/browse/groceries/toiletries_health_and_beauty/hair_care/shampoo>
{'image_name': ['neutrogena tgel shampoo dry hair 125'], 'images': []}
DEBUG: Scraped from <200 https://www.waitrose.com/ecom/shop/browse/groceries/toiletries_health_and_beauty/hair_care/shampoo>
{'image_name': ['sheer blonde go blonder shampoo 250'], 'images': []}
DEBUG: Scraped from <200 https://www.waitrose.com/ecom/shop/browse/groceries/toiletries_health_and_beauty/hair_care/shampoo>
{'image_name': ['pantene 3in1 repair protect 450'], 'images': []}
DEBUG: Scraped from <200 https://www.waitrose.com/ecom/shop/browse/groceries/toiletries_health_and_beauty/hair_care/shampoo>
{'image_name': ['dgj thickening shampoo 250'], 'images': []}
DEBUG: Scraped from <200 https://www.waitrose.com/ecom/shop/browse/groceries/toiletries_health_and_beauty/hair_care/shampoo>
{'image_name': ['herbal essences coconut shampoo 250'], 'images': []}
DEBUG: Scraped from <200 https://www.waitrose.com/ecom/shop/browse/groceries/toiletries_health_and_beauty/hair_care/shampoo>
{'image_name': ['frizz ease shampoo miraculous recovery 250'], 'images': []}
DEBUG: Scraped from <200 https://www.waitrose.com/ecom/shop/browse/groceries/toiletries_health_and_beauty/hair_care/shampoo>
{'image_name': ['tresemme shampoo deep cleansing 800'], 'images': []}
DEBUG: Scraped from <200 https://www.waitrose.com/ecom/shop/browse/groceries/toiletries_health_and_beauty/hair_care/shampoo>
{'image_name': ['head shoulders 2in1 citrus care 450'], 'images': []}
DEBUG: Scraped from <200 https://www.waitrose.com/ecom/shop/browse/groceries/toiletries_health_and_beauty/hair_care/shampoo>
{'image_name': ['faith in nature grapefruit shampoo 400'], 'images': []}
DEBUG: Scraped from <200 https://www.waitrose.com/ecom/shop/browse/groceries/toiletries_health_and_beauty/hair_care/shampoo>
{'image_name': ['john frieda violet crush shampoo 250'], 'images': []}
DEBUG: Scraped from <200 https://www.waitrose.com/ecom/shop/browse/groceries/toiletries_health_and_beauty/hair_care/shampoo>
{'image_name': ['batiste blush dry shampoo 200'], 'images': []}
DEBUG: Scraped from <200 https://www.waitrose.com/ecom/shop/browse/groceries/toiletries_health_and_beauty/hair_care/shampoo>
{'image_name': ['ogx charcoal detox shampoo 385'], 'images': []}
DEBUG: Scraped from <200 https://www.waitrose.com/ecom/shop/browse/groceries/toiletries_health_and_beauty/hair_care/shampoo>
{'image_name': ['head shoulders 2in1 smooth silky 450'], 'images': []}
DEBUG: Scraped from <200 https://www.waitrose.com/ecom/shop/browse/groceries/toiletries_health_and_beauty/hair_care/shampoo>
{'image_name': ['head shoulders 2in1 classic clean 225'], 'images': []}
DEBUG: Scraped from <200 https://www.waitrose.com/ecom/shop/browse/groceries/toiletries_health_and_beauty/hair_care/shampoo>
{'image_name': ['head shoulders 2 in 1 total care 225'], 'images': []}
DEBUG: Scraped from <200 https://www.waitrose.com/ecom/shop/browse/groceries/toiletries_health_and_beauty/hair_care/shampoo>
{'image_name': ['aussie miracle moist shampoo 300'], 'images': []}
DEBUG: Scraped from <200 https://www.waitrose.com/ecom/shop/browse/groceries/toiletries_health_and_beauty/hair_care/shampoo>
{'image_name': ['head shoulders shampoo cool menthol 500'], 'images': []}
DEBUG: Scraped from <200 https://www.waitrose.com/ecom/shop/browse/groceries/toiletries_health_and_beauty/hair_care/shampoo>
{'image_name': ['percy reed volumising shampoo 250'], 'images': []}
DEBUG: Scraped from <200 https://www.waitrose.com/ecom/shop/browse/groceries/toiletries_health_and_beauty/hair_care/shampoo>
{'image_name': ['percy reed no fuss dry shampoo 200'], 'images': []}
DEBUG: Scraped from <200 https://www.waitrose.com/ecom/shop/browse/groceries/toiletries_health_and_beauty/hair_care/shampoo>
{'image_name': ['hair biology de frizz shampoo 250'], 'images': []}
DEBUG: Scraped from <200 https://www.waitrose.com/ecom/shop/browse/groceries/toiletries_health_and_beauty/hair_care/shampoo>
{'image_name': ['umberto giannini grow long shampoo 250'], 'images': []}
DEBUG: Scraped from <200 https://www.waitrose.com/ecom/shop/browse/groceries/toiletries_health_and_beauty/hair_care/shampoo>
{'image_name': ['umberto giannini violet shampoo 250'], 'images': []}
DEBUG: Scraped from <200 https://www.waitrose.com/ecom/shop/browse/groceries/toiletries_health_and_beauty/hair_care/shampoo>
{'image_name': ['aorganic peppermint shampoo 325'], 'images': []}
DEBUG: Scraped from <200 https://www.waitrose.com/ecom/shop/browse/groceries/toiletries_health_and_beauty/hair_care/shampoo>
{'image_name': ['aussie blonde purple shampoo 290'], 'images': []}
DEBUG: Scraped from <200 https://www.waitrose.com/ecom/shop/browse/groceries/toiletries_health_and_beauty/hair_care/shampoo>
{'image_name': ['faith in nature wild rose shampoo 400'], 'images': []}
DEBUG: Scraped from <200 https://www.waitrose.com/ecom/shop/browse/groceries/toiletries_health_and_beauty/hair_care/shampoo>
{'image_name': ['john frieda hydrate recharge shampoo 250'], 'images': []}
DEBUG: Scraped from <200 https://www.waitrose.com/ecom/shop/browse/groceries/toiletries_health_and_beauty/hair_care/shampoo>
{'image_name': ['dgj hairjuice shampoo 250'], 'images': []}
DEBUG: Scraped from <200 https://www.waitrose.com/ecom/shop/browse/groceries/toiletries_health_and_beauty/hair_care/shampoo>
{'image_name': ['loreal kids shampoo berry strawberry 250'], 'images': []}
DEBUG: Scraped from <200 https://www.waitrose.com/ecom/shop/browse/groceries/toiletries_health_and_beauty/hair_care/shampoo>
{'image_name': ['neals yard rose shampoo 200'], 'images': []}
DEBUG: Scraped from <200 https://www.waitrose.com/ecom/shop/browse/groceries/toiletries_health_and_beauty/hair_care/shampoo>
{'image_name': ['brilliant brunette protecting shampoo 250'], 'images': []}
DEBUG: Scraped from <200 https://www.waitrose.com/ecom/shop/browse/groceries/toiletries_health_and_beauty/hair_care/shampoo>
{'image_name': ['argan argan oil 5oil miracle shampoo 300'], 'images': []}
DEBUG: Scraped from <200 https://www.waitrose.com/ecom/shop/browse/groceries/toiletries_health_and_beauty/hair_care/shampoo>
{'image_name': ['aussie miracle shine shampoo 300'], 'images': []}
DEBUG: Scraped from <200 https://www.waitrose.com/ecom/shop/browse/groceries/toiletries_health_and_beauty/hair_care/shampoo>
{'image_name': ['aussie mega shampoo 300'], 'images': []}
DEBUG: Scraped from <200 https://www.waitrose.com/ecom/shop/browse/groceries/toiletries_health_and_beauty/hair_care/shampoo>
{'image_name': ['ogx keratin oil shampoo 385'], 'images': []}
DEBUG: Scraped from <200 https://www.waitrose.com/ecom/shop/browse/groceries/toiletries_health_and_beauty/hair_care/shampoo>
{'image_name': ['pantene hair biology illuminating mask 160'], 'images': []}
DEBUG: Scraped from <200 https://www.waitrose.com/ecom/shop/browse/groceries/toiletries_health_and_beauty/hair_care/shampoo>
{'image_name': ['beco spring meadow shampoo bar 90g'], 'images': []}
DEBUG: Scraped from <200 https://www.waitrose.com/ecom/shop/browse/groceries/toiletries_health_and_beauty/hair_care/shampoo>
{'image_name': ['batiste dry shampoo volume 200'], 'images': []}
DEBUG: Scraped from <200 https://www.waitrose.com/ecom/shop/browse/groceries/toiletries_health_and_beauty/hair_care/shampoo>
{'image_name': ['aussie colour mate shampoo 300'], 'images': []}
DEBUG: Scraped from <200 https://www.waitrose.com/ecom/shop/browse/groceries/toiletries_health_and_beauty/hair_care/shampoo>
{'image_name': ['faith in nature lavender shampoo 400'], 'images': []}
DEBUG: Scraped from <200 https://www.waitrose.com/ecom/shop/browse/groceries/toiletries_health_and_beauty/hair_care/shampoo>
{'image_name': ['vosene kids 3in1 tea tree shampoo 250'], 'images': []}
DEBUG: Scraped from <200 https://www.waitrose.com/ecom/shop/browse/groceries/toiletries_health_and_beauty/hair_care/shampoo>
{'image_name': ['frizz ease dream curls shampoo 250'], 'images': []}
DEBUG: Scraped from <200 https://www.waitrose.com/ecom/shop/browse/groceries/toiletries_health_and_beauty/hair_care/shampoo>
{'image_name': ['head shoulders supreme shampoo 400'], 'images': []}
DEBUG: Scraped from <200 https://www.waitrose.com/ecom/shop/browse/groceries/toiletries_health_and_beauty/hair_care/shampoo>
{'image_name': ['herbal essences argan oil shampoo 250'], 'images': []}
DEBUG: Scraped from <200 https://www.waitrose.com/ecom/shop/browse/groceries/toiletries_health_and_beauty/hair_care/shampoo>
{'image_name': ['john frieda shampoo weightless wonder 250'], 'images': []}
DEBUG: Scraped from <200 https://www.waitrose.com/ecom/shop/browse/groceries/toiletries_health_and_beauty/hair_care/shampoo>
{'image_name': ['dgj clarifying shampoo 250'], 'images': []}
DEBUG: Scraped from <200 https://www.waitrose.com/ecom/shop/browse/groceries/toiletries_health_and_beauty/hair_care/shampoo>
{'image_name': ['aussie miracle moist spray 250'], 'images': []}
DEBUG: Scraped from <200 https://www.waitrose.com/ecom/shop/browse/groceries/toiletries_health_and_beauty/hair_care/shampoo>
{'image_name': ['batiste dark deep brown dry shampoo 200'], 'images': []}
DEBUG: Scraped from <200 https://www.waitrose.com/ecom/shop/browse/groceries/toiletries_health_and_beauty/hair_care/shampoo>
{'image_name': ['percy reed hydrating shampoo 250'], 'images': []}
DEBUG: Scraped from <200 https://www.waitrose.com/ecom/shop/browse/groceries/toiletries_health_and_beauty/hair_care/shampoo>
{'image_name': ['umberto giannini curl jelly wash 250'], 'images': []}
DEBUG: Scraped from <200 https://www.waitrose.com/ecom/shop/browse/groceries/toiletries_health_and_beauty/hair_care/shampoo>
{'image_name': ['percy reed wonder wash shampoo 250'], 'images': []}
DEBUG: Scraped from <200 https://www.waitrose.com/ecom/shop/browse/groceries/toiletries_health_and_beauty/hair_care/shampoo>
{'image_name': ['aorganic rosemary shampoo 325'], 'images': []}
DEBUG: Scraped from <200 https://www.waitrose.com/ecom/shop/browse/groceries/toiletries_health_and_beauty/hair_care/shampoo>
{'image_name': ['hask keratin protein smoothing shampoo 355'], 'images': []}
DEBUG: Scraped from <200 https://www.waitrose.com/ecom/shop/browse/groceries/toiletries_health_and_beauty/hair_care/shampoo>
{'image_name': ['argan argan oil rejuvenating shampoo 300'], 'images': []}
DEBUG: Scraped from <200 https://www.waitrose.com/ecom/shop/browse/groceries/toiletries_health_and_beauty/hair_care/shampoo>
{'image_name': ['sheer blonde moisturising shampoo 250'], 'images': []}
DEBUG: Scraped from <200 https://www.waitrose.com/ecom/shop/browse/groceries/toiletries_health_and_beauty/hair_care/shampoo>
{'image_name': ['maui moisture shea butter shampoo 385'], 'images': []}
DEBUG: Scraped from <200 https://www.waitrose.com/ecom/shop/browse/groceries/toiletries_health_and_beauty/hair_care/shampoo>
{'image_name': ['maui moisture hibiscus water 385'], 'images': []}
DEBUG: Scraped from <200 https://www.waitrose.com/ecom/shop/browse/groceries/toiletries_health_and_beauty/hair_care/shampoo>
{'image_name': ['aussie calm the frizz shampoo 300'], 'images': []}
DEBUG: Scraped from <200 https://www.waitrose.com/ecom/shop/browse/groceries/toiletries_health_and_beauty/hair_care/shampoo>
{'image_name': ['head shoulders colour protect 400'], 'images': []}
DEBUG: Scraped from <200 https://www.waitrose.com/ecom/shop/browse/groceries/toiletries_health_and_beauty/hair_care/shampoo>
{'image_name': ['head shoulders repair shampoo 400'], 'images': []}
DEBUG: Scraped from <200 https://www.waitrose.com/ecom/shop/browse/groceries/toiletries_health_and_beauty/hair_care/shampoo>
{'image_name': ['noughty detox dynamo shampoo 250'], 'images': []}
DEBUG: Scraped from <200 https://www.waitrose.com/ecom/shop/browse/groceries/toiletries_health_and_beauty/hair_care/shampoo>
{'image_name': ['noughty wave hello shampoo 250'], 'images': []}
DEBUG: Scraped from <200 https://www.waitrose.com/ecom/shop/browse/groceries/toiletries_health_and_beauty/hair_care/shampoo>
{'image_name': ['hask moni coconut oil shampoo 355'], 'images': []}
DEBUG: Scraped from <200 https://www.waitrose.com/ecom/shop/browse/groceries/toiletries_health_and_beauty/hair_care/shampoo>
{'image_name': ['neals yard lavender shampoo 200'], 'images': []}
DEBUG: Scraped from <200 https://www.waitrose.com/ecom/shop/browse/groceries/toiletries_health_and_beauty/hair_care/shampoo>
{'image_name': ['maui moisture bamboo shampoo 385'], 'images': []}
DEBUG: Scraped from <200 https://www.waitrose.com/ecom/shop/browse/groceries/toiletries_health_and_beauty/hair_care/shampoo>
{'image_name': ['noughty to the rescue shampoo 250'], 'images': []}
DEBUG: Scraped from <200 https://www.waitrose.com/ecom/shop/browse/groceries/toiletries_health_and_beauty/hair_care/shampoo>
{'image_name': ['argan long strong shampoo 300'], 'images': []}
DEBUG: Scraped from <200 https://www.waitrose.com/ecom/shop/browse/groceries/toiletries_health_and_beauty/hair_care/shampoo>
{'image_name': ['pure grace shower gel 480'], 'images': []}
DEBUG: Scraped from <200 https://www.waitrose.com/ecom/shop/browse/groceries/toiletries_health_and_beauty/hair_care/shampoo>
{'image_name': ['head shoulders supreme moisture 400'], 'images': []}
DEBUG: Scraped from <200 https://www.waitrose.com/ecom/shop/browse/groceries/toiletries_health_and_beauty/hair_care/shampoo>
{'image_name': ['hask argan oil repairing shampoo 355'], 'images': []}
DEBUG: Scraped from <200 https://www.waitrose.com/ecom/shop/browse/groceries/toiletries_health_and_beauty/hair_care/shampoo>
{'image_name': ['dgj colour save shampoo 250'], 'images': []}
DEBUG: Scraped from <200 https://www.waitrose.com/ecom/shop/browse/groceries/toiletries_health_and_beauty/hair_care/shampoo>
{'image_name': ['dgj kids lice repel shampoo 250'], 'images': []}
DEBUG: Scraped from <200 https://www.waitrose.com/ecom/shop/browse/groceries/toiletries_health_and_beauty/hair_care/shampoo>
{'image_name': ['senspa deep cleanse shampoo 250'], 'images': []}
DEBUG: Scraped from <200 https://www.waitrose.com/ecom/shop/browse/groceries/toiletries_health_and_beauty/hair_care/shampoo>
{'image_name': ['sensspa nourishing shampoo 250'], 'images': []}
DEBUG: Scraped from <200 https://www.waitrose.com/ecom/shop/browse/groceries/toiletries_health_and_beauty/hair_care/shampoo>
{'image_name': ['batiste dry shampoo for blondes 200'], 'images': []}
DEBUG: Scraped from <200 https://www.waitrose.com/ecom/shop/browse/groceries/toiletries_health_and_beauty/hair_care/shampoo>
{'image_name': ['hask biotin boost shampoo 355'], 'images': []}
DEBUG: Scraped from <200 https://www.waitrose.com/ecom/shop/browse/groceries/toiletries_health_and_beauty/hair_care/shampoo>
{'image_name': ['fit kit gentle shampoo conditioner 200'], 'images': []}
DEBUG: Scraped from <200 https://www.waitrose.com/ecom/shop/browse/groceries/toiletries_health_and_beauty/hair_care/shampoo>
{'image_name': ['beco honey blossom shampoo bar 90g'], 'images': []}
DEBUG: Scraped from <200 https://www.waitrose.com/ecom/shop/browse/groceries/toiletries_health_and_beauty/hair_care/shampoo>
{'image_name': ['noughty pumped up shampoo 250'], 'images': []}
DEBUG: Scraped from <200 https://www.waitrose.com/ecom/shop/browse/groceries/toiletries_health_and_beauty/hair_care/shampoo>
{'image_name': ['vosene kids 2in1 melon shampoo 250'], 'images': []}
DEBUG: Scraped from <200 https://www.waitrose.com/ecom/shop/browse/groceries/toiletries_health_and_beauty/hair_care/shampoo>
{'image_name': ['noughty colour bomb shampoo 250'], 'images': []}
DEBUG: Scraped from <200 https://www.waitrose.com/ecom/shop/browse/groceries/toiletries_health_and_beauty/hair_care/shampoo>
{'image_name': ['john frieda shampoo detox repair 250'], 'images': []}
DEBUG: Scraped from <200 https://www.waitrose.com/ecom/shop/browse/groceries/toiletries_health_and_beauty/hair_care/shampoo>
{'image_name': ['dgj kids detangle shampoo 250'], 'images': []}
DEBUG: Scraped from <200 https://www.waitrose.com/ecom/shop/browse/groceries/toiletries_health_and_beauty/hair_care/shampoo>
{'image_name': ['dgj argan oil shampoo 250'], 'images': []}
DEBUG: Scraped from <200 https://www.waitrose.com/ecom/shop/browse/groceries/toiletries_health_and_beauty/hair_care/shampoo>
{'image_name': ['noughty care taker shampoo 250'], 'images': []}
DEBUG: Scraped from <200 https://www.waitrose.com/ecom/shop/browse/groceries/toiletries_health_and_beauty/hair_care/shampoo>
{'image_name': ['aussie shampoo scent sational 300'], 'images': []}
DEBUG: Scraped from <200 https://www.waitrose.com/ecom/shop/browse/groceries/toiletries_health_and_beauty/hair_care/shampoo>
{'image_name': ['richard ward brunette shampoo 250'], 'images': []}
DEBUG: Scraped from <200 https://www.waitrose.com/ecom/shop/browse/groceries/toiletries_health_and_beauty/hair_care/shampoo>
{'image_name': ['richard ward chelsea cleanse condition 250'], 'images': []}
DEBUG: Scraped from <200 https://www.waitrose.com/ecom/shop/browse/groceries/toiletries_health_and_beauty/hair_care/shampoo>
{'image_name': ['richard ward argan antiageing shampoo 250'], 'images': []}
INFO: Closing spider (finished)
INFO: Dumping Scrapy stats:
{'downloader/request_bytes': 2594,
 'downloader/request_count': 1,
 'downloader/request_method_count/POST': 1,
 'downloader/response_bytes': 1497086,
 'downloader/response_count': 1,
 'downloader/response_status_count/200': 1,
 'finish_reason': 'finished',
 'finish_time': datetime.datetime(2020, 8, 17, 17, 53, 11, 26338),
 'item_scraped_count': 140,
 'log_count/DEBUG': 141,
 'log_count/INFO': 10,
 'response_received_count': 1,
 'scheduler/dequeued': 2,
 'scheduler/dequeued/memory': 2,
 'scheduler/enqueued': 2,
 'scheduler/enqueued/memory': 2,
 'splash/execute/request_count': 1,
 'splash/execute/response_count/200': 1,
 'start_time': datetime.datetime(2020, 8, 17, 17, 51, 44, 554256)}
INFO: Spider closed (finished)
INFO: Scrapy 1.6.0 started (bot: waitrose)
INFO: Versions: lxml 4.5.1.0, libxml2 2.9.10, cssselect 1.1.0, parsel 1.6.0, w3lib 1.22.0, Twisted 20.3.0, Python 3.7.7 (default, May  6 2020, 11:45:54) [MSC v.1916 64 bit (AMD64)], pyOpenSSL 19.1.0 (OpenSSL 1.1.1g  21 Apr 2020), cryptography 2.9.2, Platform Windows-10-10.0.18362-SP0
INFO: Overridden settings: {'BOT_NAME': 'waitrose', 'DOWNLOAD_TIMEOUT': 1200, 'DUPEFILTER_CLASS': 'scrapy_splash.SplashAwareDupeFilter', 'FEED_EXPORT_ENCODING': 'utf-8', 'NEWSPIDER_MODULE': 'waitrose.spiders', 'SPIDER_MODULES': ['waitrose.spiders']}
INFO: Telnet Password: df6edc5d9623b5d3
INFO: Enabled extensions:
['scrapy.extensions.corestats.CoreStats',
 'scrapy.extensions.telnet.TelnetConsole',
 'scrapy.extensions.logstats.LogStats']
INFO: Enabled downloader middlewares:
['scrapy.downloadermiddlewares.httpauth.HttpAuthMiddleware',
 'scrapy.downloadermiddlewares.downloadtimeout.DownloadTimeoutMiddleware',
 'scrapy.downloadermiddlewares.defaultheaders.DefaultHeadersMiddleware',
 'scrapy.downloadermiddlewares.useragent.UserAgentMiddleware',
 'scrapy.downloadermiddlewares.retry.RetryMiddleware',
 'scrapy.downloadermiddlewares.redirect.MetaRefreshMiddleware',
 'scrapy.downloadermiddlewares.redirect.RedirectMiddleware',
 'scrapy.downloadermiddlewares.cookies.CookiesMiddleware',
 'scrapy_splash.SplashCookiesMiddleware',
 'scrapy_splash.SplashMiddleware',
 'scrapy.downloadermiddlewares.httpproxy.HttpProxyMiddleware',
 'scrapy.downloadermiddlewares.httpcompression.HttpCompressionMiddleware',
 'scrapy.downloadermiddlewares.stats.DownloaderStats']
INFO: Enabled spider middlewares:
['scrapy.spidermiddlewares.httperror.HttpErrorMiddleware',
 'scrapy_splash.SplashDeduplicateArgsMiddleware',
 'scrapy.spidermiddlewares.offsite.OffsiteMiddleware',
 'scrapy.spidermiddlewares.referer.RefererMiddleware',
 'scrapy.spidermiddlewares.urllength.UrlLengthMiddleware',
 'scrapy.spidermiddlewares.depth.DepthMiddleware']
INFO: Enabled item pipelines:
['waitrose.pipelines.ImageDownloaderPipeline',
 'waitrose.pipelines.SQLlitePipeline']
INFO: Spider opened
INFO: Crawled 0 pages (at 0 pages/min), scraped 0 items (at 0 items/min)
INFO: Telnet console listening on 127.0.0.1:6023
INFO: Crawled 0 pages (at 0 pages/min), scraped 0 items (at 0 items/min)
DEBUG: Crawled (200) <GET https://www.waitrose.com/ecom/shop/browse/groceries/toiletries_health_and_beauty/hair_care/shampoo via http://192.168.1.9:8050/execute> (referer: None)
DEBUG: Scraped from <200 https://www.waitrose.com/ecom/shop/browse/groceries/toiletries_health_and_beauty/hair_care/shampoo>
{'image_name': ['head shoulders shampoo classic 500'], 'images': []}
DEBUG: Scraped from <200 https://www.waitrose.com/ecom/shop/browse/groceries/toiletries_health_and_beauty/hair_care/shampoo>
{'image_name': ['pantene classic clean shampoo 500'], 'images': []}
DEBUG: Scraped from <200 https://www.waitrose.com/ecom/shop/browse/groceries/toiletries_health_and_beauty/hair_care/shampoo>
{'image_name': ['waitrose pure purifying shampoo 250'], 'images': []}
DEBUG: Scraped from <200 https://www.waitrose.com/ecom/shop/browse/groceries/toiletries_health_and_beauty/hair_care/shampoo>
{'image_name': ['head shoulders 2in1 classic clean 450'], 'images': []}
DEBUG: Scraped from <200 https://www.waitrose.com/ecom/shop/browse/groceries/toiletries_health_and_beauty/hair_care/shampoo>
{'image_name': ['head shoulders itchy scalp shampoo 500'], 'images': []}
DEBUG: Scraped from <200 https://www.waitrose.com/ecom/shop/browse/groceries/toiletries_health_and_beauty/hair_care/shampoo>
{'image_name': ['aussie miracle moist shampoo 500'], 'images': []}
DEBUG: Scraped from <200 https://www.waitrose.com/ecom/shop/browse/groceries/toiletries_health_and_beauty/hair_care/shampoo>
{'image_name': ['pantene volume body shampoo 500'], 'images': []}
DEBUG: Scraped from <200 https://www.waitrose.com/ecom/shop/browse/groceries/toiletries_health_and_beauty/hair_care/shampoo>
{'image_name': ['herbal essences clean shampoo 400'], 'images': []}
DEBUG: Scraped from <200 https://www.waitrose.com/ecom/shop/browse/groceries/toiletries_health_and_beauty/hair_care/shampoo>
{'image_name': ['herbal essences repair shampoo 400'], 'images': []}
DEBUG: Scraped from <200 https://www.waitrose.com/ecom/shop/browse/groceries/toiletries_health_and_beauty/hair_care/shampoo>
{'image_name': ['pantene repair protect shampoo 500'], 'images': []}
DEBUG: Scraped from <200 https://www.waitrose.com/ecom/shop/browse/groceries/toiletries_health_and_beauty/hair_care/shampoo>
{'image_name': ['herbal essences hydrate shampoo 400'], 'images': []}
DEBUG: Scraped from <200 https://www.waitrose.com/ecom/shop/browse/groceries/toiletries_health_and_beauty/hair_care/shampoo>
{'image_name': ['aussie mega shampoo 500'], 'images': []}
DEBUG: Scraped from <200 https://www.waitrose.com/ecom/shop/browse/groceries/toiletries_health_and_beauty/hair_care/shampoo>
{'image_name': ['essential daily care shampoo 300'], 'images': []}
DEBUG: Scraped from <200 https://www.waitrose.com/ecom/shop/browse/groceries/toiletries_health_and_beauty/hair_care/shampoo>
{'image_name': ['pantene smooth sleek shampoo 500'], 'images': []}
DEBUG: Scraped from <200 https://www.waitrose.com/ecom/shop/browse/groceries/toiletries_health_and_beauty/hair_care/shampoo>
{'image_name': ['ogx biotin collagen shampoo 385'], 'images': []}
DEBUG: Scraped from <200 https://www.waitrose.com/ecom/shop/browse/groceries/toiletries_health_and_beauty/hair_care/shampoo>
{'image_name': ['pantene 3 in 1 classic clean 450'], 'images': []}
DEBUG: Scraped from <200 https://www.waitrose.com/ecom/shop/browse/groceries/toiletries_health_and_beauty/hair_care/shampoo>
{'image_name': ['essential waitrose nourishing shampoo 300'], 'images': []}
DEBUG: Scraped from <200 https://www.waitrose.com/ecom/shop/browse/groceries/toiletries_health_and_beauty/hair_care/shampoo>
{'image_name': ['ogx argan oil morocco shampoo 385'], 'images': []}
DEBUG: Scraped from <200 https://www.waitrose.com/ecom/shop/browse/groceries/toiletries_health_and_beauty/hair_care/shampoo>
{'image_name': ['ogx coconut milk shampoo 385'], 'images': []}
DEBUG: Scraped from <200 https://www.waitrose.com/ecom/shop/browse/groceries/toiletries_health_and_beauty/hair_care/shampoo>
{'image_name': ['ogx kuku oil shampoo 385'], 'images': []}
DEBUG: Scraped from <200 https://www.waitrose.com/ecom/shop/browse/groceries/toiletries_health_and_beauty/hair_care/shampoo>
{'image_name': ['avalon organics tea tree shampoo 325'], 'images': []}
DEBUG: Scraped from <200 https://www.waitrose.com/ecom/shop/browse/groceries/toiletries_health_and_beauty/hair_care/shampoo>
{'image_name': ['pantene colour protect shampoo 500'], 'images': []}
DEBUG: Scraped from <200 https://www.waitrose.com/ecom/shop/browse/groceries/toiletries_health_and_beauty/hair_care/shampoo>
{'image_name': ['head shoulders shampoo apple fresh 500'], 'images': []}
DEBUG: Scraped from <200 https://www.waitrose.com/ecom/shop/browse/groceries/toiletries_health_and_beauty/hair_care/shampoo>
{'image_name': ['herbal essences aloe mango shampoo 380'], 'images': []}
DEBUG: Scraped from <200 https://www.waitrose.com/ecom/shop/browse/groceries/toiletries_health_and_beauty/hair_care/shampoo>
{'image_name': ['hair biology purple shampoo 250'], 'images': []}
DEBUG: Scraped from <200 https://www.waitrose.com/ecom/shop/browse/groceries/toiletries_health_and_beauty/hair_care/shampoo>
{'image_name': ['herbal essences volume shampoo 400'], 'images': []}
DEBUG: Scraped from <200 https://www.waitrose.com/ecom/shop/browse/groceries/toiletries_health_and_beauty/hair_care/shampoo>
{'image_name': ['eco warrior shampoo bar 100g'], 'images': []}
DEBUG: Scraped from <200 https://www.waitrose.com/ecom/shop/browse/groceries/toiletries_health_and_beauty/hair_care/shampoo>
{'image_name': ['head shoulders smooth shampoo 500'], 'images': []}
DEBUG: Scraped from <200 https://www.waitrose.com/ecom/shop/browse/groceries/toiletries_health_and_beauty/hair_care/shampoo>
{'image_name': ['essential daily care 2 in 1 300'], 'images': []}
DEBUG: Scraped from <200 https://www.waitrose.com/ecom/shop/browse/groceries/toiletries_health_and_beauty/hair_care/shampoo>
{'image_name': ['vosene original shampoo 250'], 'images': []}
DEBUG: Scraped from <200 https://www.waitrose.com/ecom/shop/browse/groceries/toiletries_health_and_beauty/hair_care/shampoo>
{'image_name': ['pantene grow strong shampoo 400'], 'images': []}
DEBUG: Scraped from <200 https://www.waitrose.com/ecom/shop/browse/groceries/toiletries_health_and_beauty/hair_care/shampoo>
{'image_name': ['herbal essences deep repair shampoo 400'], 'images': []}
DEBUG: Scraped from <200 https://www.waitrose.com/ecom/shop/browse/groceries/toiletries_health_and_beauty/hair_care/shampoo>
{'image_name': ['head shoulders shampoo citrus fresh 500'], 'images': []}
DEBUG: Scraped from <200 https://www.waitrose.com/ecom/shop/browse/groceries/toiletries_health_and_beauty/hair_care/shampoo>
{'image_name': ['ogx coconut oil shampoo 385'], 'images': []}
DEBUG: Scraped from <200 https://www.waitrose.com/ecom/shop/browse/groceries/toiletries_health_and_beauty/hair_care/shampoo>
{'image_name': ['aussie aussome volume shampoo 500'], 'images': []}
DEBUG: Scraped from <200 https://www.waitrose.com/ecom/shop/browse/groceries/toiletries_health_and_beauty/hair_care/shampoo>
{'image_name': ['head shoulders coconut shampoo 500'], 'images': []}
DEBUG: Scraped from <200 https://www.waitrose.com/ecom/shop/browse/groceries/toiletries_health_and_beauty/hair_care/shampoo>
{'image_name': ['pantene 3in1 smooth sleek 450'], 'images': []}
DEBUG: Scraped from <200 https://www.waitrose.com/ecom/shop/browse/groceries/toiletries_health_and_beauty/hair_care/shampoo>
{'image_name': ['avalon organics lemon shampoo 325'], 'images': []}
DEBUG: Scraped from <200 https://www.waitrose.com/ecom/shop/browse/groceries/toiletries_health_and_beauty/hair_care/shampoo>
{'image_name': ['aorganic lavender shampoo 325'], 'images': []}
DEBUG: Scraped from <200 https://www.waitrose.com/ecom/shop/browse/groceries/toiletries_health_and_beauty/hair_care/shampoo>
{'image_name': ['ogx brazilian keratin shampoo 385'], 'images': []}
DEBUG: Scraped from <200 https://www.waitrose.com/ecom/shop/browse/groceries/toiletries_health_and_beauty/hair_care/shampoo>
{'image_name': ['tresemme shampoo moisture rich 800'], 'images': []}
DEBUG: Scraped from <200 https://www.waitrose.com/ecom/shop/browse/groceries/toiletries_health_and_beauty/hair_care/shampoo>
{'image_name': ['aussie miracle shine shampoo 500'], 'images': []}
DEBUG: Scraped from <200 https://www.waitrose.com/ecom/shop/browse/groceries/toiletries_health_and_beauty/hair_care/shampoo>
{'image_name': ['head shoulders 2in1 apple fresh 450'], 'images': []}
DEBUG: Scraped from <200 https://www.waitrose.com/ecom/shop/browse/groceries/toiletries_health_and_beauty/hair_care/shampoo>
{'image_name': ['aussie colour mate shampoo 500'], 'images': []}
DEBUG: Scraped from <200 https://www.waitrose.com/ecom/shop/browse/groceries/toiletries_health_and_beauty/hair_care/shampoo>
{'image_name': ['batiste original dry shampoo 200'], 'images': []}
DEBUG: Scraped from <200 https://www.waitrose.com/ecom/shop/browse/groceries/toiletries_health_and_beauty/hair_care/shampoo>
{'image_name': ['john frieda shampoo touchably full 250'], 'images': []}
DEBUG: Scraped from <200 https://www.waitrose.com/ecom/shop/browse/groceries/toiletries_health_and_beauty/hair_care/shampoo>
{'image_name': ['pantene hair biology full vibrant 250'], 'images': []}
DEBUG: Scraped from <200 https://www.waitrose.com/ecom/shop/browse/groceries/toiletries_health_and_beauty/hair_care/shampoo>
{'image_name': ['ogx orchid oil shampoo 385'], 'images': []}
DEBUG: Scraped from <200 https://www.waitrose.com/ecom/shop/browse/groceries/toiletries_health_and_beauty/hair_care/shampoo>
{'image_name': ['head shoulders 2in1 itchy scalp 450'], 'images': []}
DEBUG: Scraped from <200 https://www.waitrose.com/ecom/shop/browse/groceries/toiletries_health_and_beauty/hair_care/shampoo>
{'image_name': ['essential waitrose anti druff 2 in 1 300'], 'images': []}
DEBUG: Scraped from <200 https://www.waitrose.com/ecom/shop/browse/groceries/toiletries_health_and_beauty/hair_care/shampoo>
{'image_name': ['aussie aussome volume shampoo 300'], 'images': []}
DEBUG: Scraped from <200 https://www.waitrose.com/ecom/shop/browse/groceries/toiletries_health_and_beauty/hair_care/shampoo>
{'image_name': ['herbal essences aloe hemp shampoo 380'], 'images': []}
DEBUG: Scraped from <200 https://www.waitrose.com/ecom/shop/browse/groceries/toiletries_health_and_beauty/hair_care/shampoo>
{'image_name': ['neutrogena tgel shampoo dry hair 125'], 'images': []}
DEBUG: Scraped from <200 https://www.waitrose.com/ecom/shop/browse/groceries/toiletries_health_and_beauty/hair_care/shampoo>
{'image_name': ['sheer blonde go blonder shampoo 250'], 'images': []}
DEBUG: Scraped from <200 https://www.waitrose.com/ecom/shop/browse/groceries/toiletries_health_and_beauty/hair_care/shampoo>
{'image_name': ['pantene 3in1 repair protect 450'], 'images': []}
DEBUG: Scraped from <200 https://www.waitrose.com/ecom/shop/browse/groceries/toiletries_health_and_beauty/hair_care/shampoo>
{'image_name': ['dgj thickening shampoo 250'], 'images': []}
DEBUG: Scraped from <200 https://www.waitrose.com/ecom/shop/browse/groceries/toiletries_health_and_beauty/hair_care/shampoo>
{'image_name': ['herbal essences coconut shampoo 250'], 'images': []}
DEBUG: Scraped from <200 https://www.waitrose.com/ecom/shop/browse/groceries/toiletries_health_and_beauty/hair_care/shampoo>
{'image_name': ['frizz ease shampoo miraculous recovery 250'], 'images': []}
DEBUG: Scraped from <200 https://www.waitrose.com/ecom/shop/browse/groceries/toiletries_health_and_beauty/hair_care/shampoo>
{'image_name': ['tresemme shampoo deep cleansing 800'], 'images': []}
DEBUG: Scraped from <200 https://www.waitrose.com/ecom/shop/browse/groceries/toiletries_health_and_beauty/hair_care/shampoo>
{'image_name': ['head shoulders 2in1 citrus care 450'], 'images': []}
DEBUG: Scraped from <200 https://www.waitrose.com/ecom/shop/browse/groceries/toiletries_health_and_beauty/hair_care/shampoo>
{'image_name': ['faith in nature grapefruit shampoo 400'], 'images': []}
DEBUG: Scraped from <200 https://www.waitrose.com/ecom/shop/browse/groceries/toiletries_health_and_beauty/hair_care/shampoo>
{'image_name': ['john frieda violet crush shampoo 250'], 'images': []}
DEBUG: Scraped from <200 https://www.waitrose.com/ecom/shop/browse/groceries/toiletries_health_and_beauty/hair_care/shampoo>
{'image_name': ['batiste blush dry shampoo 200'], 'images': []}
DEBUG: Scraped from <200 https://www.waitrose.com/ecom/shop/browse/groceries/toiletries_health_and_beauty/hair_care/shampoo>
{'image_name': ['ogx charcoal detox shampoo 385'], 'images': []}
DEBUG: Scraped from <200 https://www.waitrose.com/ecom/shop/browse/groceries/toiletries_health_and_beauty/hair_care/shampoo>
{'image_name': ['head shoulders 2in1 smooth silky 450'], 'images': []}
DEBUG: Scraped from <200 https://www.waitrose.com/ecom/shop/browse/groceries/toiletries_health_and_beauty/hair_care/shampoo>
{'image_name': ['head shoulders 2in1 classic clean 225'], 'images': []}
DEBUG: Scraped from <200 https://www.waitrose.com/ecom/shop/browse/groceries/toiletries_health_and_beauty/hair_care/shampoo>
{'image_name': ['head shoulders 2 in 1 total care 225'], 'images': []}
DEBUG: Scraped from <200 https://www.waitrose.com/ecom/shop/browse/groceries/toiletries_health_and_beauty/hair_care/shampoo>
{'image_name': ['aussie miracle moist shampoo 300'], 'images': []}
DEBUG: Scraped from <200 https://www.waitrose.com/ecom/shop/browse/groceries/toiletries_health_and_beauty/hair_care/shampoo>
{'image_name': ['head shoulders shampoo cool menthol 500'], 'images': []}
DEBUG: Scraped from <200 https://www.waitrose.com/ecom/shop/browse/groceries/toiletries_health_and_beauty/hair_care/shampoo>
{'image_name': ['percy reed volumising shampoo 250'], 'images': []}
DEBUG: Scraped from <200 https://www.waitrose.com/ecom/shop/browse/groceries/toiletries_health_and_beauty/hair_care/shampoo>
{'image_name': ['percy reed no fuss dry shampoo 200'], 'images': []}
DEBUG: Scraped from <200 https://www.waitrose.com/ecom/shop/browse/groceries/toiletries_health_and_beauty/hair_care/shampoo>
{'image_name': ['hair biology de frizz shampoo 250'], 'images': []}
DEBUG: Scraped from <200 https://www.waitrose.com/ecom/shop/browse/groceries/toiletries_health_and_beauty/hair_care/shampoo>
{'image_name': ['umberto giannini grow long shampoo 250'], 'images': []}
DEBUG: Scraped from <200 https://www.waitrose.com/ecom/shop/browse/groceries/toiletries_health_and_beauty/hair_care/shampoo>
{'image_name': ['umberto giannini violet shampoo 250'], 'images': []}
DEBUG: Scraped from <200 https://www.waitrose.com/ecom/shop/browse/groceries/toiletries_health_and_beauty/hair_care/shampoo>
{'image_name': ['aorganic peppermint shampoo 325'], 'images': []}
DEBUG: Scraped from <200 https://www.waitrose.com/ecom/shop/browse/groceries/toiletries_health_and_beauty/hair_care/shampoo>
{'image_name': ['aussie blonde purple shampoo 290'], 'images': []}
DEBUG: Scraped from <200 https://www.waitrose.com/ecom/shop/browse/groceries/toiletries_health_and_beauty/hair_care/shampoo>
{'image_name': ['faith in nature wild rose shampoo 400'], 'images': []}
DEBUG: Scraped from <200 https://www.waitrose.com/ecom/shop/browse/groceries/toiletries_health_and_beauty/hair_care/shampoo>
{'image_name': ['john frieda hydrate recharge shampoo 250'], 'images': []}
DEBUG: Scraped from <200 https://www.waitrose.com/ecom/shop/browse/groceries/toiletries_health_and_beauty/hair_care/shampoo>
{'image_name': ['dgj hairjuice shampoo 250'], 'images': []}
DEBUG: Scraped from <200 https://www.waitrose.com/ecom/shop/browse/groceries/toiletries_health_and_beauty/hair_care/shampoo>
{'image_name': ['loreal kids shampoo berry strawberry 250'], 'images': []}
DEBUG: Scraped from <200 https://www.waitrose.com/ecom/shop/browse/groceries/toiletries_health_and_beauty/hair_care/shampoo>
{'image_name': ['neals yard rose shampoo 200'], 'images': []}
DEBUG: Scraped from <200 https://www.waitrose.com/ecom/shop/browse/groceries/toiletries_health_and_beauty/hair_care/shampoo>
{'image_name': ['brilliant brunette protecting shampoo 250'], 'images': []}
DEBUG: Scraped from <200 https://www.waitrose.com/ecom/shop/browse/groceries/toiletries_health_and_beauty/hair_care/shampoo>
{'image_name': ['argan argan oil 5oil miracle shampoo 300'], 'images': []}
DEBUG: Scraped from <200 https://www.waitrose.com/ecom/shop/browse/groceries/toiletries_health_and_beauty/hair_care/shampoo>
{'image_name': ['aussie miracle shine shampoo 300'], 'images': []}
DEBUG: Scraped from <200 https://www.waitrose.com/ecom/shop/browse/groceries/toiletries_health_and_beauty/hair_care/shampoo>
{'image_name': ['aussie mega shampoo 300'], 'images': []}
DEBUG: Scraped from <200 https://www.waitrose.com/ecom/shop/browse/groceries/toiletries_health_and_beauty/hair_care/shampoo>
{'image_name': ['ogx keratin oil shampoo 385'], 'images': []}
DEBUG: Scraped from <200 https://www.waitrose.com/ecom/shop/browse/groceries/toiletries_health_and_beauty/hair_care/shampoo>
{'image_name': ['pantene hair biology illuminating mask 160'], 'images': []}
DEBUG: Scraped from <200 https://www.waitrose.com/ecom/shop/browse/groceries/toiletries_health_and_beauty/hair_care/shampoo>
{'image_name': ['beco spring meadow shampoo bar 90g'], 'images': []}
DEBUG: Scraped from <200 https://www.waitrose.com/ecom/shop/browse/groceries/toiletries_health_and_beauty/hair_care/shampoo>
{'image_name': ['batiste dry shampoo volume 200'], 'images': []}
DEBUG: Scraped from <200 https://www.waitrose.com/ecom/shop/browse/groceries/toiletries_health_and_beauty/hair_care/shampoo>
{'image_name': ['aussie colour mate shampoo 300'], 'images': []}
DEBUG: Scraped from <200 https://www.waitrose.com/ecom/shop/browse/groceries/toiletries_health_and_beauty/hair_care/shampoo>
{'image_name': ['faith in nature lavender shampoo 400'], 'images': []}
DEBUG: Scraped from <200 https://www.waitrose.com/ecom/shop/browse/groceries/toiletries_health_and_beauty/hair_care/shampoo>
{'image_name': ['vosene kids 3in1 tea tree shampoo 250'], 'images': []}
DEBUG: Scraped from <200 https://www.waitrose.com/ecom/shop/browse/groceries/toiletries_health_and_beauty/hair_care/shampoo>
{'image_name': ['frizz ease dream curls shampoo 250'], 'images': []}
DEBUG: Scraped from <200 https://www.waitrose.com/ecom/shop/browse/groceries/toiletries_health_and_beauty/hair_care/shampoo>
{'image_name': ['head shoulders supreme shampoo 400'], 'images': []}
DEBUG: Scraped from <200 https://www.waitrose.com/ecom/shop/browse/groceries/toiletries_health_and_beauty/hair_care/shampoo>
{'image_name': ['herbal essences argan oil shampoo 250'], 'images': []}
DEBUG: Scraped from <200 https://www.waitrose.com/ecom/shop/browse/groceries/toiletries_health_and_beauty/hair_care/shampoo>
{'image_name': ['john frieda shampoo weightless wonder 250'], 'images': []}
DEBUG: Scraped from <200 https://www.waitrose.com/ecom/shop/browse/groceries/toiletries_health_and_beauty/hair_care/shampoo>
{'image_name': ['dgj clarifying shampoo 250'], 'images': []}
DEBUG: Scraped from <200 https://www.waitrose.com/ecom/shop/browse/groceries/toiletries_health_and_beauty/hair_care/shampoo>
{'image_name': ['aussie miracle moist spray 250'], 'images': []}
DEBUG: Scraped from <200 https://www.waitrose.com/ecom/shop/browse/groceries/toiletries_health_and_beauty/hair_care/shampoo>
{'image_name': ['batiste dark deep brown dry shampoo 200'], 'images': []}
DEBUG: Scraped from <200 https://www.waitrose.com/ecom/shop/browse/groceries/toiletries_health_and_beauty/hair_care/shampoo>
{'image_name': ['percy reed hydrating shampoo 250'], 'images': []}
DEBUG: Scraped from <200 https://www.waitrose.com/ecom/shop/browse/groceries/toiletries_health_and_beauty/hair_care/shampoo>
{'image_name': ['umberto giannini curl jelly wash 250'], 'images': []}
DEBUG: Scraped from <200 https://www.waitrose.com/ecom/shop/browse/groceries/toiletries_health_and_beauty/hair_care/shampoo>
{'image_name': ['percy reed wonder wash shampoo 250'], 'images': []}
DEBUG: Scraped from <200 https://www.waitrose.com/ecom/shop/browse/groceries/toiletries_health_and_beauty/hair_care/shampoo>
{'image_name': ['aorganic rosemary shampoo 325'], 'images': []}
DEBUG: Scraped from <200 https://www.waitrose.com/ecom/shop/browse/groceries/toiletries_health_and_beauty/hair_care/shampoo>
{'image_name': ['hask keratin protein smoothing shampoo 355'], 'images': []}
DEBUG: Scraped from <200 https://www.waitrose.com/ecom/shop/browse/groceries/toiletries_health_and_beauty/hair_care/shampoo>
{'image_name': ['argan argan oil rejuvenating shampoo 300'], 'images': []}
DEBUG: Scraped from <200 https://www.waitrose.com/ecom/shop/browse/groceries/toiletries_health_and_beauty/hair_care/shampoo>
{'image_name': ['sheer blonde moisturising shampoo 250'], 'images': []}
DEBUG: Scraped from <200 https://www.waitrose.com/ecom/shop/browse/groceries/toiletries_health_and_beauty/hair_care/shampoo>
{'image_name': ['maui moisture shea butter shampoo 385'], 'images': []}
DEBUG: Scraped from <200 https://www.waitrose.com/ecom/shop/browse/groceries/toiletries_health_and_beauty/hair_care/shampoo>
{'image_name': ['maui moisture hibiscus water 385'], 'images': []}
DEBUG: Scraped from <200 https://www.waitrose.com/ecom/shop/browse/groceries/toiletries_health_and_beauty/hair_care/shampoo>
{'image_name': ['aussie calm the frizz shampoo 300'], 'images': []}
DEBUG: Scraped from <200 https://www.waitrose.com/ecom/shop/browse/groceries/toiletries_health_and_beauty/hair_care/shampoo>
{'image_name': ['head shoulders colour protect 400'], 'images': []}
DEBUG: Scraped from <200 https://www.waitrose.com/ecom/shop/browse/groceries/toiletries_health_and_beauty/hair_care/shampoo>
{'image_name': ['head shoulders repair shampoo 400'], 'images': []}
DEBUG: Scraped from <200 https://www.waitrose.com/ecom/shop/browse/groceries/toiletries_health_and_beauty/hair_care/shampoo>
{'image_name': ['noughty detox dynamo shampoo 250'], 'images': []}
DEBUG: Scraped from <200 https://www.waitrose.com/ecom/shop/browse/groceries/toiletries_health_and_beauty/hair_care/shampoo>
{'image_name': ['noughty wave hello shampoo 250'], 'images': []}
DEBUG: Scraped from <200 https://www.waitrose.com/ecom/shop/browse/groceries/toiletries_health_and_beauty/hair_care/shampoo>
{'image_name': ['hask moni coconut oil shampoo 355'], 'images': []}
DEBUG: Scraped from <200 https://www.waitrose.com/ecom/shop/browse/groceries/toiletries_health_and_beauty/hair_care/shampoo>
{'image_name': ['neals yard lavender shampoo 200'], 'images': []}
DEBUG: Scraped from <200 https://www.waitrose.com/ecom/shop/browse/groceries/toiletries_health_and_beauty/hair_care/shampoo>
{'image_name': ['maui moisture bamboo shampoo 385'], 'images': []}
DEBUG: Scraped from <200 https://www.waitrose.com/ecom/shop/browse/groceries/toiletries_health_and_beauty/hair_care/shampoo>
{'image_name': ['noughty to the rescue shampoo 250'], 'images': []}
DEBUG: Scraped from <200 https://www.waitrose.com/ecom/shop/browse/groceries/toiletries_health_and_beauty/hair_care/shampoo>
{'image_name': ['argan long strong shampoo 300'], 'images': []}
DEBUG: Scraped from <200 https://www.waitrose.com/ecom/shop/browse/groceries/toiletries_health_and_beauty/hair_care/shampoo>
{'image_name': ['pure grace shower gel 480'], 'images': []}
DEBUG: Scraped from <200 https://www.waitrose.com/ecom/shop/browse/groceries/toiletries_health_and_beauty/hair_care/shampoo>
{'image_name': ['head shoulders supreme moisture 400'], 'images': []}
DEBUG: Scraped from <200 https://www.waitrose.com/ecom/shop/browse/groceries/toiletries_health_and_beauty/hair_care/shampoo>
{'image_name': ['hask argan oil repairing shampoo 355'], 'images': []}
DEBUG: Scraped from <200 https://www.waitrose.com/ecom/shop/browse/groceries/toiletries_health_and_beauty/hair_care/shampoo>
{'image_name': ['dgj colour save shampoo 250'], 'images': []}
DEBUG: Scraped from <200 https://www.waitrose.com/ecom/shop/browse/groceries/toiletries_health_and_beauty/hair_care/shampoo>
{'image_name': ['dgj kids lice repel shampoo 250'], 'images': []}
DEBUG: Scraped from <200 https://www.waitrose.com/ecom/shop/browse/groceries/toiletries_health_and_beauty/hair_care/shampoo>
{'image_name': ['senspa deep cleanse shampoo 250'], 'images': []}
DEBUG: Scraped from <200 https://www.waitrose.com/ecom/shop/browse/groceries/toiletries_health_and_beauty/hair_care/shampoo>
{'image_name': ['sensspa nourishing shampoo 250'], 'images': []}
DEBUG: Scraped from <200 https://www.waitrose.com/ecom/shop/browse/groceries/toiletries_health_and_beauty/hair_care/shampoo>
{'image_name': ['batiste dry shampoo for blondes 200'], 'images': []}
DEBUG: Scraped from <200 https://www.waitrose.com/ecom/shop/browse/groceries/toiletries_health_and_beauty/hair_care/shampoo>
{'image_name': ['hask biotin boost shampoo 355'], 'images': []}
DEBUG: Scraped from <200 https://www.waitrose.com/ecom/shop/browse/groceries/toiletries_health_and_beauty/hair_care/shampoo>
{'image_name': ['fit kit gentle shampoo conditioner 200'], 'images': []}
DEBUG: Scraped from <200 https://www.waitrose.com/ecom/shop/browse/groceries/toiletries_health_and_beauty/hair_care/shampoo>
{'image_name': ['beco honey blossom shampoo bar 90g'], 'images': []}
DEBUG: Scraped from <200 https://www.waitrose.com/ecom/shop/browse/groceries/toiletries_health_and_beauty/hair_care/shampoo>
{'image_name': ['noughty pumped up shampoo 250'], 'images': []}
DEBUG: Scraped from <200 https://www.waitrose.com/ecom/shop/browse/groceries/toiletries_health_and_beauty/hair_care/shampoo>
{'image_name': ['vosene kids 2in1 melon shampoo 250'], 'images': []}
DEBUG: Scraped from <200 https://www.waitrose.com/ecom/shop/browse/groceries/toiletries_health_and_beauty/hair_care/shampoo>
{'image_name': ['noughty colour bomb shampoo 250'], 'images': []}
DEBUG: Scraped from <200 https://www.waitrose.com/ecom/shop/browse/groceries/toiletries_health_and_beauty/hair_care/shampoo>
{'image_name': ['john frieda shampoo detox repair 250'], 'images': []}
DEBUG: Scraped from <200 https://www.waitrose.com/ecom/shop/browse/groceries/toiletries_health_and_beauty/hair_care/shampoo>
{'image_name': ['dgj kids detangle shampoo 250'], 'images': []}
DEBUG: Scraped from <200 https://www.waitrose.com/ecom/shop/browse/groceries/toiletries_health_and_beauty/hair_care/shampoo>
{'image_name': ['dgj argan oil shampoo 250'], 'images': []}
DEBUG: Scraped from <200 https://www.waitrose.com/ecom/shop/browse/groceries/toiletries_health_and_beauty/hair_care/shampoo>
{'image_name': ['noughty care taker shampoo 250'], 'images': []}
DEBUG: Scraped from <200 https://www.waitrose.com/ecom/shop/browse/groceries/toiletries_health_and_beauty/hair_care/shampoo>
{'image_name': ['aussie shampoo scent sational 300'], 'images': []}
DEBUG: Scraped from <200 https://www.waitrose.com/ecom/shop/browse/groceries/toiletries_health_and_beauty/hair_care/shampoo>
{'image_name': ['richard ward brunette shampoo 250'], 'images': []}
DEBUG: Scraped from <200 https://www.waitrose.com/ecom/shop/browse/groceries/toiletries_health_and_beauty/hair_care/shampoo>
{'image_name': ['richard ward chelsea cleanse condition 250'], 'images': []}
DEBUG: Scraped from <200 https://www.waitrose.com/ecom/shop/browse/groceries/toiletries_health_and_beauty/hair_care/shampoo>
{'image_name': ['richard ward argan antiageing shampoo 250'], 'images': []}
INFO: Closing spider (finished)
INFO: Dumping Scrapy stats:
{'downloader/request_bytes': 2594,
 'downloader/request_count': 1,
 'downloader/request_method_count/POST': 1,
 'downloader/response_bytes': 1495324,
 'downloader/response_count': 1,
 'downloader/response_status_count/200': 1,
 'finish_reason': 'finished',
 'finish_time': datetime.datetime(2020, 8, 17, 17, 59, 23, 974948),
 'item_scraped_count': 140,
 'log_count/DEBUG': 141,
 'log_count/INFO': 10,
 'response_received_count': 1,
 'scheduler/dequeued': 2,
 'scheduler/dequeued/memory': 2,
 'scheduler/enqueued': 2,
 'scheduler/enqueued/memory': 2,
 'splash/execute/request_count': 1,
 'splash/execute/response_count/200': 1,
 'start_time': datetime.datetime(2020, 8, 17, 17, 58, 1, 354905)}
INFO: Spider closed (finished)
INFO: Scrapy 1.6.0 started (bot: waitrose)
INFO: Versions: lxml 4.5.1.0, libxml2 2.9.10, cssselect 1.1.0, parsel 1.6.0, w3lib 1.22.0, Twisted 20.3.0, Python 3.7.7 (default, May  6 2020, 11:45:54) [MSC v.1916 64 bit (AMD64)], pyOpenSSL 19.1.0 (OpenSSL 1.1.1g  21 Apr 2020), cryptography 2.9.2, Platform Windows-10-10.0.18362-SP0
INFO: Overridden settings: {'BOT_NAME': 'waitrose', 'DOWNLOAD_TIMEOUT': 1200, 'DUPEFILTER_CLASS': 'scrapy_splash.SplashAwareDupeFilter', 'FEED_EXPORT_ENCODING': 'utf-8', 'FEED_FORMAT': 'json', 'FEED_URI': 'waitrose_081820.json', 'NEWSPIDER_MODULE': 'waitrose.spiders', 'SPIDER_MODULES': ['waitrose.spiders']}
INFO: Telnet Password: 7495c5e4fe593952
INFO: Enabled extensions:
['scrapy.extensions.corestats.CoreStats',
 'scrapy.extensions.telnet.TelnetConsole',
 'scrapy.extensions.feedexport.FeedExporter',
 'scrapy.extensions.logstats.LogStats']
INFO: Enabled downloader middlewares:
['scrapy.downloadermiddlewares.httpauth.HttpAuthMiddleware',
 'scrapy.downloadermiddlewares.downloadtimeout.DownloadTimeoutMiddleware',
 'scrapy.downloadermiddlewares.defaultheaders.DefaultHeadersMiddleware',
 'scrapy.downloadermiddlewares.useragent.UserAgentMiddleware',
 'scrapy.downloadermiddlewares.retry.RetryMiddleware',
 'scrapy.downloadermiddlewares.redirect.MetaRefreshMiddleware',
 'scrapy.downloadermiddlewares.redirect.RedirectMiddleware',
 'scrapy.downloadermiddlewares.cookies.CookiesMiddleware',
 'scrapy_splash.SplashCookiesMiddleware',
 'scrapy_splash.SplashMiddleware',
 'scrapy.downloadermiddlewares.httpproxy.HttpProxyMiddleware',
 'scrapy.downloadermiddlewares.httpcompression.HttpCompressionMiddleware',
 'scrapy.downloadermiddlewares.stats.DownloaderStats']
INFO: Enabled spider middlewares:
['scrapy.spidermiddlewares.httperror.HttpErrorMiddleware',
 'scrapy_splash.SplashDeduplicateArgsMiddleware',
 'scrapy.spidermiddlewares.offsite.OffsiteMiddleware',
 'scrapy.spidermiddlewares.referer.RefererMiddleware',
 'scrapy.spidermiddlewares.urllength.UrlLengthMiddleware',
 'scrapy.spidermiddlewares.depth.DepthMiddleware']
INFO: Enabled item pipelines:
['waitrose.pipelines.ImageDownloaderPipeline',
 'waitrose.pipelines.SQLlitePipeline']
INFO: Spider opened
INFO: Crawled 0 pages (at 0 pages/min), scraped 0 items (at 0 items/min)
WARNING: C:\Users\sujithk\AppData\Local\Continuum\anaconda3\envs\Virtual_Env\lib\site-packages\scrapy\spidermiddlewares\offsite.py:61: URLWarning: allowed_domains accepts only domains, not URLs. Ignoring URL entry https://www.waitrose.com/ in allowed_domains.
  warnings.warn(message, URLWarning)

INFO: Telnet console listening on 127.0.0.1:6023
INFO: Crawled 0 pages (at 0 pages/min), scraped 0 items (at 0 items/min)
DEBUG: Crawled (200) <GET https://www.waitrose.com/ecom/shop/browse/groceries/toiletries_health_and_beauty/hair_care/shampoo via http://192.168.1.9:8050/execute> (referer: None)
DEBUG: Scraped from <200 https://www.waitrose.com/ecom/shop/browse/groceries/toiletries_health_and_beauty/hair_care/shampoo>
{'client': 'Waitrose', 'time': datetime.datetime(2020, 8, 18, 9, 1, 10, 343784), 'category': 'Shampoo', 'id': 'tPp639366-90822-90823', 'prod_name': 'Head & Shoulders Shampoo Classic', 'waitrose_Qty': '500ml', 'waitrose_discounted_price': '£3.43', 'waitrose_offer_desc': 'Save 1/3.', 'waitrose_url': 'https://www.waitrose.com/ecom/shop/browse/groceries/toiletries_health_and_beauty/hair_care/shampoo', 'waitrose_rating': '3.5', 'waitrose_unit_price': '(68.6p/100ml)', 'waitrose_new_flag': None, 'waitrose_prod_name': 'Head & Shoulders Shampoo Classic 500ml', 'images': []}
DEBUG: Scraped from <200 https://www.waitrose.com/ecom/shop/browse/groceries/toiletries_health_and_beauty/hair_care/shampoo>
{'client': 'Waitrose', 'time': datetime.datetime(2020, 8, 18, 9, 1, 10, 343784), 'category': 'Shampoo', 'id': 'tPp435635-694165-694166', 'prod_name': 'Pantene Classic Clean Shampoo', 'waitrose_Qty': '500ml', 'waitrose_discounted_price': '£5.15', 'waitrose_offer_desc': 'Add 2 for £5', 'waitrose_url': 'https://www.waitrose.com/ecom/shop/browse/groceries/toiletries_health_and_beauty/hair_care/shampoo', 'waitrose_rating': None, 'waitrose_unit_price': '(£1.03/100ml)', 'waitrose_new_flag': None, 'waitrose_prod_name': 'Pantene Classic Clean Shampoo 500ml', 'images': []}
DEBUG: Scraped from <200 https://www.waitrose.com/ecom/shop/browse/groceries/toiletries_health_and_beauty/hair_care/shampoo>
{'client': 'Waitrose', 'time': datetime.datetime(2020, 8, 18, 9, 1, 10, 343784), 'category': 'Shampoo', 'id': 'tPp757780-107799-107800', 'prod_name': 'Head & Shoulders 2in1 Classic Clean', 'waitrose_Qty': '450ml', 'waitrose_discounted_price': '£3.43', 'waitrose_offer_desc': 'Save 1/3.', 'waitrose_url': 'https://www.waitrose.com/ecom/shop/browse/groceries/toiletries_health_and_beauty/hair_care/shampoo', 'waitrose_rating': '4', 'waitrose_unit_price': '(76.2p/100ml)', 'waitrose_new_flag': None, 'waitrose_prod_name': 'Head & Shoulders 2in1 Classic Clean 450ml', 'images': []}
DEBUG: Scraped from <200 https://www.waitrose.com/ecom/shop/browse/groceries/toiletries_health_and_beauty/hair_care/shampoo>
{'client': 'Waitrose', 'time': datetime.datetime(2020, 8, 18, 9, 1, 10, 343784), 'category': 'Shampoo', 'id': 'tPp455905-591789-591790', 'prod_name': 'Herbal Essences clean Shampoo', 'waitrose_Qty': '400ml', 'waitrose_discounted_price': '£4.50', 'waitrose_offer_desc': 'Add 2 for £6', 'waitrose_url': 'https://www.waitrose.com/ecom/shop/browse/groceries/toiletries_health_and_beauty/hair_care/shampoo', 'waitrose_rating': None, 'waitrose_unit_price': '(£1.13/100ml)', 'waitrose_new_flag': None, 'waitrose_prod_name': 'Herbal Essences clean Shampoo 400ml', 'images': []}
DEBUG: Scraped from <200 https://www.waitrose.com/ecom/shop/browse/groceries/toiletries_health_and_beauty/hair_care/shampoo>
{'client': 'Waitrose', 'time': datetime.datetime(2020, 8, 18, 9, 1, 10, 343784), 'category': 'Shampoo', 'id': 'tPp824583-694195-694196', 'prod_name': 'Pantene Repair & Protect Shampoo', 'waitrose_Qty': '500ml', 'waitrose_discounted_price': '£3.75', 'waitrose_offer_desc': 'Add 2 for £5', 'waitrose_url': 'https://www.waitrose.com/ecom/shop/browse/groceries/toiletries_health_and_beauty/hair_care/shampoo', 'waitrose_rating': None, 'waitrose_unit_price': '(75p/100ml)', 'waitrose_new_flag': None, 'waitrose_prod_name': 'Pantene Repair & Protect Shampoo 500ml', 'images': []}
DEBUG: Scraped from <200 https://www.waitrose.com/ecom/shop/browse/groceries/toiletries_health_and_beauty/hair_care/shampoo>
{'client': 'Waitrose', 'time': datetime.datetime(2020, 8, 18, 9, 1, 10, 343784), 'category': 'Shampoo', 'id': 'tPp839781-154875-154876', 'prod_name': 'Aussie miracle moist shampoo', 'waitrose_Qty': '500ml', 'waitrose_discounted_price': '£6.15', 'waitrose_offer_desc': 'Add 2 for £9', 'waitrose_url': 'https://www.waitrose.com/ecom/shop/browse/groceries/toiletries_health_and_beauty/hair_care/shampoo', 'waitrose_rating': None, 'waitrose_unit_price': '(£1.23/100ml)', 'waitrose_new_flag': None, 'waitrose_prod_name': 'Aussie miracle moist shampoo 500ml', 'images': []}
DEBUG: Scraped from <200 https://www.waitrose.com/ecom/shop/browse/groceries/toiletries_health_and_beauty/hair_care/shampoo>
{'client': 'Waitrose', 'time': datetime.datetime(2020, 8, 18, 9, 1, 10, 343784), 'category': 'Shampoo', 'id': 'tPp836753-694201-694202', 'prod_name': 'Pantene Volume & Body Shampoo', 'waitrose_Qty': '500ml', 'waitrose_discounted_price': '£5.15', 'waitrose_offer_desc': 'Add 2 for £5', 'waitrose_url': 'https://www.waitrose.com/ecom/shop/browse/groceries/toiletries_health_and_beauty/hair_care/shampoo', 'waitrose_rating': None, 'waitrose_unit_price': '(£1.03/100ml)', 'waitrose_new_flag': None, 'waitrose_prod_name': 'Pantene Volume & Body Shampoo 500ml', 'images': []}
DEBUG: Scraped from <200 https://www.waitrose.com/ecom/shop/browse/groceries/toiletries_health_and_beauty/hair_care/shampoo>
{'client': 'Waitrose', 'time': datetime.datetime(2020, 8, 18, 9, 1, 10, 343784), 'category': 'Shampoo', 'id': 'tPp882824-154983-154984', 'prod_name': 'Head & Shoulders itchy scalp shampoo', 'waitrose_Qty': '500ml', 'waitrose_discounted_price': '£3.43', 'waitrose_offer_desc': 'Save 1/3.', 'waitrose_url': 'https://www.waitrose.com/ecom/shop/browse/groceries/toiletries_health_and_beauty/hair_care/shampoo', 'waitrose_rating': '5', 'waitrose_unit_price': '(68.6p/100ml)', 'waitrose_new_flag': None, 'waitrose_prod_name': 'Head & Shoulders itchy scalp shampoo 500ml', 'images': []}
DEBUG: Scraped from <200 https://www.waitrose.com/ecom/shop/browse/groceries/toiletries_health_and_beauty/hair_care/shampoo>
{'client': 'Waitrose', 'time': datetime.datetime(2020, 8, 18, 9, 1, 10, 343784), 'category': 'Shampoo', 'id': 'tPp472240-591833-591834', 'prod_name': 'Herbal Essences Repair Shampoo', 'waitrose_Qty': '400ml', 'waitrose_discounted_price': '£4.50', 'waitrose_offer_desc': 'Add 2 for £6', 'waitrose_url': 'https://www.waitrose.com/ecom/shop/browse/groceries/toiletries_health_and_beauty/hair_care/shampoo', 'waitrose_rating': '5', 'waitrose_unit_price': '(£1.13/100ml)', 'waitrose_new_flag': None, 'waitrose_prod_name': 'Herbal Essences Repair Shampoo 400ml', 'images': []}
DEBUG: Scraped from <200 https://www.waitrose.com/ecom/shop/browse/groceries/toiletries_health_and_beauty/hair_care/shampoo>
{'client': 'Waitrose', 'time': datetime.datetime(2020, 8, 18, 9, 1, 10, 343784), 'category': 'Shampoo', 'id': 'tPp821139-694191-694192', 'prod_name': 'Pantene Smooth & Sleek Shampoo', 'waitrose_Qty': '500ml', 'waitrose_discounted_price': '£5.15', 'waitrose_offer_desc': 'Add 2 for £5', 'waitrose_url': 'https://www.waitrose.com/ecom/shop/browse/groceries/toiletries_health_and_beauty/hair_care/shampoo', 'waitrose_rating': None, 'waitrose_unit_price': '(£1.03/100ml)', 'waitrose_new_flag': None, 'waitrose_prod_name': 'Pantene Smooth & Sleek Shampoo 500ml', 'images': []}
DEBUG: Scraped from <200 https://www.waitrose.com/ecom/shop/browse/groceries/toiletries_health_and_beauty/hair_care/shampoo>
{'client': 'Waitrose', 'time': datetime.datetime(2020, 8, 18, 9, 1, 10, 343784), 'category': 'Shampoo', 'id': 'tPp407453-471203-471204', 'prod_name': 'Ogx Biotin & Collagen Shampoo', 'waitrose_Qty': '385ml', 'waitrose_discounted_price': '£7.00', 'waitrose_offer_desc': 'Add 2 for £10', 'waitrose_url': 'https://www.waitrose.com/ecom/shop/browse/groceries/toiletries_health_and_beauty/hair_care/shampoo', 'waitrose_rating': None, 'waitrose_unit_price': '(£1.82/100ml)', 'waitrose_new_flag': None, 'waitrose_prod_name': 'Ogx Biotin & Collagen Shampoo 385ml', 'images': []}
DEBUG: Scraped from <200 https://www.waitrose.com/ecom/shop/browse/groceries/toiletries_health_and_beauty/hair_care/shampoo>
{'client': 'Waitrose', 'time': datetime.datetime(2020, 8, 18, 9, 1, 10, 343784), 'category': 'Shampoo', 'id': 'tPp627460-154629-154630', 'prod_name': 'Aussie mega shampoo', 'waitrose_Qty': '500ml', 'waitrose_discounted_price': '£6.15', 'waitrose_offer_desc': 'Add 2 for £9', 'waitrose_url': 'https://www.waitrose.com/ecom/shop/browse/groceries/toiletries_health_and_beauty/hair_care/shampoo', 'waitrose_rating': '3.8', 'waitrose_unit_price': '(£1.23/100ml)', 'waitrose_new_flag': None, 'waitrose_prod_name': 'Aussie mega shampoo 500ml', 'images': []}
DEBUG: Scraped from <200 https://www.waitrose.com/ecom/shop/browse/groceries/toiletries_health_and_beauty/hair_care/shampoo>
{'client': 'Waitrose', 'time': datetime.datetime(2020, 8, 18, 9, 1, 10, 343784), 'category': 'Shampoo', 'id': 'tPp701301-99532-99533', 'prod_name': 'Essential Daily Care Shampoo', 'waitrose_Qty': '300ml', 'waitrose_discounted_price': '80p', 'waitrose_offer_desc': None, 'waitrose_url': 'https://www.waitrose.com/ecom/shop/browse/groceries/toiletries_health_and_beauty/hair_care/shampoo', 'waitrose_rating': '4.1', 'waitrose_unit_price': '(26.7p/100ml)', 'waitrose_new_flag': None, 'waitrose_prod_name': 'Essential Daily Care Shampoo 300ml', 'images': []}
DEBUG: Scraped from <200 https://www.waitrose.com/ecom/shop/browse/groceries/toiletries_health_and_beauty/hair_care/shampoo>
{'client': 'Waitrose', 'time': datetime.datetime(2020, 8, 18, 9, 1, 10, 343784), 'category': 'Shampoo', 'id': 'tPp657721-694179-694180', 'prod_name': 'Pantene 3 in 1 Classic Clean', 'waitrose_Qty': '450ml', 'waitrose_discounted_price': '£3.75', 'waitrose_offer_desc': 'Add 2 for £5', 'waitrose_url': 'https://www.waitrose.com/ecom/shop/browse/groceries/toiletries_health_and_beauty/hair_care/shampoo', 'waitrose_rating': None, 'waitrose_unit_price': '(83.3p/100ml)', 'waitrose_new_flag': None, 'waitrose_prod_name': 'Pantene 3 in 1 Classic Clean 450ml', 'images': []}
DEBUG: Scraped from <200 https://www.waitrose.com/ecom/shop/browse/groceries/toiletries_health_and_beauty/hair_care/shampoo>
{'client': 'Waitrose', 'time': datetime.datetime(2020, 8, 18, 9, 1, 10, 343784), 'category': 'Shampoo', 'id': 'tPp535961-75786-75787', 'prod_name': 'essential Waitrose Nourishing Shampoo', 'waitrose_Qty': '300ml', 'waitrose_discounted_price': '80p', 'waitrose_offer_desc': None, 'waitrose_url': 'https://www.waitrose.com/ecom/shop/browse/groceries/toiletries_health_and_beauty/hair_care/shampoo', 'waitrose_rating': '4.4', 'waitrose_unit_price': '(26.7p/100ml)', 'waitrose_new_flag': None, 'waitrose_prod_name': 'essential Waitrose Nourishing Shampoo 300ml', 'images': []}
DEBUG: Scraped from <200 https://www.waitrose.com/ecom/shop/browse/groceries/toiletries_health_and_beauty/hair_care/shampoo>
{'client': 'Waitrose', 'time': datetime.datetime(2020, 8, 18, 9, 1, 10, 343784), 'category': 'Shampoo', 'id': 'tPp582132-472091-472092', 'prod_name': 'Ogx Argan Oil Morocco Shampoo', 'waitrose_Qty': '385ml', 'waitrose_discounted_price': '£7.00', 'waitrose_offer_desc': 'Add 2 for £10', 'waitrose_url': 'https://www.waitrose.com/ecom/shop/browse/groceries/toiletries_health_and_beauty/hair_care/shampoo', 'waitrose_rating': '4', 'waitrose_unit_price': '(£1.82/100ml)', 'waitrose_new_flag': None, 'waitrose_prod_name': 'Ogx Argan Oil Morocco Shampoo 385ml', 'images': []}
DEBUG: Scraped from <200 https://www.waitrose.com/ecom/shop/browse/groceries/toiletries_health_and_beauty/hair_care/shampoo>
{'client': 'Waitrose', 'time': datetime.datetime(2020, 8, 18, 9, 1, 10, 343784), 'category': 'Shampoo', 'id': 'tPp581617-694173-694174', 'prod_name': 'Pantene Colour Protect Shampoo', 'waitrose_Qty': '500ml', 'waitrose_discounted_price': '£5.15', 'waitrose_offer_desc': 'Add 2 for £5', 'waitrose_url': 'https://www.waitrose.com/ecom/shop/browse/groceries/toiletries_health_and_beauty/hair_care/shampoo', 'waitrose_rating': None, 'waitrose_unit_price': '(£1.03/100ml)', 'waitrose_new_flag': None, 'waitrose_prod_name': 'Pantene Colour Protect Shampoo 500ml', 'images': []}
DEBUG: Scraped from <200 https://www.waitrose.com/ecom/shop/browse/groceries/toiletries_health_and_beauty/hair_care/shampoo>
{'client': 'Waitrose', 'time': datetime.datetime(2020, 8, 18, 9, 1, 10, 343784), 'category': 'Shampoo', 'id': 'tPp490113-591883-591884', 'prod_name': 'Herbal Essences Volume Shampoo', 'waitrose_Qty': '400ml', 'waitrose_discounted_price': '£4.50', 'waitrose_offer_desc': 'Add 2 for £6', 'waitrose_url': 'https://www.waitrose.com/ecom/shop/browse/groceries/toiletries_health_and_beauty/hair_care/shampoo', 'waitrose_rating': '5', 'waitrose_unit_price': '(£1.13/100ml)', 'waitrose_new_flag': None, 'waitrose_prod_name': 'Herbal Essences Volume Shampoo 400ml', 'images': []}
DEBUG: Scraped from <200 https://www.waitrose.com/ecom/shop/browse/groceries/toiletries_health_and_beauty/hair_care/shampoo>
{'client': 'Waitrose', 'time': datetime.datetime(2020, 8, 18, 9, 1, 10, 343784), 'category': 'Shampoo', 'id': 'tPp427668-591713-591714', 'prod_name': 'Herbal Essences Hydrate Shampoo', 'waitrose_Qty': '400ml', 'waitrose_discounted_price': '£4.50', 'waitrose_offer_desc': 'Add 2 for £6', 'waitrose_url': 'https://www.waitrose.com/ecom/shop/browse/groceries/toiletries_health_and_beauty/hair_care/shampoo', 'waitrose_rating': '5', 'waitrose_unit_price': '(£1.13/100ml)', 'waitrose_new_flag': None, 'waitrose_prod_name': 'Herbal Essences Hydrate Shampoo 400ml', 'images': []}
DEBUG: Scraped from <200 https://www.waitrose.com/ecom/shop/browse/groceries/toiletries_health_and_beauty/hair_care/shampoo>
{'client': 'Waitrose', 'time': datetime.datetime(2020, 8, 18, 9, 1, 10, 343784), 'category': 'Shampoo', 'id': 'tPp791725-375655-375656', 'prod_name': 'Ogx Kukuí Oil Shampoo', 'waitrose_Qty': '385ml', 'waitrose_discounted_price': '£7.00', 'waitrose_offer_desc': 'Add 2 for £10', 'waitrose_url': 'https://www.waitrose.com/ecom/shop/browse/groceries/toiletries_health_and_beauty/hair_care/shampoo', 'waitrose_rating': '5', 'waitrose_unit_price': '(£1.82/100ml)', 'waitrose_new_flag': None, 'waitrose_prod_name': 'Ogx Kukuí Oil Shampoo 385ml', 'images': []}
DEBUG: Scraped from <200 https://www.waitrose.com/ecom/shop/browse/groceries/toiletries_health_and_beauty/hair_care/shampoo>
{'client': 'Waitrose', 'time': datetime.datetime(2020, 8, 18, 9, 1, 10, 343784), 'category': 'Shampoo', 'id': 'tPp855140-216863-216864', 'prod_name': 'Ogx Coconut Milk Shampoo', 'waitrose_Qty': '385ml', 'waitrose_discounted_price': '£7.00', 'waitrose_offer_desc': 'Add 2 for £10', 'waitrose_url': 'https://www.waitrose.com/ecom/shop/browse/groceries/toiletries_health_and_beauty/hair_care/shampoo', 'waitrose_rating': '5', 'waitrose_unit_price': '(£1.82/100ml)', 'waitrose_new_flag': None, 'waitrose_prod_name': 'Ogx Coconut Milk Shampoo 385ml', 'images': []}
DEBUG: Scraped from <200 https://www.waitrose.com/ecom/shop/browse/groceries/toiletries_health_and_beauty/hair_care/shampoo>
{'client': 'Waitrose', 'time': datetime.datetime(2020, 8, 18, 9, 1, 10, 343784), 'category': 'Shampoo', 'id': 'tPp820157-724089-724090', 'prod_name': 'Eco Warrior Shampoo Bar', 'waitrose_Qty': '100g', 'waitrose_discounted_price': '£3.00', 'waitrose_offer_desc': 'Save 1/3.', 'waitrose_url': 'https://www.waitrose.com/ecom/shop/browse/groceries/toiletries_health_and_beauty/hair_care/shampoo', 'waitrose_rating': None, 'waitrose_unit_price': '(£3/100g)', 'waitrose_new_flag': None, 'waitrose_prod_name': 'Eco Warrior Shampoo Bar 100g', 'images': []}
DEBUG: Scraped from <200 https://www.waitrose.com/ecom/shop/browse/groceries/toiletries_health_and_beauty/hair_care/shampoo>
{'client': 'Waitrose', 'time': datetime.datetime(2020, 8, 18, 9, 1, 10, 343784), 'category': 'Shampoo', 'id': 'tPp047805-23664-23665', 'prod_name': 'Avalon Organics tea tree shampoo', 'waitrose_Qty': '325ml', 'waitrose_discounted_price': '£7.00', 'waitrose_offer_desc': 'Add 2 for £11', 'waitrose_url': 'https://www.waitrose.com/ecom/shop/browse/groceries/toiletries_health_and_beauty/hair_care/shampoo', 'waitrose_rating': '4.9', 'waitrose_unit_price': '(£2.16/100ml)', 'waitrose_new_flag': None, 'waitrose_prod_name': 'Avalon Organics tea tree shampoo 325ml', 'images': []}
DEBUG: Scraped from <200 https://www.waitrose.com/ecom/shop/browse/groceries/toiletries_health_and_beauty/hair_care/shampoo>
{'client': 'Waitrose', 'time': datetime.datetime(2020, 8, 18, 9, 1, 10, 343784), 'category': 'Shampoo', 'id': 'tPp810201-352482-352483', 'prod_name': 'Essential Daily Care 2 in 1', 'waitrose_Qty': '300ml', 'waitrose_discounted_price': '80p', 'waitrose_offer_desc': None, 'waitrose_url': 'https://www.waitrose.com/ecom/shop/browse/groceries/toiletries_health_and_beauty/hair_care/shampoo', 'waitrose_rating': '4.3', 'waitrose_unit_price': '(26.7p/100ml)', 'waitrose_new_flag': None, 'waitrose_prod_name': 'Essential Daily Care 2 in 1 300ml', 'images': []}
DEBUG: Scraped from <200 https://www.waitrose.com/ecom/shop/browse/groceries/toiletries_health_and_beauty/hair_care/shampoo>
{'client': 'Waitrose', 'time': datetime.datetime(2020, 8, 18, 9, 1, 10, 343784), 'category': 'Shampoo', 'id': 'tPp432893-216691-216692', 'prod_name': 'Head & Shoulders Shampoo Apple Fresh', 'waitrose_Qty': '500ml', 'waitrose_discounted_price': '£3.43', 'waitrose_offer_desc': 'Save 1/3.', 'waitrose_url': 'https://www.waitrose.com/ecom/shop/browse/groceries/toiletries_health_and_beauty/hair_care/shampoo', 'waitrose_rating': None, 'waitrose_unit_price': '(68.6p/100ml)', 'waitrose_new_flag': None, 'waitrose_prod_name': 'Head & Shoulders Shampoo Apple Fresh 500ml', 'images': []}
DEBUG: Scraped from <200 https://www.waitrose.com/ecom/shop/browse/groceries/toiletries_health_and_beauty/hair_care/shampoo>
{'client': 'Waitrose', 'time': datetime.datetime(2020, 8, 18, 9, 1, 10, 343784), 'category': 'Shampoo', 'id': 'tPp755349-720291-720292', 'prod_name': 'Herbal Essences Aloe & Mango Shampoo', 'waitrose_Qty': '380ml', 'waitrose_discounted_price': '£4.50', 'waitrose_offer_desc': 'Add 2 for £6', 'waitrose_url': 'https://www.waitrose.com/ecom/shop/browse/groceries/toiletries_health_and_beauty/hair_care/shampoo', 'waitrose_rating': None, 'waitrose_unit_price': '(£1.19/100ml)', 'waitrose_new_flag': None, 'waitrose_prod_name': 'Herbal Essences Aloe & Mango Shampoo 380ml', 'images': []}
DEBUG: Scraped from <200 https://www.waitrose.com/ecom/shop/browse/groceries/toiletries_health_and_beauty/hair_care/shampoo>
{'client': 'Waitrose', 'time': datetime.datetime(2020, 8, 18, 9, 1, 10, 343784), 'category': 'Shampoo', 'id': 'tPp810302-683828-683829', 'prod_name': 'Herbal Essences Deep Repair Shampoo', 'waitrose_Qty': '400ml', 'waitrose_discounted_price': '£4.50', 'waitrose_offer_desc': 'Add 2 for £6', 'waitrose_url': 'https://www.waitrose.com/ecom/shop/browse/groceries/toiletries_health_and_beauty/hair_care/shampoo', 'waitrose_rating': None, 'waitrose_unit_price': '(£1.13/100ml)', 'waitrose_new_flag': None, 'waitrose_prod_name': 'Herbal Essences Deep Repair Shampoo 400ml', 'images': []}
DEBUG: Scraped from <200 https://www.waitrose.com/ecom/shop/browse/groceries/toiletries_health_and_beauty/hair_care/shampoo>
{'client': 'Waitrose', 'time': datetime.datetime(2020, 8, 18, 9, 1, 10, 343784), 'category': 'Shampoo', 'id': 'tPp076232-38732-38733', 'prod_name': 'AOrganic Lavender Shampoo', 'waitrose_Qty': '325ml', 'waitrose_discounted_price': '£7.00', 'waitrose_offer_desc': 'Add 2 for £11', 'waitrose_url': 'https://www.waitrose.com/ecom/shop/browse/groceries/toiletries_health_and_beauty/hair_care/shampoo', 'waitrose_rating': '3.8', 'waitrose_unit_price': '(£2.16/100ml)', 'waitrose_new_flag': None, 'waitrose_prod_name': 'AOrganic Lavender Shampoo 325ml', 'images': []}
DEBUG: Scraped from <200 https://www.waitrose.com/ecom/shop/browse/groceries/toiletries_health_and_beauty/hair_care/shampoo>
{'client': 'Waitrose', 'time': datetime.datetime(2020, 8, 18, 9, 1, 10, 343784), 'category': 'Shampoo', 'id': 'tPp735751-154731-154732', 'prod_name': 'Aussie aussome volume shampoo', 'waitrose_Qty': '500ml', 'waitrose_discounted_price': '£6.10', 'waitrose_offer_desc': 'Add 2 for £9', 'waitrose_url': 'https://www.waitrose.com/ecom/shop/browse/groceries/toiletries_health_and_beauty/hair_care/shampoo', 'waitrose_rating': None, 'waitrose_unit_price': '(£1.22/100ml)', 'waitrose_new_flag': None, 'waitrose_prod_name': 'Aussie aussome volume shampoo 500ml', 'images': []}
DEBUG: Scraped from <200 https://www.waitrose.com/ecom/shop/browse/groceries/toiletries_health_and_beauty/hair_care/shampoo>
{'client': 'Waitrose', 'time': datetime.datetime(2020, 8, 18, 9, 1, 10, 343784), 'category': 'Shampoo', 'id': 'tPp092708-47659-47660', 'prod_name': 'Vosene Original Shampoo', 'waitrose_Qty': '250ml', 'waitrose_discounted_price': '£2.05', 'waitrose_offer_desc': None, 'waitrose_url': 'https://www.waitrose.com/ecom/shop/browse/groceries/toiletries_health_and_beauty/hair_care/shampoo', 'waitrose_rating': '5', 'waitrose_unit_price': '(82p/100ml)', 'waitrose_new_flag': None, 'waitrose_prod_name': 'Vosene Original Shampoo 250ml', 'images': []}
DEBUG: Scraped from <200 https://www.waitrose.com/ecom/shop/browse/groceries/toiletries_health_and_beauty/hair_care/shampoo>
{'client': 'Waitrose', 'time': datetime.datetime(2020, 8, 18, 9, 1, 10, 343784), 'category': 'Shampoo', 'id': 'tPp778297-720309-720310', 'prod_name': 'Pantene Grow Strong Shampoo', 'waitrose_Qty': '400ml', 'waitrose_discounted_price': '£3.75', 'waitrose_offer_desc': 'Add 2 for £5', 'waitrose_url': 'https://www.waitrose.com/ecom/shop/browse/groceries/toiletries_health_and_beauty/hair_care/shampoo', 'waitrose_rating': None, 'waitrose_unit_price': '(93.8p/100ml)', 'waitrose_new_flag': None, 'waitrose_prod_name': 'Pantene Grow Strong Shampoo 400ml', 'images': []}
DEBUG: Scraped from <200 https://www.waitrose.com/ecom/shop/browse/groceries/toiletries_health_and_beauty/hair_care/shampoo>
{'client': 'Waitrose', 'time': datetime.datetime(2020, 8, 18, 9, 1, 10, 343784), 'category': 'Shampoo', 'id': 'tPp886458-216893-216894', 'prod_name': 'Ogx Brazilian Keratin Shampoo', 'waitrose_Qty': '385ml', 'waitrose_discounted_price': '£7.00', 'waitrose_offer_desc': 'Add 2 for £10', 'waitrose_url': 'https://www.waitrose.com/ecom/shop/browse/groceries/toiletries_health_and_beauty/hair_care/shampoo', 'waitrose_rating': '5', 'waitrose_unit_price': '(£1.82/100ml)', 'waitrose_new_flag': None, 'waitrose_prod_name': 'Ogx Brazilian Keratin Shampoo 385ml', 'images': []}
DEBUG: Scraped from <200 https://www.waitrose.com/ecom/shop/browse/groceries/toiletries_health_and_beauty/hair_care/shampoo>
{'client': 'Waitrose', 'time': datetime.datetime(2020, 8, 18, 9, 1, 10, 343784), 'category': 'Shampoo', 'id': 'tPp480888-154495-154496', 'prod_name': 'Head & Shoulders Smooth Shampoo', 'waitrose_Qty': '500ml', 'waitrose_discounted_price': '£3.43', 'waitrose_offer_desc': 'Save 1/3.', 'waitrose_url': 'https://www.waitrose.com/ecom/shop/browse/groceries/toiletries_health_and_beauty/hair_care/shampoo', 'waitrose_rating': None, 'waitrose_unit_price': '(68.6p/100ml)', 'waitrose_new_flag': None, 'waitrose_prod_name': 'Head & Shoulders Smooth Shampoo 500ml', 'images': []}
DEBUG: Scraped from <200 https://www.waitrose.com/ecom/shop/browse/groceries/toiletries_health_and_beauty/hair_care/shampoo>
{'client': 'Waitrose', 'time': datetime.datetime(2020, 8, 18, 9, 1, 10, 343784), 'category': 'Shampoo', 'id': 'tPp752186-631541-631542', 'prod_name': 'Ogx Coconut OIl Shampoo', 'waitrose_Qty': '385ml', 'waitrose_discounted_price': '£7.00', 'waitrose_offer_desc': 'Add 2 for £10', 'waitrose_url': 'https://www.waitrose.com/ecom/shop/browse/groceries/toiletries_health_and_beauty/hair_care/shampoo', 'waitrose_rating': None, 'waitrose_unit_price': '(£1.82/100ml)', 'waitrose_new_flag': None, 'waitrose_prod_name': 'Ogx Coconut OIl Shampoo 385ml', 'images': []}
DEBUG: Scraped from <200 https://www.waitrose.com/ecom/shop/browse/groceries/toiletries_health_and_beauty/hair_care/shampoo>
{'client': 'Waitrose', 'time': datetime.datetime(2020, 8, 18, 9, 1, 10, 343784), 'category': 'Shampoo', 'id': 'tPp027940-13599-13600', 'prod_name': 'Avalon Organics lemon shampoo', 'waitrose_Qty': '325ml', 'waitrose_discounted_price': '£7.00', 'waitrose_offer_desc': 'Add 2 for £11', 'waitrose_url': 'https://www.waitrose.com/ecom/shop/browse/groceries/toiletries_health_and_beauty/hair_care/shampoo', 'waitrose_rating': '3.6', 'waitrose_unit_price': '(£2.16/100ml)', 'waitrose_new_flag': None, 'waitrose_prod_name': 'Avalon Organics lemon shampoo 325ml', 'images': []}
DEBUG: Scraped from <200 https://www.waitrose.com/ecom/shop/browse/groceries/toiletries_health_and_beauty/hair_care/shampoo>
{'client': 'Waitrose', 'time': datetime.datetime(2020, 8, 18, 9, 1, 10, 343784), 'category': 'Shampoo', 'id': 'tPp626001-88825-88826', 'prod_name': 'Head & Shoulders Shampoo Citrus Fresh', 'waitrose_Qty': '500ml', 'waitrose_discounted_price': '£3.43', 'waitrose_offer_desc': 'Save 1/3.', 'waitrose_url': 'https://www.waitrose.com/ecom/shop/browse/groceries/toiletries_health_and_beauty/hair_care/shampoo', 'waitrose_rating': None, 'waitrose_unit_price': '(68.6p/100ml)', 'waitrose_new_flag': None, 'waitrose_prod_name': 'Head & Shoulders Shampoo Citrus Fresh 500ml', 'images': []}
DEBUG: Scraped from <200 https://www.waitrose.com/ecom/shop/browse/groceries/toiletries_health_and_beauty/hair_care/shampoo>
{'client': 'Waitrose', 'time': datetime.datetime(2020, 8, 18, 9, 1, 10, 343784), 'category': 'Shampoo', 'id': 'tPp868154-695990-695991', 'prod_name': 'Hair Biology Purple Shampoo', 'waitrose_Qty': '250ml', 'waitrose_discounted_price': '£2.99', 'waitrose_offer_desc': 'Save 1/3.', 'waitrose_url': 'https://www.waitrose.com/ecom/shop/browse/groceries/toiletries_health_and_beauty/hair_care/shampoo', 'waitrose_rating': None, 'waitrose_unit_price': '(£1.20/100ml)', 'waitrose_new_flag': None, 'waitrose_prod_name': 'Hair Biology Purple Shampoo 250ml', 'images': []}
DEBUG: Scraped from <200 https://www.waitrose.com/ecom/shop/browse/groceries/toiletries_health_and_beauty/hair_care/shampoo>
{'client': 'Waitrose', 'time': datetime.datetime(2020, 8, 18, 9, 1, 10, 343784), 'category': 'Shampoo', 'id': 'tPp790782-694215-694216', 'prod_name': 'Pantene 3in1 Smooth & Sleek', 'waitrose_Qty': '450ml', 'waitrose_discounted_price': '£3.75', 'waitrose_offer_desc': 'Add 2 for £5', 'waitrose_url': 'https://www.waitrose.com/ecom/shop/browse/groceries/toiletries_health_and_beauty/hair_care/shampoo', 'waitrose_rating': None, 'waitrose_unit_price': '(83.3p/100ml)', 'waitrose_new_flag': None, 'waitrose_prod_name': 'Pantene 3in1 Smooth & Sleek 450ml', 'images': []}
DEBUG: Scraped from <200 https://www.waitrose.com/ecom/shop/browse/groceries/toiletries_health_and_beauty/hair_care/shampoo>
{'client': 'Waitrose', 'time': datetime.datetime(2020, 8, 18, 9, 1, 10, 343784), 'category': 'Shampoo', 'id': 'tPp867514-720387-720388', 'prod_name': 'Head & Shoulders Coconut Shampoo', 'waitrose_Qty': '500ml', 'waitrose_discounted_price': '£3.33', 'waitrose_offer_desc': 'Save 1/3.', 'waitrose_url': 'https://www.waitrose.com/ecom/shop/browse/groceries/toiletries_health_and_beauty/hair_care/shampoo', 'waitrose_rating': None, 'waitrose_unit_price': '(66.6p/100ml)', 'waitrose_new_flag': None, 'waitrose_prod_name': 'Head & Shoulders Coconut Shampoo 500ml', 'images': []}
DEBUG: Scraped from <200 https://www.waitrose.com/ecom/shop/browse/groceries/toiletries_health_and_beauty/hair_care/shampoo>
{'client': 'Waitrose', 'time': datetime.datetime(2020, 8, 18, 9, 1, 10, 343784), 'category': 'Shampoo', 'id': 'tPp721134-337091-337092', 'prod_name': 'Aussie miracle shine shampoo', 'waitrose_Qty': '500ml', 'waitrose_discounted_price': '£6.00', 'waitrose_offer_desc': 'Add 2 for £9', 'waitrose_url': 'https://www.waitrose.com/ecom/shop/browse/groceries/toiletries_health_and_beauty/hair_care/shampoo', 'waitrose_rating': None, 'waitrose_unit_price': '(£1.20/100ml)', 'waitrose_new_flag': None, 'waitrose_prod_name': 'Aussie miracle shine shampoo 500ml', 'images': []}
DEBUG: Scraped from <200 https://www.waitrose.com/ecom/shop/browse/groceries/toiletries_health_and_beauty/hair_care/shampoo>
{'client': 'Waitrose', 'time': datetime.datetime(2020, 8, 18, 9, 1, 10, 343784), 'category': 'Shampoo', 'id': 'tPp799806-683814-683815', 'prod_name': 'Tresemmé Shampoo Moisture Rich', 'waitrose_Qty': '800ml', 'waitrose_discounted_price': '£5.50', 'waitrose_offer_desc': None, 'waitrose_url': 'https://www.waitrose.com/ecom/shop/browse/groceries/toiletries_health_and_beauty/hair_care/shampoo', 'waitrose_rating': None, 'waitrose_unit_price': '(68.8p/100ml)', 'waitrose_new_flag': None, 'waitrose_prod_name': 'Tresemmé Shampoo Moisture Rich 800ml', 'images': []}
DEBUG: Scraped from <200 https://www.waitrose.com/ecom/shop/browse/groceries/toiletries_health_and_beauty/hair_care/shampoo>
{'client': 'Waitrose', 'time': datetime.datetime(2020, 8, 18, 9, 1, 10, 343784), 'category': 'Shampoo', 'id': 'tPp662395-154665-154666', 'prod_name': 'Aussie colour mate shampoo', 'waitrose_Qty': '500ml', 'waitrose_discounted_price': '£6.15', 'waitrose_offer_desc': 'Add 2 for £9', 'waitrose_url': 'https://www.waitrose.com/ecom/shop/browse/groceries/toiletries_health_and_beauty/hair_care/shampoo', 'waitrose_rating': None, 'waitrose_unit_price': '(£1.23/100ml)', 'waitrose_new_flag': None, 'waitrose_prod_name': 'Aussie colour mate shampoo 500ml', 'images': []}
DEBUG: Scraped from <200 https://www.waitrose.com/ecom/shop/browse/groceries/toiletries_health_and_beauty/hair_care/shampoo>
{'client': 'Waitrose', 'time': datetime.datetime(2020, 8, 18, 9, 1, 10, 343784), 'category': 'Shampoo', 'id': 'tPp426973-298983-298984', 'prod_name': 'Head & Shoulders 2in1 Apple Fresh', 'waitrose_Qty': '450ml', 'waitrose_discounted_price': '£3.33', 'waitrose_offer_desc': 'Save 1/3.', 'waitrose_url': 'https://www.waitrose.com/ecom/shop/browse/groceries/toiletries_health_and_beauty/hair_care/shampoo', 'waitrose_rating': None, 'waitrose_unit_price': '(74p/100ml)', 'waitrose_new_flag': None, 'waitrose_prod_name': 'Head & Shoulders 2in1 Apple Fresh 450ml', 'images': []}
DEBUG: Scraped from <200 https://www.waitrose.com/ecom/shop/browse/groceries/toiletries_health_and_beauty/hair_care/shampoo>
{'client': 'Waitrose', 'time': datetime.datetime(2020, 8, 18, 9, 1, 10, 343784), 'category': 'Shampoo', 'id': 'tPp011495-5706-5707', 'prod_name': 'John Frieda Shampoo Touchably Full', 'waitrose_Qty': '250ml', 'waitrose_discounted_price': '£6.00', 'waitrose_offer_desc': None, 'waitrose_url': 'https://www.waitrose.com/ecom/shop/browse/groceries/toiletries_health_and_beauty/hair_care/shampoo', 'waitrose_rating': '4', 'waitrose_unit_price': '(£2.40/100ml)', 'waitrose_new_flag': None, 'waitrose_prod_name': 'John Frieda Shampoo Touchably Full 250ml', 'images': []}
DEBUG: Scraped from <200 https://www.waitrose.com/ecom/shop/browse/groceries/toiletries_health_and_beauty/hair_care/shampoo>
{'client': 'Waitrose', 'time': datetime.datetime(2020, 8, 18, 9, 1, 10, 343784), 'category': 'Shampoo', 'id': 'tPp863078-695988-695989', 'prod_name': 'Pantene Hair Biology Full & Vibrant', 'waitrose_Qty': '250ml', 'waitrose_discounted_price': '£2.99', 'waitrose_offer_desc': 'Save 1/3.', 'waitrose_url': 'https://www.waitrose.com/ecom/shop/browse/groceries/toiletries_health_and_beauty/hair_care/shampoo', 'waitrose_rating': None, 'waitrose_unit_price': '(£1.20/100ml)', 'waitrose_new_flag': None, 'waitrose_prod_name': 'Pantene Hair Biology Full & Vibrant 250ml', 'images': []}
DEBUG: Scraped from <200 https://www.waitrose.com/ecom/shop/browse/groceries/toiletries_health_and_beauty/hair_care/shampoo>
{'client': 'Waitrose', 'time': datetime.datetime(2020, 8, 18, 9, 1, 10, 343784), 'category': 'Shampoo', 'id': 'tPp062495-31737-31738', 'prod_name': 'Neutrogena T/Gel shampoo dry hair', 'waitrose_Qty': '125ml', 'waitrose_discounted_price': '£5.15', 'waitrose_offer_desc': None, 'waitrose_url': 'https://www.waitrose.com/ecom/shop/browse/groceries/toiletries_health_and_beauty/hair_care/shampoo', 'waitrose_rating': None, 'waitrose_unit_price': '(£4.12/100ml)', 'waitrose_new_flag': None, 'waitrose_prod_name': 'Neutrogena T/Gel shampoo dry hair 125ml', 'images': []}
DEBUG: Scraped from <200 https://www.waitrose.com/ecom/shop/browse/groceries/toiletries_health_and_beauty/hair_care/shampoo>
{'client': 'Waitrose', 'time': datetime.datetime(2020, 8, 18, 9, 1, 10, 343784), 'category': 'Shampoo', 'id': 'tPp610920-86669-86670', 'prod_name': 'Sheer Blonde Go Blonder Shampoo', 'waitrose_Qty': '250ml', 'waitrose_discounted_price': '£6.00', 'waitrose_offer_desc': None, 'waitrose_url': 'https://www.waitrose.com/ecom/shop/browse/groceries/toiletries_health_and_beauty/hair_care/shampoo', 'waitrose_rating': '3.5', 'waitrose_unit_price': '(£2.40/100ml)', 'waitrose_new_flag': None, 'waitrose_prod_name': 'Sheer Blonde Go Blonder Shampoo 250ml', 'images': []}
DEBUG: Scraped from <200 https://www.waitrose.com/ecom/shop/browse/groceries/toiletries_health_and_beauty/hair_care/shampoo>
{'client': 'Waitrose', 'time': datetime.datetime(2020, 8, 18, 9, 1, 10, 343784), 'category': 'Shampoo', 'id': 'tPp740653-352034-352035', 'prod_name': 'essential Waitrose Anti-Dandruff 2 in 1', 'waitrose_Qty': '300ml', 'waitrose_discounted_price': '£1.00', 'waitrose_offer_desc': None, 'waitrose_url': 'https://www.waitrose.com/ecom/shop/browse/groceries/toiletries_health_and_beauty/hair_care/shampoo', 'waitrose_rating': '4', 'waitrose_unit_price': '(33.3p/100ml)', 'waitrose_new_flag': None, 'waitrose_prod_name': 'essential Waitrose Anti-Dandruff 2 in 1 300ml', 'images': []}
DEBUG: Scraped from <200 https://www.waitrose.com/ecom/shop/browse/groceries/toiletries_health_and_beauty/hair_care/shampoo>
{'client': 'Waitrose', 'time': datetime.datetime(2020, 8, 18, 9, 1, 10, 343784), 'category': 'Shampoo', 'id': 'tPp809690-337194-337195', 'prod_name': 'Head & Shoulders 2in1 Itchy Scalp', 'waitrose_Qty': '450ml', 'waitrose_discounted_price': '£3.43', 'waitrose_offer_desc': 'Save 1/3.', 'waitrose_url': 'https://www.waitrose.com/ecom/shop/browse/groceries/toiletries_health_and_beauty/hair_care/shampoo', 'waitrose_rating': '5', 'waitrose_unit_price': '(76.2p/100ml)', 'waitrose_new_flag': None, 'waitrose_prod_name': 'Head & Shoulders 2in1 Itchy Scalp 450ml', 'images': []}
DEBUG: Scraped from <200 https://www.waitrose.com/ecom/shop/browse/groceries/toiletries_health_and_beauty/hair_care/shampoo>
{'client': 'Waitrose', 'time': datetime.datetime(2020, 8, 18, 9, 1, 10, 343784), 'category': 'Shampoo', 'id': 'tPp464815-154487-154488', 'prod_name': 'Batiste original dry shampoo', 'waitrose_Qty': '200ml', 'waitrose_discounted_price': '£3.00', 'waitrose_offer_desc': None, 'waitrose_url': 'https://www.waitrose.com/ecom/shop/browse/groceries/toiletries_health_and_beauty/hair_care/shampoo', 'waitrose_rating': '5', 'waitrose_unit_price': '(£1.50/100ml)', 'waitrose_new_flag': None, 'waitrose_prod_name': 'Batiste original dry shampoo 200ml', 'images': []}
DEBUG: Scraped from <200 https://www.waitrose.com/ecom/shop/browse/groceries/toiletries_health_and_beauty/hair_care/shampoo>
{'client': 'Waitrose', 'time': datetime.datetime(2020, 8, 18, 9, 1, 10, 343784), 'category': 'Shampoo', 'id': 'tPp059421-29947-29948', 'prod_name': 'Aussie Aussome Volume Shampoo', 'waitrose_Qty': '300ml', 'waitrose_discounted_price': '£4.00', 'waitrose_offer_desc': None, 'waitrose_url': 'https://www.waitrose.com/ecom/shop/browse/groceries/toiletries_health_and_beauty/hair_care/shampoo', 'waitrose_rating': '5', 'waitrose_unit_price': '(£1.34/100ml)', 'waitrose_new_flag': None, 'waitrose_prod_name': 'Aussie Aussome Volume Shampoo 300ml', 'images': []}
DEBUG: Scraped from <200 https://www.waitrose.com/ecom/shop/browse/groceries/toiletries_health_and_beauty/hair_care/shampoo>
{'client': 'Waitrose', 'time': datetime.datetime(2020, 8, 18, 9, 1, 10, 343784), 'category': 'Shampoo', 'id': 'tPp755068-720289-720290', 'prod_name': 'Herbal Essences Aloe Hemp Shampoo', 'waitrose_Qty': '380ml', 'waitrose_discounted_price': '£4.50', 'waitrose_offer_desc': 'Add 2 for £6', 'waitrose_url': 'https://www.waitrose.com/ecom/shop/browse/groceries/toiletries_health_and_beauty/hair_care/shampoo', 'waitrose_rating': None, 'waitrose_unit_price': '(£1.19/100ml)', 'waitrose_new_flag': None, 'waitrose_prod_name': 'Herbal Essences Aloe Hemp Shampoo 380ml', 'images': []}
DEBUG: Scraped from <200 https://www.waitrose.com/ecom/shop/browse/groceries/toiletries_health_and_beauty/hair_care/shampoo>
{'client': 'Waitrose', 'time': datetime.datetime(2020, 8, 18, 9, 1, 10, 343784), 'category': 'Shampoo', 'id': 'tPp724972-694185-694186', 'prod_name': 'Pantene 3in1 Repair & Protect', 'waitrose_Qty': '450ml', 'waitrose_discounted_price': '£3.75', 'waitrose_offer_desc': 'Add 2 for £5', 'waitrose_url': 'https://www.waitrose.com/ecom/shop/browse/groceries/toiletries_health_and_beauty/hair_care/shampoo', 'waitrose_rating': None, 'waitrose_unit_price': '(83.3p/100ml)', 'waitrose_new_flag': None, 'waitrose_prod_name': 'Pantene 3in1 Repair & Protect 450ml', 'images': []}
DEBUG: Scraped from <200 https://www.waitrose.com/ecom/shop/browse/groceries/toiletries_health_and_beauty/hair_care/shampoo>
{'client': 'Waitrose', 'time': datetime.datetime(2020, 8, 18, 9, 1, 10, 343784), 'category': 'Shampoo', 'id': 'tPp480728-631267-631268', 'prod_name': 'Ogx Orchid Oil Shampoo', 'waitrose_Qty': '385ml', 'waitrose_discounted_price': '£7.00', 'waitrose_offer_desc': 'Add 2 for £10', 'waitrose_url': 'https://www.waitrose.com/ecom/shop/browse/groceries/toiletries_health_and_beauty/hair_care/shampoo', 'waitrose_rating': '5', 'waitrose_unit_price': '(£1.82/100ml)', 'waitrose_new_flag': None, 'waitrose_prod_name': 'Ogx Orchid Oil Shampoo 385ml', 'images': []}
DEBUG: Scraped from <200 https://www.waitrose.com/ecom/shop/browse/groceries/toiletries_health_and_beauty/hair_care/shampoo>
{'client': 'Waitrose', 'time': datetime.datetime(2020, 8, 18, 9, 1, 10, 343784), 'category': 'Shampoo', 'id': 'tPp425163-526469-526470', 'prod_name': 'Frizz Ease Shampoo Miraculous Recovery', 'waitrose_Qty': '250ml', 'waitrose_discounted_price': '£6.00', 'waitrose_offer_desc': None, 'waitrose_url': 'https://www.waitrose.com/ecom/shop/browse/groceries/toiletries_health_and_beauty/hair_care/shampoo', 'waitrose_rating': None, 'waitrose_unit_price': '(£2.40/100ml)', 'waitrose_new_flag': None, 'waitrose_prod_name': 'Frizz Ease Shampoo Miraculous Recovery 250ml', 'images': []}
DEBUG: Scraped from <200 https://www.waitrose.com/ecom/shop/browse/groceries/toiletries_health_and_beauty/hair_care/shampoo>
{'client': 'Waitrose', 'time': datetime.datetime(2020, 8, 18, 9, 1, 10, 343784), 'category': 'Shampoo', 'id': 'tPp402915-526384-526385', 'prod_name': 'John Frieda Violet Crush Shampoo', 'waitrose_Qty': '250ml', 'waitrose_discounted_price': '£6.00', 'waitrose_offer_desc': None, 'waitrose_url': 'https://www.waitrose.com/ecom/shop/browse/groceries/toiletries_health_and_beauty/hair_care/shampoo', 'waitrose_rating': '5', 'waitrose_unit_price': '(£2.40/100ml)', 'waitrose_new_flag': None, 'waitrose_prod_name': 'John Frieda Violet Crush Shampoo 250ml', 'images': []}
DEBUG: Scraped from <200 https://www.waitrose.com/ecom/shop/browse/groceries/toiletries_health_and_beauty/hair_care/shampoo>
{'client': 'Waitrose', 'time': datetime.datetime(2020, 8, 18, 9, 1, 10, 343784), 'category': 'Shampoo', 'id': 'tPp834106-299691-299692', 'prod_name': 'Head & Shoulders 2in1 smooth & silky', 'waitrose_Qty': '450ml', 'waitrose_discounted_price': '£3.33', 'waitrose_offer_desc': 'Save 1/3.', 'waitrose_url': 'https://www.waitrose.com/ecom/shop/browse/groceries/toiletries_health_and_beauty/hair_care/shampoo', 'waitrose_rating': None, 'waitrose_unit_price': '(74p/100ml)', 'waitrose_new_flag': None, 'waitrose_prod_name': 'Head & Shoulders 2in1 smooth & silky 450ml', 'images': []}
DEBUG: Scraped from <200 https://www.waitrose.com/ecom/shop/browse/groceries/toiletries_health_and_beauty/hair_care/shampoo>
{'client': 'Waitrose', 'time': datetime.datetime(2020, 8, 18, 9, 1, 10, 343784), 'category': 'Shampoo', 'id': 'tPp595050-720203-720204', 'prod_name': 'Herbal Essences Coconut Shampoo', 'waitrose_Qty': '250ml', 'waitrose_discounted_price': '£3.00', 'waitrose_offer_desc': None, 'waitrose_url': 'https://www.waitrose.com/ecom/shop/browse/groceries/toiletries_health_and_beauty/hair_care/shampoo', 'waitrose_rating': None, 'waitrose_unit_price': '(£1.20/100ml)', 'waitrose_new_flag': None, 'waitrose_prod_name': 'Herbal Essences Coconut Shampoo 250ml', 'images': []}
DEBUG: Scraped from <200 https://www.waitrose.com/ecom/shop/browse/groceries/toiletries_health_and_beauty/hair_care/shampoo>
{'client': 'Waitrose', 'time': datetime.datetime(2020, 8, 18, 9, 1, 10, 343784), 'category': 'Shampoo', 'id': 'tPp639145-337007-337008', 'prod_name': 'Tresemmé Shampoo Deep Cleansing', 'waitrose_Qty': '800ml', 'waitrose_discounted_price': '£5.50', 'waitrose_offer_desc': None, 'waitrose_url': 'https://www.waitrose.com/ecom/shop/browse/groceries/toiletries_health_and_beauty/hair_care/shampoo', 'waitrose_rating': '5', 'waitrose_unit_price': '(68.8p/100ml)', 'waitrose_new_flag': None, 'waitrose_prod_name': 'Tresemmé Shampoo Deep Cleansing 800ml', 'images': []}
DEBUG: Scraped from <200 https://www.waitrose.com/ecom/shop/browse/groceries/toiletries_health_and_beauty/hair_care/shampoo>
{'client': 'Waitrose', 'time': datetime.datetime(2020, 8, 18, 9, 1, 10, 343784), 'category': 'Shampoo', 'id': 'tPp575547-494836-494837', 'prod_name': 'DGJ Thickening Shampoo', 'waitrose_Qty': '250ml', 'waitrose_discounted_price': '£5.00', 'waitrose_offer_desc': None, 'waitrose_url': 'https://www.waitrose.com/ecom/shop/browse/groceries/toiletries_health_and_beauty/hair_care/shampoo', 'waitrose_rating': '5', 'waitrose_unit_price': '(£2/100ml)', 'waitrose_new_flag': None, 'waitrose_prod_name': 'DGJ Thickening Shampoo 250ml', 'images': []}
DEBUG: Scraped from <200 https://www.waitrose.com/ecom/shop/browse/groceries/toiletries_health_and_beauty/hair_care/shampoo>
{'client': 'Waitrose', 'time': datetime.datetime(2020, 8, 18, 9, 1, 10, 343784), 'category': 'Shampoo', 'id': 'tPp486943-68769-68770', 'prod_name': 'Head & Shoulders 2in1 classic clean', 'waitrose_Qty': '225ml', 'waitrose_discounted_price': '£3.00', 'waitrose_offer_desc': None, 'waitrose_url': 'https://www.waitrose.com/ecom/shop/browse/groceries/toiletries_health_and_beauty/hair_care/shampoo', 'waitrose_rating': '4', 'waitrose_unit_price': '(£1.34/100ml)', 'waitrose_new_flag': None, 'waitrose_prod_name': 'Head & Shoulders 2in1 classic clean 225ml', 'images': []}
DEBUG: Scraped from <200 https://www.waitrose.com/ecom/shop/browse/groceries/toiletries_health_and_beauty/hair_care/shampoo>
{'client': 'Waitrose', 'time': datetime.datetime(2020, 8, 18, 9, 1, 10, 343784), 'category': 'Shampoo', 'id': 'tPp853982-154925-154926', 'prod_name': 'Batiste blush dry shampoo', 'waitrose_Qty': '200ml', 'waitrose_discounted_price': '£3.00', 'waitrose_offer_desc': None, 'waitrose_url': 'https://www.waitrose.com/ecom/shop/browse/groceries/toiletries_health_and_beauty/hair_care/shampoo', 'waitrose_rating': '4', 'waitrose_unit_price': '(£1.50/100ml)', 'waitrose_new_flag': None, 'waitrose_prod_name': 'Batiste blush dry shampoo 200ml', 'images': []}
DEBUG: Scraped from <200 https://www.waitrose.com/ecom/shop/browse/groceries/toiletries_health_and_beauty/hair_care/shampoo>
{'client': 'Waitrose', 'time': datetime.datetime(2020, 8, 18, 9, 1, 10, 343784), 'category': 'Shampoo', 'id': 'tPp694392-98595-98596', 'prod_name': 'Head & Shoulders Shampoo Cool Menthol', 'waitrose_Qty': '500ml', 'waitrose_discounted_price': '£3.43', 'waitrose_offer_desc': 'Save 1/3.', 'waitrose_url': 'https://www.waitrose.com/ecom/shop/browse/groceries/toiletries_health_and_beauty/hair_care/shampoo', 'waitrose_rating': None, 'waitrose_unit_price': '(68.6p/100ml)', 'waitrose_new_flag': None, 'waitrose_prod_name': 'Head & Shoulders Shampoo Cool Menthol 500ml', 'images': []}
DEBUG: Scraped from <200 https://www.waitrose.com/ecom/shop/browse/groceries/toiletries_health_and_beauty/hair_care/shampoo>
{'client': 'Waitrose', 'time': datetime.datetime(2020, 8, 18, 9, 1, 10, 343784), 'category': 'Shampoo', 'id': 'tPp855732-695986-695987', 'prod_name': 'Hair Biology De-Frizz Shampoo', 'waitrose_Qty': '250ml', 'waitrose_discounted_price': '£2.99', 'waitrose_offer_desc': 'Save 1/3.', 'waitrose_url': 'https://www.waitrose.com/ecom/shop/browse/groceries/toiletries_health_and_beauty/hair_care/shampoo', 'waitrose_rating': None, 'waitrose_unit_price': '(£1.20/100ml)', 'waitrose_new_flag': None, 'waitrose_prod_name': 'Hair Biology De-Frizz Shampoo 250ml', 'images': []}
DEBUG: Scraped from <200 https://www.waitrose.com/ecom/shop/browse/groceries/toiletries_health_and_beauty/hair_care/shampoo>
{'client': 'Waitrose', 'time': datetime.datetime(2020, 8, 18, 9, 1, 10, 343784), 'category': 'Shampoo', 'id': 'tPp567427-683666-683667', 'prod_name': 'Ogx Charcoal Detox Shampoo', 'waitrose_Qty': '385ml', 'waitrose_discounted_price': '£7.00', 'waitrose_offer_desc': 'Add 2 for £10', 'waitrose_url': 'https://www.waitrose.com/ecom/shop/browse/groceries/toiletries_health_and_beauty/hair_care/shampoo', 'waitrose_rating': None, 'waitrose_unit_price': '(£1.82/100ml)', 'waitrose_new_flag': None, 'waitrose_prod_name': 'Ogx Charcoal Detox Shampoo 385ml', 'images': []}
DEBUG: Scraped from <200 https://www.waitrose.com/ecom/shop/browse/groceries/toiletries_health_and_beauty/hair_care/shampoo>
{'client': 'Waitrose', 'time': datetime.datetime(2020, 8, 18, 9, 1, 10, 343784), 'category': 'Shampoo', 'id': 'tPp836383-271490-271491', 'prod_name': 'Head & Shoulders 2in1 citrus care', 'waitrose_Qty': '450ml', 'waitrose_discounted_price': '£3.43', 'waitrose_offer_desc': 'Save 1/3.', 'waitrose_url': 'https://www.waitrose.com/ecom/shop/browse/groceries/toiletries_health_and_beauty/hair_care/shampoo', 'waitrose_rating': None, 'waitrose_unit_price': '(76.2p/100ml)', 'waitrose_new_flag': None, 'waitrose_prod_name': 'Head & Shoulders 2in1 citrus care 450ml', 'images': []}
DEBUG: Scraped from <200 https://www.waitrose.com/ecom/shop/browse/groceries/toiletries_health_and_beauty/hair_care/shampoo>
{'client': 'Waitrose', 'time': datetime.datetime(2020, 8, 18, 9, 1, 10, 343784), 'category': 'Shampoo', 'id': 'tPp425124-59787-59788', 'prod_name': 'Brilliant Brunette Protecting Shampoo', 'waitrose_Qty': '250ml', 'waitrose_discounted_price': '£6.00', 'waitrose_offer_desc': None, 'waitrose_url': 'https://www.waitrose.com/ecom/shop/browse/groceries/toiletries_health_and_beauty/hair_care/shampoo', 'waitrose_rating': None, 'waitrose_unit_price': '(£2.40/100ml)', 'waitrose_new_flag': None, 'waitrose_prod_name': 'Brilliant Brunette Protecting Shampoo 250ml', 'images': []}
DEBUG: Scraped from <200 https://www.waitrose.com/ecom/shop/browse/groceries/toiletries_health_and_beauty/hair_care/shampoo>
{'client': 'Waitrose', 'time': datetime.datetime(2020, 8, 18, 9, 1, 10, 343784), 'category': 'Shampoo', 'id': 'tPp756229-563906-563907', 'prod_name': 'Head & Shoulders 2 in 1 Total Care', 'waitrose_Qty': '225ml', 'waitrose_discounted_price': '£3.00', 'waitrose_offer_desc': None, 'waitrose_url': 'https://www.waitrose.com/ecom/shop/browse/groceries/toiletries_health_and_beauty/hair_care/shampoo', 'waitrose_rating': None, 'waitrose_unit_price': '(£1.34/100ml)', 'waitrose_new_flag': None, 'waitrose_prod_name': 'Head & Shoulders 2 in 1 Total Care 225ml', 'images': []}
DEBUG: Scraped from <200 https://www.waitrose.com/ecom/shop/browse/groceries/toiletries_health_and_beauty/hair_care/shampoo>
{'client': 'Waitrose', 'time': datetime.datetime(2020, 8, 18, 9, 1, 10, 343784), 'category': 'Shampoo', 'id': 'tPp803275-329016-329017', 'prod_name': 'AOrganic Peppermint Shampoo', 'waitrose_Qty': '325ml', 'waitrose_discounted_price': '£7.00', 'waitrose_offer_desc': 'Add 2 for £11', 'waitrose_url': 'https://www.waitrose.com/ecom/shop/browse/groceries/toiletries_health_and_beauty/hair_care/shampoo', 'waitrose_rating': None, 'waitrose_unit_price': '(£2.16/100ml)', 'waitrose_new_flag': None, 'waitrose_prod_name': 'AOrganic Peppermint Shampoo 325ml', 'images': []}
DEBUG: Scraped from <200 https://www.waitrose.com/ecom/shop/browse/groceries/toiletries_health_and_beauty/hair_care/shampoo>
{'client': 'Waitrose', 'time': datetime.datetime(2020, 8, 18, 9, 1, 10, 343784), 'category': 'Shampoo', 'id': 'tPp847454-724141-724142', 'prod_name': 'Faith in Nature Grapefruit Shampoo', 'waitrose_Qty': '400ml', 'waitrose_discounted_price': '£5.79', 'waitrose_offer_desc': None, 'waitrose_url': 'https://www.waitrose.com/ecom/shop/browse/groceries/toiletries_health_and_beauty/hair_care/shampoo', 'waitrose_rating': None, 'waitrose_unit_price': '(£1.45/100ml)', 'waitrose_new_flag': None, 'waitrose_prod_name': 'Faith in Nature Grapefruit Shampoo 400ml', 'images': []}
DEBUG: Scraped from <200 https://www.waitrose.com/ecom/shop/browse/groceries/toiletries_health_and_beauty/hair_care/shampoo>
{'client': 'Waitrose', 'time': datetime.datetime(2020, 8, 18, 9, 1, 10, 343784), 'category': 'Shampoo', 'id': 'tPp775870-724036-724037', 'prod_name': 'Faith in Nature Wild Rose Shampoo', 'waitrose_Qty': '400ml', 'waitrose_discounted_price': '£5.79', 'waitrose_offer_desc': None, 'waitrose_url': 'https://www.waitrose.com/ecom/shop/browse/groceries/toiletries_health_and_beauty/hair_care/shampoo', 'waitrose_rating': '5', 'waitrose_unit_price': '(£1.45/100ml)', 'waitrose_new_flag': None, 'waitrose_prod_name': 'Faith in Nature Wild Rose Shampoo 400ml', 'images': []}
DEBUG: Scraped from <200 https://www.waitrose.com/ecom/shop/browse/groceries/toiletries_health_and_beauty/hair_care/shampoo>
{'client': 'Waitrose', 'time': datetime.datetime(2020, 8, 18, 9, 1, 10, 343784), 'category': 'Shampoo', 'id': 'tPp871494-495182-495183', 'prod_name': 'DGJ Hairjuice Shampoo', 'waitrose_Qty': '250ml', 'waitrose_discounted_price': '£5.00', 'waitrose_offer_desc': None, 'waitrose_url': 'https://www.waitrose.com/ecom/shop/browse/groceries/toiletries_health_and_beauty/hair_care/shampoo', 'waitrose_rating': '5', 'waitrose_unit_price': '(£2/100ml)', 'waitrose_new_flag': None, 'waitrose_prod_name': 'DGJ Hairjuice Shampoo 250ml', 'images': []}
DEBUG: Scraped from <200 https://www.waitrose.com/ecom/shop/browse/groceries/toiletries_health_and_beauty/hair_care/shampoo>
{'client': 'Waitrose', 'time': datetime.datetime(2020, 8, 18, 9, 1, 10, 343784), 'category': 'Shampoo', 'id': 'tPp032765-16025-16026', 'prod_name': "L'Oréal kids shampoo berry strawberry", 'waitrose_Qty': '250ml', 'waitrose_discounted_price': '£2.00', 'waitrose_offer_desc': None, 'waitrose_url': 'https://www.waitrose.com/ecom/shop/browse/groceries/toiletries_health_and_beauty/hair_care/shampoo', 'waitrose_rating': None, 'waitrose_unit_price': '(80p/100ml)', 'waitrose_new_flag': None, 'waitrose_prod_name': "L'Oréal kids shampoo berry strawberry 250ml", 'images': []}
DEBUG: Scraped from <200 https://www.waitrose.com/ecom/shop/browse/groceries/toiletries_health_and_beauty/hair_care/shampoo>
{'client': 'Waitrose', 'time': datetime.datetime(2020, 8, 18, 9, 1, 10, 343784), 'category': 'Shampoo', 'id': 'tPp819563-729788-729789', 'prod_name': 'Aussie Blonde Purple Shampoo', 'waitrose_Qty': '290ml', 'waitrose_discounted_price': '£5.99', 'waitrose_offer_desc': None, 'waitrose_url': 'https://www.waitrose.com/ecom/shop/browse/groceries/toiletries_health_and_beauty/hair_care/shampoo', 'waitrose_rating': None, 'waitrose_unit_price': '(£2.07/100ml)', 'waitrose_new_flag': 'NEW', 'waitrose_prod_name': 'Aussie Blonde Purple Shampoo 290ml', 'images': []}
DEBUG: Scraped from <200 https://www.waitrose.com/ecom/shop/browse/groceries/toiletries_health_and_beauty/hair_care/shampoo>
{'client': 'Waitrose', 'time': datetime.datetime(2020, 8, 18, 9, 1, 10, 343784), 'category': 'Shampoo', 'id': 'tPp433216-720111-720112', 'prod_name': 'John Frieda Hydrate & Recharge Shampoo', 'waitrose_Qty': '250ml', 'waitrose_discounted_price': '£5.99', 'waitrose_offer_desc': None, 'waitrose_url': 'https://www.waitrose.com/ecom/shop/browse/groceries/toiletries_health_and_beauty/hair_care/shampoo', 'waitrose_rating': None, 'waitrose_unit_price': '(£2.40/100ml)', 'waitrose_new_flag': None, 'waitrose_prod_name': 'John Frieda Hydrate & Recharge Shampoo 250ml', 'images': []}
DEBUG: Scraped from <200 https://www.waitrose.com/ecom/shop/browse/groceries/toiletries_health_and_beauty/hair_care/shampoo>
{'client': 'Waitrose', 'time': datetime.datetime(2020, 8, 18, 9, 1, 10, 343784), 'category': 'Shampoo', 'id': 'tPp812614-707138-707139', 'prod_name': 'Beco Spring Meadow Shampoo Bar', 'waitrose_Qty': '90g', 'waitrose_discounted_price': '£4.00', 'waitrose_offer_desc': None, 'waitrose_url': 'https://www.waitrose.com/ecom/shop/browse/groceries/toiletries_health_and_beauty/hair_care/shampoo', 'waitrose_rating': '3.3', 'waitrose_unit_price': '(£4.45/100g)', 'waitrose_new_flag': None, 'waitrose_prod_name': 'Beco Spring Meadow Shampoo Bar 90g', 'images': []}
DEBUG: Scraped from <200 https://www.waitrose.com/ecom/shop/browse/groceries/toiletries_health_and_beauty/hair_care/shampoo>
{'client': 'Waitrose', 'time': datetime.datetime(2020, 8, 18, 9, 1, 10, 343784), 'category': 'Shampoo', 'id': 'tPp096508-49364-49365', 'prod_name': 'Aussie Miracle Moist Shampoo', 'waitrose_Qty': '300ml', 'waitrose_discounted_price': '£4.10', 'waitrose_offer_desc': None, 'waitrose_url': 'https://www.waitrose.com/ecom/shop/browse/groceries/toiletries_health_and_beauty/hair_care/shampoo', 'waitrose_rating': '3.7', 'waitrose_unit_price': '(£1.37/100ml)', 'waitrose_new_flag': None, 'waitrose_prod_name': 'Aussie Miracle Moist Shampoo 300ml', 'images': []}
DEBUG: Scraped from <200 https://www.waitrose.com/ecom/shop/browse/groceries/toiletries_health_and_beauty/hair_care/shampoo>
{'client': 'Waitrose', 'time': datetime.datetime(2020, 8, 18, 9, 1, 10, 343784), 'category': 'Shampoo', 'id': 'tPp494340-69860-69861', 'prod_name': "Neal's Yard Rose Shampoo", 'waitrose_Qty': '200ml', 'waitrose_discounted_price': '£11.50', 'waitrose_offer_desc': None, 'waitrose_url': 'https://www.waitrose.com/ecom/shop/browse/groceries/toiletries_health_and_beauty/hair_care/shampoo', 'waitrose_rating': '3.1', 'waitrose_unit_price': '(£5.75/100ml)', 'waitrose_new_flag': None, 'waitrose_prod_name': "Neal's Yard Rose Shampoo 200ml", 'images': []}
DEBUG: Scraped from <200 https://www.waitrose.com/ecom/shop/browse/groceries/toiletries_health_and_beauty/hair_care/shampoo>
{'client': 'Waitrose', 'time': datetime.datetime(2020, 8, 18, 9, 1, 10, 343784), 'category': 'Shampoo', 'id': 'tPp364793-255761-255762', 'prod_name': 'Aussie Miracle Shine Shampoo', 'waitrose_Qty': '300ml', 'waitrose_discounted_price': '£4.00', 'waitrose_offer_desc': None, 'waitrose_url': 'https://www.waitrose.com/ecom/shop/browse/groceries/toiletries_health_and_beauty/hair_care/shampoo', 'waitrose_rating': None, 'waitrose_unit_price': '(£1.34/100ml)', 'waitrose_new_flag': None, 'waitrose_prod_name': 'Aussie Miracle Shine Shampoo 300ml', 'images': []}
DEBUG: Scraped from <200 https://www.waitrose.com/ecom/shop/browse/groceries/toiletries_health_and_beauty/hair_care/shampoo>
{'client': 'Waitrose', 'time': datetime.datetime(2020, 8, 18, 9, 1, 10, 343784), 'category': 'Shampoo', 'id': 'tPp714629-729752-729753', 'prod_name': 'OGX Keratin Oil Shampoo', 'waitrose_Qty': '385ml', 'waitrose_discounted_price': '£7.00', 'waitrose_offer_desc': 'Add 2 for £10', 'waitrose_url': 'https://www.waitrose.com/ecom/shop/browse/groceries/toiletries_health_and_beauty/hair_care/shampoo', 'waitrose_rating': None, 'waitrose_unit_price': '(£1.82/100ml)', 'waitrose_new_flag': 'NEW', 'waitrose_prod_name': 'OGX Keratin Oil Shampoo 385ml', 'images': []}
DEBUG: Scraped from <200 https://www.waitrose.com/ecom/shop/browse/groceries/toiletries_health_and_beauty/hair_care/shampoo>
{'client': 'Waitrose', 'time': datetime.datetime(2020, 8, 18, 9, 1, 10, 343784), 'category': 'Shampoo', 'id': 'tPp492090-729670-729671', 'prod_name': 'Percy & Reed Volumising Shampoo', 'waitrose_Qty': '250ml', 'waitrose_discounted_price': '£12.00', 'waitrose_offer_desc': 'Save 1/3.', 'waitrose_url': 'https://www.waitrose.com/ecom/shop/browse/groceries/toiletries_health_and_beauty/hair_care/shampoo', 'waitrose_rating': None, 'waitrose_unit_price': '(£4.80/100ml)', 'waitrose_new_flag': 'NEW', 'waitrose_prod_name': 'Percy & Reed Volumising Shampoo 250ml', 'images': []}
DEBUG: Scraped from <200 https://www.waitrose.com/ecom/shop/browse/groceries/toiletries_health_and_beauty/hair_care/shampoo>
{'client': 'Waitrose', 'time': datetime.datetime(2020, 8, 18, 9, 1, 10, 343784), 'category': 'Shampoo', 'id': 'tPp829437-695831-695832', 'prod_name': 'Umberto Giannini Grow Long Shampoo', 'waitrose_Qty': '250ml', 'waitrose_discounted_price': '£8.00', 'waitrose_offer_desc': None, 'waitrose_url': 'https://www.waitrose.com/ecom/shop/browse/groceries/toiletries_health_and_beauty/hair_care/shampoo', 'waitrose_rating': '5', 'waitrose_unit_price': '(£3.20/100ml)', 'waitrose_new_flag': None, 'waitrose_prod_name': 'Umberto Giannini Grow Long Shampoo 250ml', 'images': []}
DEBUG: Scraped from <200 https://www.waitrose.com/ecom/shop/browse/groceries/toiletries_health_and_beauty/hair_care/shampoo>
{'client': 'Waitrose', 'time': datetime.datetime(2020, 8, 18, 9, 1, 10, 343784), 'category': 'Shampoo', 'id': 'tPp554742-695503-695504', 'prod_name': 'Umberto Giannini Violet Shampoo', 'waitrose_Qty': '250ml', 'waitrose_discounted_price': '£8.00', 'waitrose_offer_desc': None, 'waitrose_url': 'https://www.waitrose.com/ecom/shop/browse/groceries/toiletries_health_and_beauty/hair_care/shampoo', 'waitrose_rating': None, 'waitrose_unit_price': '(£3.20/100ml)', 'waitrose_new_flag': None, 'waitrose_prod_name': 'Umberto Giannini Violet Shampoo 250ml', 'images': []}
DEBUG: Scraped from <200 https://www.waitrose.com/ecom/shop/browse/groceries/toiletries_health_and_beauty/hair_care/shampoo>
{'client': 'Waitrose', 'time': datetime.datetime(2020, 8, 18, 9, 1, 10, 343784), 'category': 'Shampoo', 'id': 'tPp725068-723986-723987', 'prod_name': 'Faith in Nature Lavender Shampoo', 'waitrose_Qty': '400ml', 'waitrose_discounted_price': '£5.79', 'waitrose_offer_desc': None, 'waitrose_url': 'https://www.waitrose.com/ecom/shop/browse/groceries/toiletries_health_and_beauty/hair_care/shampoo', 'waitrose_rating': None, 'waitrose_unit_price': '(£1.45/100ml)', 'waitrose_new_flag': None, 'waitrose_prod_name': 'Faith in Nature Lavender Shampoo 400ml', 'images': []}
DEBUG: Scraped from <200 https://www.waitrose.com/ecom/shop/browse/groceries/toiletries_health_and_beauty/hair_care/shampoo>
{'client': 'Waitrose', 'time': datetime.datetime(2020, 8, 18, 9, 1, 10, 343784), 'category': 'Shampoo', 'id': 'tPp096232-49248-49249', 'prod_name': 'Aussie Mega Shampoo', 'waitrose_Qty': '300ml', 'waitrose_discounted_price': '£4.10', 'waitrose_offer_desc': None, 'waitrose_url': 'https://www.waitrose.com/ecom/shop/browse/groceries/toiletries_health_and_beauty/hair_care/shampoo', 'waitrose_rating': '2.5', 'waitrose_unit_price': '(£1.37/100ml)', 'waitrose_new_flag': None, 'waitrose_prod_name': 'Aussie Mega Shampoo 300ml', 'images': []}
DEBUG: Scraped from <200 https://www.waitrose.com/ecom/shop/browse/groceries/toiletries_health_and_beauty/hair_care/shampoo>
{'client': 'Waitrose', 'time': datetime.datetime(2020, 8, 18, 9, 1, 10, 343784), 'category': 'Shampoo', 'id': 'tPp563832-295347-295348', 'prod_name': 'Argan + Argan Oil 5Oil Miracle Shampoo', 'waitrose_Qty': '300ml', 'waitrose_discounted_price': '£6.00', 'waitrose_offer_desc': None, 'waitrose_url': 'https://www.waitrose.com/ecom/shop/browse/groceries/toiletries_health_and_beauty/hair_care/shampoo', 'waitrose_rating': '5', 'waitrose_unit_price': '(£2/100ml)', 'waitrose_new_flag': None, 'waitrose_prod_name': 'Argan + Argan Oil 5Oil Miracle Shampoo 300ml', 'images': []}
DEBUG: Scraped from <200 https://www.waitrose.com/ecom/shop/browse/groceries/toiletries_health_and_beauty/hair_care/shampoo>
{'client': 'Waitrose', 'time': datetime.datetime(2020, 8, 18, 9, 1, 10, 343784), 'category': 'Shampoo', 'id': 'tPp819340-720339-720340', 'prod_name': 'Head & Shoulders Supreme Shampoo', 'waitrose_Qty': '400ml', 'waitrose_discounted_price': '£5.00', 'waitrose_offer_desc': None, 'waitrose_url': 'https://www.waitrose.com/ecom/shop/browse/groceries/toiletries_health_and_beauty/hair_care/shampoo', 'waitrose_rating': None, 'waitrose_unit_price': '(£1.25/100ml)', 'waitrose_new_flag': None, 'waitrose_prod_name': 'Head & Shoulders Supreme Shampoo 400ml', 'images': []}
DEBUG: Scraped from <200 https://www.waitrose.com/ecom/shop/browse/groceries/toiletries_health_and_beauty/hair_care/shampoo>
{'client': 'Waitrose', 'time': datetime.datetime(2020, 8, 18, 9, 1, 10, 343784), 'category': 'Shampoo', 'id': 'tPp538896-720173-720174', 'prod_name': 'Herbal Essences Argan Oil Shampoo', 'waitrose_Qty': '250ml', 'waitrose_discounted_price': '£3.00', 'waitrose_offer_desc': None, 'waitrose_url': 'https://www.waitrose.com/ecom/shop/browse/groceries/toiletries_health_and_beauty/hair_care/shampoo', 'waitrose_rating': None, 'waitrose_unit_price': '(£1.20/100ml)', 'waitrose_new_flag': None, 'waitrose_prod_name': 'Herbal Essences Argan Oil Shampoo 250ml', 'images': []}
DEBUG: Scraped from <200 https://www.waitrose.com/ecom/shop/browse/groceries/toiletries_health_and_beauty/hair_care/shampoo>
{'client': 'Waitrose', 'time': datetime.datetime(2020, 8, 18, 9, 1, 10, 343784), 'category': 'Shampoo', 'id': 'tPp735040-695707-695708', 'prod_name': 'Vosene Kids 3in1 Tea Tree Shampoo', 'waitrose_Qty': '250ml', 'waitrose_discounted_price': '£2.50', 'waitrose_offer_desc': None, 'waitrose_url': 'https://www.waitrose.com/ecom/shop/browse/groceries/toiletries_health_and_beauty/hair_care/shampoo', 'waitrose_rating': None, 'waitrose_unit_price': '(£1/100ml)', 'waitrose_new_flag': None, 'waitrose_prod_name': 'Vosene Kids 3in1 Tea Tree Shampoo 250ml', 'images': []}
DEBUG: Scraped from <200 https://www.waitrose.com/ecom/shop/browse/groceries/toiletries_health_and_beauty/hair_care/shampoo>
{'client': 'Waitrose', 'time': datetime.datetime(2020, 8, 18, 9, 1, 10, 343784), 'category': 'Shampoo', 'id': 'tPp645178-695617-695618', 'prod_name': 'John Frieda Shampoo Weightless Wonder', 'waitrose_Qty': '250ml', 'waitrose_discounted_price': '£6.00', 'waitrose_offer_desc': None, 'waitrose_url': 'https://www.waitrose.com/ecom/shop/browse/groceries/toiletries_health_and_beauty/hair_care/shampoo', 'waitrose_rating': '4.6', 'waitrose_unit_price': '(£2.40/100ml)', 'waitrose_new_flag': None, 'waitrose_prod_name': 'John Frieda Shampoo Weightless Wonder 250ml', 'images': []}
DEBUG: Scraped from <200 https://www.waitrose.com/ecom/shop/browse/groceries/toiletries_health_and_beauty/hair_care/shampoo>
{'client': 'Waitrose', 'time': datetime.datetime(2020, 8, 18, 9, 1, 10, 343784), 'category': 'Shampoo', 'id': 'tPp895244-495222-495223', 'prod_name': 'DGJ Clarifying Shampoo', 'waitrose_Qty': '250ml', 'waitrose_discounted_price': '£5.00', 'waitrose_offer_desc': None, 'waitrose_url': 'https://www.waitrose.com/ecom/shop/browse/groceries/toiletries_health_and_beauty/hair_care/shampoo', 'waitrose_rating': None, 'waitrose_unit_price': '(£2/100ml)', 'waitrose_new_flag': None, 'waitrose_prod_name': 'DGJ Clarifying Shampoo 250ml', 'images': []}
DEBUG: Scraped from <200 https://www.waitrose.com/ecom/shop/browse/groceries/toiletries_health_and_beauty/hair_care/shampoo>
{'client': 'Waitrose', 'time': datetime.datetime(2020, 8, 18, 9, 1, 10, 343784), 'category': 'Shampoo', 'id': 'tPp083596-42439-42440', 'prod_name': 'Aussie Colour Mate Shampoo', 'waitrose_Qty': '300ml', 'waitrose_discounted_price': '£4.10', 'waitrose_offer_desc': None, 'waitrose_url': 'https://www.waitrose.com/ecom/shop/browse/groceries/toiletries_health_and_beauty/hair_care/shampoo', 'waitrose_rating': '5', 'waitrose_unit_price': '(£1.37/100ml)', 'waitrose_new_flag': None, 'waitrose_prod_name': 'Aussie Colour Mate Shampoo 300ml', 'images': []}
DEBUG: Scraped from <200 https://www.waitrose.com/ecom/shop/browse/groceries/toiletries_health_and_beauty/hair_care/shampoo>
{'client': 'Waitrose', 'time': datetime.datetime(2020, 8, 18, 9, 1, 10, 343784), 'category': 'Shampoo', 'id': 'tPp833802-337290-337291', 'prod_name': 'Aussie Miracle Moist Spray', 'waitrose_Qty': '250ml', 'waitrose_discounted_price': '£5.15', 'waitrose_offer_desc': None, 'waitrose_url': 'https://www.waitrose.com/ecom/shop/browse/groceries/toiletries_health_and_beauty/hair_care/shampoo', 'waitrose_rating': None, 'waitrose_unit_price': '(£2.06/100ml)', 'waitrose_new_flag': None, 'waitrose_prod_name': 'Aussie Miracle Moist Spray 250ml', 'images': []}
DEBUG: Scraped from <200 https://www.waitrose.com/ecom/shop/browse/groceries/toiletries_health_and_beauty/hair_care/shampoo>
{'client': 'Waitrose', 'time': datetime.datetime(2020, 8, 18, 9, 1, 10, 343784), 'category': 'Shampoo', 'id': 'tPp581644-729702-729703', 'prod_name': 'Percy & Reed Hydrating Shampoo', 'waitrose_Qty': '250ml', 'waitrose_discounted_price': '£12.00', 'waitrose_offer_desc': 'Save 1/3.', 'waitrose_url': 'https://www.waitrose.com/ecom/shop/browse/groceries/toiletries_health_and_beauty/hair_care/shampoo', 'waitrose_rating': None, 'waitrose_unit_price': '(£4.80/100ml)', 'waitrose_new_flag': 'NEW', 'waitrose_prod_name': 'Percy & Reed Hydrating Shampoo 250ml', 'images': []}
DEBUG: Scraped from <200 https://www.waitrose.com/ecom/shop/browse/groceries/toiletries_health_and_beauty/hair_care/shampoo>
{'client': 'Waitrose', 'time': datetime.datetime(2020, 8, 18, 9, 1, 10, 343784), 'category': 'Shampoo', 'id': 'tPp405353-729640-729641', 'prod_name': 'Percy & Reed No-Fuss Dry Shampoo', 'waitrose_Qty': '200ml', 'waitrose_discounted_price': '£10.00', 'waitrose_offer_desc': 'Save 1/3.', 'waitrose_url': 'https://www.waitrose.com/ecom/shop/browse/groceries/toiletries_health_and_beauty/hair_care/shampoo', 'waitrose_rating': None, 'waitrose_unit_price': '(£5/100ml)', 'waitrose_new_flag': 'NEW', 'waitrose_prod_name': 'Percy & Reed No-Fuss Dry Shampoo 200ml', 'images': []}
DEBUG: Scraped from <200 https://www.waitrose.com/ecom/shop/browse/groceries/toiletries_health_and_beauty/hair_care/shampoo>
{'client': 'Waitrose', 'time': datetime.datetime(2020, 8, 18, 9, 1, 10, 343784), 'category': 'Shampoo', 'id': 'tPp838287-695984-695985', 'prod_name': 'Pantene Hair Biology Illuminating Mask', 'waitrose_Qty': '160ml', 'waitrose_discounted_price': '£2.99', 'waitrose_offer_desc': 'Save 1/3.', 'waitrose_url': 'https://www.waitrose.com/ecom/shop/browse/groceries/toiletries_health_and_beauty/hair_care/shampoo', 'waitrose_rating': None, 'waitrose_unit_price': '(£1.87/100ml)', 'waitrose_new_flag': None, 'waitrose_prod_name': 'Pantene Hair Biology Illuminating Mask 160ml', 'images': []}
DEBUG: Scraped from <200 https://www.waitrose.com/ecom/shop/browse/groceries/toiletries_health_and_beauty/hair_care/shampoo>
{'client': 'Waitrose', 'time': datetime.datetime(2020, 8, 18, 9, 1, 10, 343784), 'category': 'Shampoo', 'id': 'tPp888765-695909-695910', 'prod_name': 'Umberto Giannini Curl Jelly Wash', 'waitrose_Qty': '250ml', 'waitrose_discounted_price': '£8.00', 'waitrose_offer_desc': None, 'waitrose_url': 'https://www.waitrose.com/ecom/shop/browse/groceries/toiletries_health_and_beauty/hair_care/shampoo', 'waitrose_rating': '2.5', 'waitrose_unit_price': '(£3.20/100ml)', 'waitrose_new_flag': None, 'waitrose_prod_name': 'Umberto Giannini Curl Jelly Wash 250ml', 'images': []}
DEBUG: Scraped from <200 https://www.waitrose.com/ecom/shop/browse/groceries/toiletries_health_and_beauty/hair_care/shampoo>
{'client': 'Waitrose', 'time': datetime.datetime(2020, 8, 18, 9, 1, 10, 343784), 'category': 'Shampoo', 'id': 'tPp734002-695705-695706', 'prod_name': 'Percy & Reed Wonder Wash Shampoo', 'waitrose_Qty': '250ml', 'waitrose_discounted_price': '£12.00', 'waitrose_offer_desc': 'Save 1/3.', 'waitrose_url': 'https://www.waitrose.com/ecom/shop/browse/groceries/toiletries_health_and_beauty/hair_care/shampoo', 'waitrose_rating': None, 'waitrose_unit_price': '(£4.80/100ml)', 'waitrose_new_flag': None, 'waitrose_prod_name': 'Percy & Reed Wonder Wash Shampoo 250ml', 'images': []}
DEBUG: Scraped from <200 https://www.waitrose.com/ecom/shop/browse/groceries/toiletries_health_and_beauty/hair_care/shampoo>
{'client': 'Waitrose', 'time': datetime.datetime(2020, 8, 18, 9, 1, 10, 343784), 'category': 'Shampoo', 'id': 'tPp889100-330444-330445', 'prod_name': 'AOrganic Rosemary Shampoo', 'waitrose_Qty': '325ml', 'waitrose_discounted_price': '£7.00', 'waitrose_offer_desc': 'Add 2 for £11', 'waitrose_url': 'https://www.waitrose.com/ecom/shop/browse/groceries/toiletries_health_and_beauty/hair_care/shampoo', 'waitrose_rating': '2.5', 'waitrose_unit_price': '(£2.16/100ml)', 'waitrose_new_flag': None, 'waitrose_prod_name': 'AOrganic Rosemary Shampoo 325ml', 'images': []}
DEBUG: Scraped from <200 https://www.waitrose.com/ecom/shop/browse/groceries/toiletries_health_and_beauty/hair_care/shampoo>
{'client': 'Waitrose', 'time': datetime.datetime(2020, 8, 18, 9, 1, 10, 343784), 'category': 'Shampoo', 'id': 'tPp884562-720413-720414', 'prod_name': 'Maui Moisture Shea Butter Shampoo', 'waitrose_Qty': '385ml', 'waitrose_discounted_price': '£9.00', 'waitrose_offer_desc': None, 'waitrose_url': 'https://www.waitrose.com/ecom/shop/browse/groceries/toiletries_health_and_beauty/hair_care/shampoo', 'waitrose_rating': None, 'waitrose_unit_price': '(£2.34/100ml)', 'waitrose_new_flag': None, 'waitrose_prod_name': 'Maui Moisture Shea Butter Shampoo 385ml', 'images': []}
DEBUG: Scraped from <200 https://www.waitrose.com/ecom/shop/browse/groceries/toiletries_health_and_beauty/hair_care/shampoo>
{'client': 'Waitrose', 'time': datetime.datetime(2020, 8, 18, 9, 1, 10, 343784), 'category': 'Shampoo', 'id': 'tPp687186-337057-337058', 'prod_name': 'Argan + Argan Oil Rejuvenating Shampoo', 'waitrose_Qty': '300ml', 'waitrose_discounted_price': '£6.00', 'waitrose_offer_desc': None, 'waitrose_url': 'https://www.waitrose.com/ecom/shop/browse/groceries/toiletries_health_and_beauty/hair_care/shampoo', 'waitrose_rating': '5', 'waitrose_unit_price': '(£2/100ml)', 'waitrose_new_flag': None, 'waitrose_prod_name': 'Argan + Argan Oil Rejuvenating Shampoo 300ml', 'images': []}
DEBUG: Scraped from <200 https://www.waitrose.com/ecom/shop/browse/groceries/toiletries_health_and_beauty/hair_care/shampoo>
{'client': 'Waitrose', 'time': datetime.datetime(2020, 8, 18, 9, 1, 10, 343784), 'category': 'Shampoo', 'id': 'tPp861587-154949-154950', 'prod_name': 'Batiste dark & deep brown dry shampoo', 'waitrose_Qty': '200ml', 'waitrose_discounted_price': '£4.00', 'waitrose_offer_desc': None, 'waitrose_url': 'https://www.waitrose.com/ecom/shop/browse/groceries/toiletries_health_and_beauty/hair_care/shampoo', 'waitrose_rating': None, 'waitrose_unit_price': '(£2/100ml)', 'waitrose_new_flag': None, 'waitrose_prod_name': 'Batiste dark & deep brown dry shampoo 200ml', 'images': []}
DEBUG: Scraped from <200 https://www.waitrose.com/ecom/shop/browse/groceries/toiletries_health_and_beauty/hair_care/shampoo>
{'client': 'Waitrose', 'time': datetime.datetime(2020, 8, 18, 9, 1, 10, 343784), 'category': 'Shampoo', 'id': 'tPp583946-82773-82774', 'prod_name': "Neal's Yard Lavender Shampoo", 'waitrose_Qty': '200ml', 'waitrose_discounted_price': '£11.50', 'waitrose_offer_desc': None, 'waitrose_url': 'https://www.waitrose.com/ecom/shop/browse/groceries/toiletries_health_and_beauty/hair_care/shampoo', 'waitrose_rating': '2.3', 'waitrose_unit_price': '(£5.75/100ml)', 'waitrose_new_flag': None, 'waitrose_prod_name': "Neal's Yard Lavender Shampoo 200ml", 'images': []}
DEBUG: Scraped from <200 https://www.waitrose.com/ecom/shop/browse/groceries/toiletries_health_and_beauty/hair_care/shampoo>
{'client': 'Waitrose', 'time': datetime.datetime(2020, 8, 18, 9, 1, 10, 343784), 'category': 'Shampoo', 'id': 'tPp547359-720175-720176', 'prod_name': 'Maui Moisture Bamboo Shampoo', 'waitrose_Qty': '385ml', 'waitrose_discounted_price': '£9.00', 'waitrose_offer_desc': None, 'waitrose_url': 'https://www.waitrose.com/ecom/shop/browse/groceries/toiletries_health_and_beauty/hair_care/shampoo', 'waitrose_rating': '5', 'waitrose_unit_price': '(£2.34/100ml)', 'waitrose_new_flag': None, 'waitrose_prod_name': 'Maui Moisture Bamboo Shampoo 385ml', 'images': []}
DEBUG: Scraped from <200 https://www.waitrose.com/ecom/shop/browse/groceries/toiletries_health_and_beauty/hair_care/shampoo>
{'client': 'Waitrose', 'time': datetime.datetime(2020, 8, 18, 9, 1, 10, 343784), 'category': 'Shampoo', 'id': 'tPp502437-720153-720154', 'prod_name': 'Aussie Calm The Frizz Shampoo', 'waitrose_Qty': '300ml', 'waitrose_discounted_price': '£4.00', 'waitrose_offer_desc': None, 'waitrose_url': 'https://www.waitrose.com/ecom/shop/browse/groceries/toiletries_health_and_beauty/hair_care/shampoo', 'waitrose_rating': None, 'waitrose_unit_price': '(£1.34/100ml)', 'waitrose_new_flag': None, 'waitrose_prod_name': 'Aussie Calm The Frizz Shampoo 300ml', 'images': []}
DEBUG: Scraped from <200 https://www.waitrose.com/ecom/shop/browse/groceries/toiletries_health_and_beauty/hair_care/shampoo>
{'client': 'Waitrose', 'time': datetime.datetime(2020, 8, 18, 9, 1, 10, 343784), 'category': 'Shampoo', 'id': 'tPp852396-695857-695858', 'prod_name': 'BECO. Honey Blossom Shampoo Bar', 'waitrose_Qty': '90g', 'waitrose_discounted_price': '£4.00', 'waitrose_offer_desc': None, 'waitrose_url': 'https://www.waitrose.com/ecom/shop/browse/groceries/toiletries_health_and_beauty/hair_care/shampoo', 'waitrose_rating': '4.9', 'waitrose_unit_price': '(£4.45/100g)', 'waitrose_new_flag': None, 'waitrose_prod_name': 'BECO. Honey Blossom Shampoo Bar 90g', 'images': []}
DEBUG: Scraped from <200 https://www.waitrose.com/ecom/shop/browse/groceries/toiletries_health_and_beauty/hair_care/shampoo>
{'client': 'Waitrose', 'time': datetime.datetime(2020, 8, 18, 9, 1, 10, 343784), 'category': 'Shampoo', 'id': 'tPp844892-695845-695846', 'prod_name': 'Head & Shoulders Colour Protect', 'waitrose_Qty': '400ml', 'waitrose_discounted_price': '£5.00', 'waitrose_offer_desc': None, 'waitrose_url': 'https://www.waitrose.com/ecom/shop/browse/groceries/toiletries_health_and_beauty/hair_care/shampoo', 'waitrose_rating': None, 'waitrose_unit_price': '(£1.25/100ml)', 'waitrose_new_flag': None, 'waitrose_prod_name': 'Head & Shoulders Colour Protect 400ml', 'images': []}
DEBUG: Scraped from <200 https://www.waitrose.com/ecom/shop/browse/groceries/toiletries_health_and_beauty/hair_care/shampoo>
{'client': 'Waitrose', 'time': datetime.datetime(2020, 8, 18, 9, 1, 10, 343784), 'category': 'Shampoo', 'id': 'tPp631829-695597-695598', 'prod_name': 'Noughty Detox Dynamo Shampoo', 'waitrose_Qty': '250ml', 'waitrose_discounted_price': '£7.00', 'waitrose_offer_desc': None, 'waitrose_url': 'https://www.waitrose.com/ecom/shop/browse/groceries/toiletries_health_and_beauty/hair_care/shampoo', 'waitrose_rating': None, 'waitrose_unit_price': '(£2.80/100ml)', 'waitrose_new_flag': None, 'waitrose_prod_name': 'Noughty Detox Dynamo Shampoo 250ml', 'images': []}
DEBUG: Scraped from <200 https://www.waitrose.com/ecom/shop/browse/groceries/toiletries_health_and_beauty/hair_care/shampoo>
{'client': 'Waitrose', 'time': datetime.datetime(2020, 8, 18, 9, 1, 10, 343784), 'category': 'Shampoo', 'id': 'tPp584599-695531-695532', 'prod_name': 'Batiste Dry Shampoo Volume', 'waitrose_Qty': '200ml', 'waitrose_discounted_price': '£4.25', 'waitrose_offer_desc': None, 'waitrose_url': 'https://www.waitrose.com/ecom/shop/browse/groceries/toiletries_health_and_beauty/hair_care/shampoo', 'waitrose_rating': None, 'waitrose_unit_price': '(£2.13/100ml)', 'waitrose_new_flag': None, 'waitrose_prod_name': 'Batiste Dry Shampoo Volume 200ml', 'images': []}
DEBUG: Scraped from <200 https://www.waitrose.com/ecom/shop/browse/groceries/toiletries_health_and_beauty/hair_care/shampoo>
{'client': 'Waitrose', 'time': datetime.datetime(2020, 8, 18, 9, 1, 10, 343784), 'category': 'Shampoo', 'id': 'tPp492466-631281-631282', 'prod_name': 'Hask Keratin Protein Smoothing Shampoo', 'waitrose_Qty': '355ml', 'waitrose_discounted_price': '£7.00', 'waitrose_offer_desc': None, 'waitrose_url': 'https://www.waitrose.com/ecom/shop/browse/groceries/toiletries_health_and_beauty/hair_care/shampoo', 'waitrose_rating': None, 'waitrose_unit_price': '(£1.98/100ml)', 'waitrose_new_flag': None, 'waitrose_prod_name': 'Hask Keratin Protein Smoothing Shampoo 355ml', 'images': []}
DEBUG: Scraped from <200 https://www.waitrose.com/ecom/shop/browse/groceries/toiletries_health_and_beauty/hair_care/shampoo>
{'client': 'Waitrose', 'time': datetime.datetime(2020, 8, 18, 9, 1, 10, 343784), 'category': 'Shampoo', 'id': 'tPp065299-33095-33096', 'prod_name': 'Frizz Ease Dream Curls Shampoo', 'waitrose_Qty': '250ml', 'waitrose_discounted_price': '£6.00', 'waitrose_offer_desc': None, 'waitrose_url': 'https://www.waitrose.com/ecom/shop/browse/groceries/toiletries_health_and_beauty/hair_care/shampoo', 'waitrose_rating': '5', 'waitrose_unit_price': '(£2.40/100ml)', 'waitrose_new_flag': None, 'waitrose_prod_name': 'Frizz Ease Dream Curls Shampoo 250ml', 'images': []}
DEBUG: Scraped from <200 https://www.waitrose.com/ecom/shop/browse/groceries/toiletries_health_and_beauty/hair_care/shampoo>
{'client': 'Waitrose', 'time': datetime.datetime(2020, 8, 18, 9, 1, 10, 343784), 'category': 'Shampoo', 'id': 'tPp051100-25409-25410', 'prod_name': 'Sheer Blonde Moisturising Shampoo', 'waitrose_Qty': '250ml', 'waitrose_discounted_price': '£6.00', 'waitrose_offer_desc': None, 'waitrose_url': 'https://www.waitrose.com/ecom/shop/browse/groceries/toiletries_health_and_beauty/hair_care/shampoo', 'waitrose_rating': '3', 'waitrose_unit_price': '(£2.40/100ml)', 'waitrose_new_flag': None, 'waitrose_prod_name': 'Sheer Blonde Moisturising Shampoo 250ml', 'images': []}
DEBUG: Scraped from <200 https://www.waitrose.com/ecom/shop/browse/groceries/toiletries_health_and_beauty/hair_care/shampoo>
{'client': 'Waitrose', 'time': datetime.datetime(2020, 8, 18, 9, 1, 10, 343784), 'category': 'Shampoo', 'id': 'tPp527154-720165-720166', 'prod_name': 'Maui Moisture Hibiscus Water', 'waitrose_Qty': '385ml', 'waitrose_discounted_price': '£9.00', 'waitrose_offer_desc': None, 'waitrose_url': 'https://www.waitrose.com/ecom/shop/browse/groceries/toiletries_health_and_beauty/hair_care/shampoo', 'waitrose_rating': None, 'waitrose_unit_price': '(£2.34/100ml)', 'waitrose_new_flag': None, 'waitrose_prod_name': 'Maui Moisture Hibiscus Water 385ml', 'images': []}
DEBUG: Scraped from <200 https://www.waitrose.com/ecom/shop/browse/groceries/toiletries_health_and_beauty/hair_care/shampoo>
{'client': 'Waitrose', 'time': datetime.datetime(2020, 8, 18, 9, 1, 10, 343784), 'category': 'Shampoo', 'id': 'tPp703131-695681-695682', 'prod_name': 'Head & Shoulders Repair Shampoo', 'waitrose_Qty': '400ml', 'waitrose_discounted_price': '£5.00', 'waitrose_offer_desc': None, 'waitrose_url': 'https://www.waitrose.com/ecom/shop/browse/groceries/toiletries_health_and_beauty/hair_care/shampoo', 'waitrose_rating': '4', 'waitrose_unit_price': '(£1.25/100ml)', 'waitrose_new_flag': None, 'waitrose_prod_name': 'Head & Shoulders Repair Shampoo 400ml', 'images': []}
DEBUG: Scraped from <200 https://www.waitrose.com/ecom/shop/browse/groceries/toiletries_health_and_beauty/hair_care/shampoo>
{'client': 'Waitrose', 'time': datetime.datetime(2020, 8, 18, 9, 1, 10, 343784), 'category': 'Shampoo', 'id': 'tPp663502-695641-695642', 'prod_name': 'Noughty To The Rescue Shampoo', 'waitrose_Qty': '250ml', 'waitrose_discounted_price': '£7.00', 'waitrose_offer_desc': None, 'waitrose_url': 'https://www.waitrose.com/ecom/shop/browse/groceries/toiletries_health_and_beauty/hair_care/shampoo', 'waitrose_rating': '5', 'waitrose_unit_price': '(£2.80/100ml)', 'waitrose_new_flag': None, 'waitrose_prod_name': 'Noughty To The Rescue Shampoo 250ml', 'images': []}
DEBUG: Scraped from <200 https://www.waitrose.com/ecom/shop/browse/groceries/toiletries_health_and_beauty/hair_care/shampoo>
{'client': 'Waitrose', 'time': datetime.datetime(2020, 8, 18, 9, 1, 10, 343784), 'category': 'Shampoo', 'id': 'tPp414862-695397-695398', 'prod_name': 'Noughty Wave Hello Shampoo', 'waitrose_Qty': '250ml', 'waitrose_discounted_price': '£7.00', 'waitrose_offer_desc': None, 'waitrose_url': 'https://www.waitrose.com/ecom/shop/browse/groceries/toiletries_health_and_beauty/hair_care/shampoo', 'waitrose_rating': None, 'waitrose_unit_price': '(£2.80/100ml)', 'waitrose_new_flag': None, 'waitrose_prod_name': 'Noughty Wave Hello Shampoo 250ml', 'images': []}
DEBUG: Scraped from <200 https://www.waitrose.com/ecom/shop/browse/groceries/toiletries_health_and_beauty/hair_care/shampoo>
{'client': 'Waitrose', 'time': datetime.datetime(2020, 8, 18, 9, 1, 10, 343784), 'category': 'Shampoo', 'id': 'tPp725372-631511-631512', 'prod_name': 'Hask Moni Coconut Oil Shampoo', 'waitrose_Qty': '355ml', 'waitrose_discounted_price': '£7.00', 'waitrose_offer_desc': None, 'waitrose_url': 'https://www.waitrose.com/ecom/shop/browse/groceries/toiletries_health_and_beauty/hair_care/shampoo', 'waitrose_rating': None, 'waitrose_unit_price': '(£1.98/100ml)', 'waitrose_new_flag': None, 'waitrose_prod_name': 'Hask Moni Coconut Oil Shampoo 355ml', 'images': []}
DEBUG: Scraped from <200 https://www.waitrose.com/ecom/shop/browse/groceries/toiletries_health_and_beauty/hair_care/shampoo>
{'client': 'Waitrose', 'time': datetime.datetime(2020, 8, 18, 9, 1, 10, 343784), 'category': 'Shampoo', 'id': 'tPp502050-631293-631294', 'prod_name': 'Hask Argan Oil Repairing Shampoo', 'waitrose_Qty': '355ml', 'waitrose_discounted_price': '£7.00', 'waitrose_offer_desc': None, 'waitrose_url': 'https://www.waitrose.com/ecom/shop/browse/groceries/toiletries_health_and_beauty/hair_care/shampoo', 'waitrose_rating': '3.7', 'waitrose_unit_price': '(£1.98/100ml)', 'waitrose_new_flag': None, 'waitrose_prod_name': 'Hask Argan Oil Repairing Shampoo 355ml', 'images': []}
DEBUG: Scraped from <200 https://www.waitrose.com/ecom/shop/browse/groceries/toiletries_health_and_beauty/hair_care/shampoo>
{'client': 'Waitrose', 'time': datetime.datetime(2020, 8, 18, 9, 1, 10, 343784), 'category': 'Shampoo', 'id': 'tPp755186-495024-495025', 'prod_name': 'DGJ Colour Save Shampoo', 'waitrose_Qty': '250ml', 'waitrose_discounted_price': '£5.00', 'waitrose_offer_desc': None, 'waitrose_url': 'https://www.waitrose.com/ecom/shop/browse/groceries/toiletries_health_and_beauty/hair_care/shampoo', 'waitrose_rating': None, 'waitrose_unit_price': '(£2/100ml)', 'waitrose_new_flag': None, 'waitrose_prod_name': 'DGJ Colour Save Shampoo 250ml', 'images': []}
DEBUG: Scraped from <200 https://www.waitrose.com/ecom/shop/browse/groceries/toiletries_health_and_beauty/hair_care/shampoo>
{'client': 'Waitrose', 'time': datetime.datetime(2020, 8, 18, 9, 1, 10, 343784), 'category': 'Shampoo', 'id': 'tPp807825-473364-473365', 'prod_name': 'SenSpa Deep Cleanse Shampoo', 'waitrose_Qty': '250ml', 'waitrose_discounted_price': '£6.00', 'waitrose_offer_desc': None, 'waitrose_url': 'https://www.waitrose.com/ecom/shop/browse/groceries/toiletries_health_and_beauty/hair_care/shampoo', 'waitrose_rating': '3.7', 'waitrose_unit_price': '(£2.40/100ml)', 'waitrose_new_flag': None, 'waitrose_prod_name': 'SenSpa Deep Cleanse Shampoo 250ml', 'images': []}
DEBUG: Scraped from <200 https://www.waitrose.com/ecom/shop/browse/groceries/toiletries_health_and_beauty/hair_care/shampoo>
{'client': 'Waitrose', 'time': datetime.datetime(2020, 8, 18, 9, 1, 10, 343784), 'category': 'Shampoo', 'id': 'tPp816738-442231-442232', 'prod_name': 'SensSpa Nourishing Shampoo', 'waitrose_Qty': '250ml', 'waitrose_discounted_price': '£6.00', 'waitrose_offer_desc': None, 'waitrose_url': 'https://www.waitrose.com/ecom/shop/browse/groceries/toiletries_health_and_beauty/hair_care/shampoo', 'waitrose_rating': '2.6', 'waitrose_unit_price': '(£2.40/100ml)', 'waitrose_new_flag': None, 'waitrose_prod_name': 'SensSpa Nourishing Shampoo 250ml', 'images': []}
DEBUG: Scraped from <200 https://www.waitrose.com/ecom/shop/browse/groceries/toiletries_health_and_beauty/hair_care/shampoo>
{'client': 'Waitrose', 'time': datetime.datetime(2020, 8, 18, 9, 1, 10, 343784), 'category': 'Shampoo', 'id': 'tPp686838-346630-346631', 'prod_name': 'Richard Ward argan antiageing shampoo', 'waitrose_Qty': '250ml', 'waitrose_discounted_price': '£6.00', 'waitrose_offer_desc': None, 'waitrose_url': 'https://www.waitrose.com/ecom/shop/browse/groceries/toiletries_health_and_beauty/hair_care/shampoo', 'waitrose_rating': '4.1', 'waitrose_unit_price': '(£2.40/100ml)', 'waitrose_new_flag': None, 'waitrose_prod_name': 'Richard Ward argan antiageing shampoo 250ml', 'images': []}
DEBUG: Scraped from <200 https://www.waitrose.com/ecom/shop/browse/groceries/toiletries_health_and_beauty/hair_care/shampoo>
{'client': 'Waitrose', 'time': datetime.datetime(2020, 8, 18, 9, 1, 10, 343784), 'category': 'Shampoo', 'id': 'tPp567431-729696-729697', 'prod_name': 'Batiste Dry Shampoo for Blondes', 'waitrose_Qty': '200ml', 'waitrose_discounted_price': '£4.00', 'waitrose_offer_desc': None, 'waitrose_url': 'https://www.waitrose.com/ecom/shop/browse/groceries/toiletries_health_and_beauty/hair_care/shampoo', 'waitrose_rating': None, 'waitrose_unit_price': '(£2/100ml)', 'waitrose_new_flag': 'NEW', 'waitrose_prod_name': 'Batiste Dry Shampoo for Blondes 200ml', 'images': []}
DEBUG: Scraped from <200 https://www.waitrose.com/ecom/shop/browse/groceries/toiletries_health_and_beauty/hair_care/shampoo>
{'client': 'Waitrose', 'time': datetime.datetime(2020, 8, 18, 9, 1, 10, 343784), 'category': 'Shampoo', 'id': 'tPp808436-720325-720326', 'prod_name': 'Hask Biotin Boost Shampoo', 'waitrose_Qty': '355ml', 'waitrose_discounted_price': '£7.00', 'waitrose_offer_desc': None, 'waitrose_url': 'https://www.waitrose.com/ecom/shop/browse/groceries/toiletries_health_and_beauty/hair_care/shampoo', 'waitrose_rating': None, 'waitrose_unit_price': '(£1.98/100ml)', 'waitrose_new_flag': None, 'waitrose_prod_name': 'Hask Biotin Boost Shampoo 355ml', 'images': []}
DEBUG: Scraped from <200 https://www.waitrose.com/ecom/shop/browse/groceries/toiletries_health_and_beauty/hair_care/shampoo>
{'client': 'Waitrose', 'time': datetime.datetime(2020, 8, 18, 9, 1, 10, 343784), 'category': 'Shampoo', 'id': 'tPp567481-719558-719559', 'prod_name': 'Fit Kit Gentle Shampoo &Conditioner', 'waitrose_Qty': '200ml', 'waitrose_discounted_price': '£3.99', 'waitrose_offer_desc': None, 'waitrose_url': 'https://www.waitrose.com/ecom/shop/browse/groceries/toiletries_health_and_beauty/hair_care/shampoo', 'waitrose_rating': '5', 'waitrose_unit_price': '(£2/100ml)', 'waitrose_new_flag': None, 'waitrose_prod_name': 'Fit Kit Gentle Shampoo &Conditioner 200ml', 'images': []}
DEBUG: Scraped from <200 https://www.waitrose.com/ecom/shop/browse/groceries/toiletries_health_and_beauty/hair_care/shampoo>
{'client': 'Waitrose', 'time': datetime.datetime(2020, 8, 18, 9, 1, 10, 343784), 'category': 'Shampoo', 'id': 'tPp657930-695639-695640', 'prod_name': 'Noughty Pumped Up Shampoo', 'waitrose_Qty': '250ml', 'waitrose_discounted_price': '£7.00', 'waitrose_offer_desc': None, 'waitrose_url': 'https://www.waitrose.com/ecom/shop/browse/groceries/toiletries_health_and_beauty/hair_care/shampoo', 'waitrose_rating': '5', 'waitrose_unit_price': '(£2.80/100ml)', 'waitrose_new_flag': None, 'waitrose_prod_name': 'Noughty Pumped Up Shampoo 250ml', 'images': []}
DEBUG: Scraped from <200 https://www.waitrose.com/ecom/shop/browse/groceries/toiletries_health_and_beauty/hair_care/shampoo>
{'client': 'Waitrose', 'time': datetime.datetime(2020, 8, 18, 9, 1, 10, 343784), 'category': 'Shampoo', 'id': 'tPp649492-695625-695626', 'prod_name': 'Vosene Kids 2in1 Melon Shampoo', 'waitrose_Qty': '250ml', 'waitrose_discounted_price': '£2.00', 'waitrose_offer_desc': None, 'waitrose_url': 'https://www.waitrose.com/ecom/shop/browse/groceries/toiletries_health_and_beauty/hair_care/shampoo', 'waitrose_rating': None, 'waitrose_unit_price': '(80p/100ml)', 'waitrose_new_flag': None, 'waitrose_prod_name': 'Vosene Kids 2in1 Melon Shampoo 250ml', 'images': []}
DEBUG: Scraped from <200 https://www.waitrose.com/ecom/shop/browse/groceries/toiletries_health_and_beauty/hair_care/shampoo>
{'client': 'Waitrose', 'time': datetime.datetime(2020, 8, 18, 9, 1, 10, 343784), 'category': 'Shampoo', 'id': 'tPp603087-695555-695556', 'prod_name': 'Noughty Colour Bomb Shampoo', 'waitrose_Qty': '250ml', 'waitrose_discounted_price': '£7.00', 'waitrose_offer_desc': None, 'waitrose_url': 'https://www.waitrose.com/ecom/shop/browse/groceries/toiletries_health_and_beauty/hair_care/shampoo', 'waitrose_rating': '3', 'waitrose_unit_price': '(£2.80/100ml)', 'waitrose_new_flag': None, 'waitrose_prod_name': 'Noughty Colour Bomb Shampoo 250ml', 'images': []}
DEBUG: Scraped from <200 https://www.waitrose.com/ecom/shop/browse/groceries/toiletries_health_and_beauty/hair_care/shampoo>
{'client': 'Waitrose', 'time': datetime.datetime(2020, 8, 18, 9, 1, 10, 343784), 'category': 'Shampoo', 'id': 'tPp530991-695493-695494', 'prod_name': 'John Frieda Shampoo Detox & Repair', 'waitrose_Qty': '250ml', 'waitrose_discounted_price': '£6.00', 'waitrose_offer_desc': None, 'waitrose_url': 'https://www.waitrose.com/ecom/shop/browse/groceries/toiletries_health_and_beauty/hair_care/shampoo', 'waitrose_rating': None, 'waitrose_unit_price': '(£2.40/100ml)', 'waitrose_new_flag': None, 'waitrose_prod_name': 'John Frieda Shampoo Detox & Repair 250ml', 'images': []}
DEBUG: Scraped from <200 https://www.waitrose.com/ecom/shop/browse/groceries/toiletries_health_and_beauty/hair_care/shampoo>
{'client': 'Waitrose', 'time': datetime.datetime(2020, 8, 18, 9, 1, 10, 343784), 'category': 'Shampoo', 'id': 'tPp453160-695433-695434', 'prod_name': 'Argan+ Long & Strong Shampoo', 'waitrose_Qty': '300ml', 'waitrose_discounted_price': '£6.00', 'waitrose_offer_desc': None, 'waitrose_url': 'https://www.waitrose.com/ecom/shop/browse/groceries/toiletries_health_and_beauty/hair_care/shampoo', 'waitrose_rating': None, 'waitrose_unit_price': '(£2/100ml)', 'waitrose_new_flag': None, 'waitrose_prod_name': 'Argan+ Long & Strong Shampoo 300ml', 'images': []}
DEBUG: Scraped from <200 https://www.waitrose.com/ecom/shop/browse/groceries/toiletries_health_and_beauty/hair_care/shampoo>
{'client': 'Waitrose', 'time': datetime.datetime(2020, 8, 18, 9, 1, 10, 343784), 'category': 'Shampoo', 'id': 'tPp591666-681031-681032', 'prod_name': 'Pure Grace Shower Gel', 'waitrose_Qty': '480ml', 'waitrose_discounted_price': '£19.50', 'waitrose_offer_desc': None, 'waitrose_url': 'https://www.waitrose.com/ecom/shop/browse/groceries/toiletries_health_and_beauty/hair_care/shampoo', 'waitrose_rating': None, 'waitrose_unit_price': '(£4.07/100ml)', 'waitrose_new_flag': None, 'waitrose_prod_name': 'Pure Grace Shower Gel 480ml', 'images': []}
DEBUG: Scraped from <200 https://www.waitrose.com/ecom/shop/browse/groceries/toiletries_health_and_beauty/hair_care/shampoo>
{'client': 'Waitrose', 'time': datetime.datetime(2020, 8, 18, 9, 1, 10, 343784), 'category': 'Shampoo', 'id': 'tPp711086-652694-652695', 'prod_name': 'Head & Shoulders Supreme Moisture', 'waitrose_Qty': '400ml', 'waitrose_discounted_price': '£5.15', 'waitrose_offer_desc': None, 'waitrose_url': 'https://www.waitrose.com/ecom/shop/browse/groceries/toiletries_health_and_beauty/hair_care/shampoo', 'waitrose_rating': None, 'waitrose_unit_price': '(£1.29/100ml)', 'waitrose_new_flag': None, 'waitrose_prod_name': 'Head & Shoulders Supreme Moisture 400ml', 'images': []}
DEBUG: Scraped from <200 https://www.waitrose.com/ecom/shop/browse/groceries/toiletries_health_and_beauty/hair_care/shampoo>
{'client': 'Waitrose', 'time': datetime.datetime(2020, 8, 18, 9, 1, 10, 343784), 'category': 'Shampoo', 'id': 'tPp745828-495012-495013', 'prod_name': 'DGJ Kids Lice Repel Shampoo', 'waitrose_Qty': '250ml', 'waitrose_discounted_price': '£3.50', 'waitrose_offer_desc': None, 'waitrose_url': 'https://www.waitrose.com/ecom/shop/browse/groceries/toiletries_health_and_beauty/hair_care/shampoo', 'waitrose_rating': None, 'waitrose_unit_price': '(£1.40/100ml)', 'waitrose_new_flag': None, 'waitrose_prod_name': 'DGJ Kids Lice Repel Shampoo 250ml', 'images': []}
DEBUG: Scraped from <200 https://www.waitrose.com/ecom/shop/browse/groceries/toiletries_health_and_beauty/hair_care/shampoo>
{'client': 'Waitrose', 'time': datetime.datetime(2020, 8, 18, 9, 1, 10, 343784), 'category': 'Shampoo', 'id': 'tPp702159-494964-494965', 'prod_name': 'DGJ Argan Oil Shampoo', 'waitrose_Qty': '250ml', 'waitrose_discounted_price': '£5.00', 'waitrose_offer_desc': None, 'waitrose_url': 'https://www.waitrose.com/ecom/shop/browse/groceries/toiletries_health_and_beauty/hair_care/shampoo', 'waitrose_rating': None, 'waitrose_unit_price': '(£2/100ml)', 'waitrose_new_flag': None, 'waitrose_prod_name': 'DGJ Argan Oil Shampoo 250ml', 'images': []}
DEBUG: Scraped from <200 https://www.waitrose.com/ecom/shop/browse/groceries/toiletries_health_and_beauty/hair_care/shampoo>
{'client': 'Waitrose', 'time': datetime.datetime(2020, 8, 18, 9, 1, 10, 343784), 'category': 'Shampoo', 'id': 'tPp407272-440973-440974', 'prod_name': 'Richard Ward Chelsea Cleanse & Condition', 'waitrose_Qty': '250ml', 'waitrose_discounted_price': '£6.00', 'waitrose_offer_desc': None, 'waitrose_url': 'https://www.waitrose.com/ecom/shop/browse/groceries/toiletries_health_and_beauty/hair_care/shampoo', 'waitrose_rating': '3.7', 'waitrose_unit_price': '(£2.40/100ml)', 'waitrose_new_flag': None, 'waitrose_prod_name': 'Richard Ward Chelsea Cleanse & Condition 250ml', 'images': []}
DEBUG: Scraped from <200 https://www.waitrose.com/ecom/shop/browse/groceries/toiletries_health_and_beauty/hair_care/shampoo>
{'client': 'Waitrose', 'time': datetime.datetime(2020, 8, 18, 9, 1, 10, 343784), 'category': 'Shampoo', 'id': 'tPp623864-695587-695588', 'prod_name': 'Noughty Care Taker Shampoo', 'waitrose_Qty': '250ml', 'waitrose_discounted_price': '£7.00', 'waitrose_offer_desc': None, 'waitrose_url': 'https://www.waitrose.com/ecom/shop/browse/groceries/toiletries_health_and_beauty/hair_care/shampoo', 'waitrose_rating': '4', 'waitrose_unit_price': '(£2.80/100ml)', 'waitrose_new_flag': None, 'waitrose_prod_name': 'Noughty Care Taker Shampoo 250ml', 'images': []}
DEBUG: Scraped from <200 https://www.waitrose.com/ecom/shop/browse/groceries/toiletries_health_and_beauty/hair_care/shampoo>
{'client': 'Waitrose', 'time': datetime.datetime(2020, 8, 18, 9, 1, 10, 343784), 'category': 'Shampoo', 'id': 'tPp747801-683764-683765', 'prod_name': 'Aussie Shampoo Scent-sational', 'waitrose_Qty': '300ml', 'waitrose_discounted_price': '£4.00', 'waitrose_offer_desc': None, 'waitrose_url': 'https://www.waitrose.com/ecom/shop/browse/groceries/toiletries_health_and_beauty/hair_care/shampoo', 'waitrose_rating': '5', 'waitrose_unit_price': '(£1.34/100ml)', 'waitrose_new_flag': None, 'waitrose_prod_name': 'Aussie Shampoo Scent-sational 300ml', 'images': []}
DEBUG: Scraped from <200 https://www.waitrose.com/ecom/shop/browse/groceries/toiletries_health_and_beauty/hair_care/shampoo>
{'client': 'Waitrose', 'time': datetime.datetime(2020, 8, 18, 9, 1, 10, 343784), 'category': 'Shampoo', 'id': 'tPp401660-588303-588304', 'prod_name': 'Richard Ward Brunette Shampoo', 'waitrose_Qty': '250ml', 'waitrose_discounted_price': '£6.00', 'waitrose_offer_desc': None, 'waitrose_url': 'https://www.waitrose.com/ecom/shop/browse/groceries/toiletries_health_and_beauty/hair_care/shampoo', 'waitrose_rating': '5', 'waitrose_unit_price': '(£2.40/100ml)', 'waitrose_new_flag': None, 'waitrose_prod_name': 'Richard Ward Brunette Shampoo 250ml', 'images': []}
DEBUG: Scraped from <200 https://www.waitrose.com/ecom/shop/browse/groceries/toiletries_health_and_beauty/hair_care/shampoo>
{'client': 'Waitrose', 'time': datetime.datetime(2020, 8, 18, 9, 1, 10, 343784), 'category': 'Shampoo', 'id': 'tPp895328-495224-495225', 'prod_name': 'DGJ Kids Detangle Shampoo', 'waitrose_Qty': '250ml', 'waitrose_discounted_price': '£3.50', 'waitrose_offer_desc': None, 'waitrose_url': 'https://www.waitrose.com/ecom/shop/browse/groceries/toiletries_health_and_beauty/hair_care/shampoo', 'waitrose_rating': None, 'waitrose_unit_price': '(£1.40/100ml)', 'waitrose_new_flag': None, 'waitrose_prod_name': 'DGJ Kids Detangle Shampoo 250ml', 'images': []}
INFO: Closing spider (finished)
INFO: Stored json feed (139 items) in: waitrose_081820.json
INFO: Dumping Scrapy stats:
{'downloader/request_bytes': 2588,
 'downloader/request_count': 1,
 'downloader/request_method_count/POST': 1,
 'downloader/response_bytes': 1488945,
 'downloader/response_count': 1,
 'downloader/response_status_count/200': 1,
 'finish_reason': 'finished',
 'finish_time': datetime.datetime(2020, 8, 18, 3, 32, 32, 438789),
 'item_scraped_count': 139,
 'log_count/DEBUG': 140,
 'log_count/INFO': 11,
 'log_count/WARNING': 1,
 'response_received_count': 1,
 'scheduler/dequeued': 2,
 'scheduler/dequeued/memory': 2,
 'scheduler/enqueued': 2,
 'scheduler/enqueued/memory': 2,
 'splash/execute/request_count': 1,
 'splash/execute/response_count/200': 1,
 'start_time': datetime.datetime(2020, 8, 18, 3, 31, 10, 774777)}
INFO: Spider closed (finished)
INFO: Scrapy 1.6.0 started (bot: waitrose)
INFO: Versions: lxml 4.5.1.0, libxml2 2.9.10, cssselect 1.1.0, parsel 1.6.0, w3lib 1.22.0, Twisted 20.3.0, Python 3.7.7 (default, May  6 2020, 11:45:54) [MSC v.1916 64 bit (AMD64)], pyOpenSSL 19.1.0 (OpenSSL 1.1.1g  21 Apr 2020), cryptography 2.9.2, Platform Windows-10-10.0.18362-SP0
INFO: Overridden settings: {'BOT_NAME': 'waitrose', 'DOWNLOAD_TIMEOUT': 1200, 'DUPEFILTER_CLASS': 'scrapy_splash.SplashAwareDupeFilter', 'FEED_EXPORT_ENCODING': 'utf-8', 'NEWSPIDER_MODULE': 'waitrose.spiders', 'SPIDER_MODULES': ['waitrose.spiders']}
INFO: Telnet Password: 314cbf3f48fd5258
INFO: Enabled extensions:
['scrapy.extensions.corestats.CoreStats',
 'scrapy.extensions.telnet.TelnetConsole',
 'scrapy.extensions.logstats.LogStats']
INFO: Enabled downloader middlewares:
['scrapy.downloadermiddlewares.httpauth.HttpAuthMiddleware',
 'scrapy.downloadermiddlewares.downloadtimeout.DownloadTimeoutMiddleware',
 'scrapy.downloadermiddlewares.defaultheaders.DefaultHeadersMiddleware',
 'scrapy.downloadermiddlewares.useragent.UserAgentMiddleware',
 'scrapy.downloadermiddlewares.retry.RetryMiddleware',
 'scrapy.downloadermiddlewares.redirect.MetaRefreshMiddleware',
 'scrapy.downloadermiddlewares.redirect.RedirectMiddleware',
 'scrapy.downloadermiddlewares.cookies.CookiesMiddleware',
 'scrapy_splash.SplashCookiesMiddleware',
 'scrapy_splash.SplashMiddleware',
 'scrapy.downloadermiddlewares.httpproxy.HttpProxyMiddleware',
 'scrapy.downloadermiddlewares.httpcompression.HttpCompressionMiddleware',
 'scrapy.downloadermiddlewares.stats.DownloaderStats']
INFO: Enabled spider middlewares:
['scrapy.spidermiddlewares.httperror.HttpErrorMiddleware',
 'scrapy_splash.SplashDeduplicateArgsMiddleware',
 'scrapy.spidermiddlewares.offsite.OffsiteMiddleware',
 'scrapy.spidermiddlewares.referer.RefererMiddleware',
 'scrapy.spidermiddlewares.urllength.UrlLengthMiddleware',
 'scrapy.spidermiddlewares.depth.DepthMiddleware']
INFO: Enabled item pipelines:
['waitrose.pipelines.ImageDownloaderPipeline',
 'waitrose.pipelines.SQLlitePipeline']
INFO: Spider opened
INFO: Crawled 0 pages (at 0 pages/min), scraped 0 items (at 0 items/min)
INFO: Telnet console listening on 127.0.0.1:6023
INFO: Crawled 0 pages (at 0 pages/min), scraped 0 items (at 0 items/min)
DEBUG: Crawled (200) <GET https://www.waitrose.com/ecom/shop/browse/groceries/toiletries_health_and_beauty/hair_care/shampoo via http://192.168.1.9:8050/execute> (referer: None)
DEBUG: Scraped from <200 https://www.waitrose.com/ecom/shop/browse/groceries/toiletries_health_and_beauty/hair_care/shampoo>
{'image_name': ['head shoulders shampoo classic 500'], 'images': []}
DEBUG: Scraped from <200 https://www.waitrose.com/ecom/shop/browse/groceries/toiletries_health_and_beauty/hair_care/shampoo>
{'image_name': ['pantene classic clean shampoo 500'], 'images': []}
DEBUG: Scraped from <200 https://www.waitrose.com/ecom/shop/browse/groceries/toiletries_health_and_beauty/hair_care/shampoo>
{'image_name': ['head shoulders 2in1 classic clean 450'], 'images': []}
DEBUG: Scraped from <200 https://www.waitrose.com/ecom/shop/browse/groceries/toiletries_health_and_beauty/hair_care/shampoo>
{'image_name': ['herbal essences clean shampoo 400'], 'images': []}
DEBUG: Scraped from <200 https://www.waitrose.com/ecom/shop/browse/groceries/toiletries_health_and_beauty/hair_care/shampoo>
{'image_name': ['pantene repair protect shampoo 500'], 'images': []}
DEBUG: Scraped from <200 https://www.waitrose.com/ecom/shop/browse/groceries/toiletries_health_and_beauty/hair_care/shampoo>
{'image_name': ['aussie miracle moist shampoo 500'], 'images': []}
DEBUG: Scraped from <200 https://www.waitrose.com/ecom/shop/browse/groceries/toiletries_health_and_beauty/hair_care/shampoo>
{'image_name': ['pantene volume body shampoo 500'], 'images': []}
DEBUG: Scraped from <200 https://www.waitrose.com/ecom/shop/browse/groceries/toiletries_health_and_beauty/hair_care/shampoo>
{'image_name': ['head shoulders itchy scalp shampoo 500'], 'images': []}
DEBUG: Scraped from <200 https://www.waitrose.com/ecom/shop/browse/groceries/toiletries_health_and_beauty/hair_care/shampoo>
{'image_name': ['herbal essences repair shampoo 400'], 'images': []}
DEBUG: Scraped from <200 https://www.waitrose.com/ecom/shop/browse/groceries/toiletries_health_and_beauty/hair_care/shampoo>
{'image_name': ['pantene smooth sleek shampoo 500'], 'images': []}
DEBUG: Scraped from <200 https://www.waitrose.com/ecom/shop/browse/groceries/toiletries_health_and_beauty/hair_care/shampoo>
{'image_name': ['ogx biotin collagen shampoo 385'], 'images': []}
DEBUG: Scraped from <200 https://www.waitrose.com/ecom/shop/browse/groceries/toiletries_health_and_beauty/hair_care/shampoo>
{'image_name': ['aussie mega shampoo 500'], 'images': []}
DEBUG: Scraped from <200 https://www.waitrose.com/ecom/shop/browse/groceries/toiletries_health_and_beauty/hair_care/shampoo>
{'image_name': ['essential daily care shampoo 300'], 'images': []}
DEBUG: Scraped from <200 https://www.waitrose.com/ecom/shop/browse/groceries/toiletries_health_and_beauty/hair_care/shampoo>
{'image_name': ['pantene 3 in 1 classic clean 450'], 'images': []}
DEBUG: Scraped from <200 https://www.waitrose.com/ecom/shop/browse/groceries/toiletries_health_and_beauty/hair_care/shampoo>
{'image_name': ['essential waitrose nourishing shampoo 300'], 'images': []}
DEBUG: Scraped from <200 https://www.waitrose.com/ecom/shop/browse/groceries/toiletries_health_and_beauty/hair_care/shampoo>
{'image_name': ['ogx argan oil morocco shampoo 385'], 'images': []}
DEBUG: Scraped from <200 https://www.waitrose.com/ecom/shop/browse/groceries/toiletries_health_and_beauty/hair_care/shampoo>
{'image_name': ['pantene colour protect shampoo 500'], 'images': []}
DEBUG: Scraped from <200 https://www.waitrose.com/ecom/shop/browse/groceries/toiletries_health_and_beauty/hair_care/shampoo>
{'image_name': ['herbal essences volume shampoo 400'], 'images': []}
DEBUG: Scraped from <200 https://www.waitrose.com/ecom/shop/browse/groceries/toiletries_health_and_beauty/hair_care/shampoo>
{'image_name': ['herbal essences hydrate shampoo 400'], 'images': []}
DEBUG: Scraped from <200 https://www.waitrose.com/ecom/shop/browse/groceries/toiletries_health_and_beauty/hair_care/shampoo>
{'image_name': ['ogx kuku oil shampoo 385'], 'images': []}
DEBUG: Scraped from <200 https://www.waitrose.com/ecom/shop/browse/groceries/toiletries_health_and_beauty/hair_care/shampoo>
{'image_name': ['ogx coconut milk shampoo 385'], 'images': []}
DEBUG: Scraped from <200 https://www.waitrose.com/ecom/shop/browse/groceries/toiletries_health_and_beauty/hair_care/shampoo>
{'image_name': ['eco warrior shampoo bar 100g'], 'images': []}
DEBUG: Scraped from <200 https://www.waitrose.com/ecom/shop/browse/groceries/toiletries_health_and_beauty/hair_care/shampoo>
{'image_name': ['avalon organics tea tree shampoo 325'], 'images': []}
DEBUG: Scraped from <200 https://www.waitrose.com/ecom/shop/browse/groceries/toiletries_health_and_beauty/hair_care/shampoo>
{'image_name': ['essential daily care 2 in 1 300'], 'images': []}
DEBUG: Scraped from <200 https://www.waitrose.com/ecom/shop/browse/groceries/toiletries_health_and_beauty/hair_care/shampoo>
{'image_name': ['head shoulders shampoo apple fresh 500'], 'images': []}
DEBUG: Scraped from <200 https://www.waitrose.com/ecom/shop/browse/groceries/toiletries_health_and_beauty/hair_care/shampoo>
{'image_name': ['herbal essences aloe mango shampoo 380'], 'images': []}
DEBUG: Scraped from <200 https://www.waitrose.com/ecom/shop/browse/groceries/toiletries_health_and_beauty/hair_care/shampoo>
{'image_name': ['herbal essences deep repair shampoo 400'], 'images': []}
DEBUG: Scraped from <200 https://www.waitrose.com/ecom/shop/browse/groceries/toiletries_health_and_beauty/hair_care/shampoo>
{'image_name': ['aorganic lavender shampoo 325'], 'images': []}
DEBUG: Scraped from <200 https://www.waitrose.com/ecom/shop/browse/groceries/toiletries_health_and_beauty/hair_care/shampoo>
{'image_name': ['aussie aussome volume shampoo 500'], 'images': []}
DEBUG: Scraped from <200 https://www.waitrose.com/ecom/shop/browse/groceries/toiletries_health_and_beauty/hair_care/shampoo>
{'image_name': ['vosene original shampoo 250'], 'images': []}
DEBUG: Scraped from <200 https://www.waitrose.com/ecom/shop/browse/groceries/toiletries_health_and_beauty/hair_care/shampoo>
{'image_name': ['pantene grow strong shampoo 400'], 'images': []}
DEBUG: Scraped from <200 https://www.waitrose.com/ecom/shop/browse/groceries/toiletries_health_and_beauty/hair_care/shampoo>
{'image_name': ['ogx brazilian keratin shampoo 385'], 'images': []}
DEBUG: Scraped from <200 https://www.waitrose.com/ecom/shop/browse/groceries/toiletries_health_and_beauty/hair_care/shampoo>
{'image_name': ['head shoulders smooth shampoo 500'], 'images': []}
DEBUG: Scraped from <200 https://www.waitrose.com/ecom/shop/browse/groceries/toiletries_health_and_beauty/hair_care/shampoo>
{'image_name': ['ogx coconut oil shampoo 385'], 'images': []}
DEBUG: Scraped from <200 https://www.waitrose.com/ecom/shop/browse/groceries/toiletries_health_and_beauty/hair_care/shampoo>
{'image_name': ['avalon organics lemon shampoo 325'], 'images': []}
DEBUG: Scraped from <200 https://www.waitrose.com/ecom/shop/browse/groceries/toiletries_health_and_beauty/hair_care/shampoo>
{'image_name': ['head shoulders shampoo citrus fresh 500'], 'images': []}
DEBUG: Scraped from <200 https://www.waitrose.com/ecom/shop/browse/groceries/toiletries_health_and_beauty/hair_care/shampoo>
{'image_name': ['hair biology purple shampoo 250'], 'images': []}
DEBUG: Scraped from <200 https://www.waitrose.com/ecom/shop/browse/groceries/toiletries_health_and_beauty/hair_care/shampoo>
{'image_name': ['pantene 3in1 smooth sleek 450'], 'images': []}
DEBUG: Scraped from <200 https://www.waitrose.com/ecom/shop/browse/groceries/toiletries_health_and_beauty/hair_care/shampoo>
{'image_name': ['head shoulders coconut shampoo 500'], 'images': []}
DEBUG: Scraped from <200 https://www.waitrose.com/ecom/shop/browse/groceries/toiletries_health_and_beauty/hair_care/shampoo>
{'image_name': ['aussie miracle shine shampoo 500'], 'images': []}
DEBUG: Scraped from <200 https://www.waitrose.com/ecom/shop/browse/groceries/toiletries_health_and_beauty/hair_care/shampoo>
{'image_name': ['tresemme shampoo moisture rich 800'], 'images': []}
DEBUG: Scraped from <200 https://www.waitrose.com/ecom/shop/browse/groceries/toiletries_health_and_beauty/hair_care/shampoo>
{'image_name': ['aussie colour mate shampoo 500'], 'images': []}
DEBUG: Scraped from <200 https://www.waitrose.com/ecom/shop/browse/groceries/toiletries_health_and_beauty/hair_care/shampoo>
{'image_name': ['head shoulders 2in1 apple fresh 450'], 'images': []}
DEBUG: Scraped from <200 https://www.waitrose.com/ecom/shop/browse/groceries/toiletries_health_and_beauty/hair_care/shampoo>
{'image_name': ['john frieda shampoo touchably full 250'], 'images': []}
DEBUG: Scraped from <200 https://www.waitrose.com/ecom/shop/browse/groceries/toiletries_health_and_beauty/hair_care/shampoo>
{'image_name': ['pantene hair biology full vibrant 250'], 'images': []}
DEBUG: Scraped from <200 https://www.waitrose.com/ecom/shop/browse/groceries/toiletries_health_and_beauty/hair_care/shampoo>
{'image_name': ['neutrogena tgel shampoo dry hair 125'], 'images': []}
DEBUG: Scraped from <200 https://www.waitrose.com/ecom/shop/browse/groceries/toiletries_health_and_beauty/hair_care/shampoo>
{'image_name': ['sheer blonde go blonder shampoo 250'], 'images': []}
DEBUG: Scraped from <200 https://www.waitrose.com/ecom/shop/browse/groceries/toiletries_health_and_beauty/hair_care/shampoo>
{'image_name': ['essential waitrose anti druff 2 in 1 300'], 'images': []}
DEBUG: Scraped from <200 https://www.waitrose.com/ecom/shop/browse/groceries/toiletries_health_and_beauty/hair_care/shampoo>
{'image_name': ['head shoulders 2in1 itchy scalp 450'], 'images': []}
DEBUG: Scraped from <200 https://www.waitrose.com/ecom/shop/browse/groceries/toiletries_health_and_beauty/hair_care/shampoo>
{'image_name': ['batiste original dry shampoo 200'], 'images': []}
DEBUG: Scraped from <200 https://www.waitrose.com/ecom/shop/browse/groceries/toiletries_health_and_beauty/hair_care/shampoo>
{'image_name': ['aussie aussome volume shampoo 300'], 'images': []}
DEBUG: Scraped from <200 https://www.waitrose.com/ecom/shop/browse/groceries/toiletries_health_and_beauty/hair_care/shampoo>
{'image_name': ['herbal essences aloe hemp shampoo 380'], 'images': []}
DEBUG: Scraped from <200 https://www.waitrose.com/ecom/shop/browse/groceries/toiletries_health_and_beauty/hair_care/shampoo>
{'image_name': ['pantene 3in1 repair protect 450'], 'images': []}
DEBUG: Scraped from <200 https://www.waitrose.com/ecom/shop/browse/groceries/toiletries_health_and_beauty/hair_care/shampoo>
{'image_name': ['ogx orchid oil shampoo 385'], 'images': []}
DEBUG: Scraped from <200 https://www.waitrose.com/ecom/shop/browse/groceries/toiletries_health_and_beauty/hair_care/shampoo>
{'image_name': ['frizz ease shampoo miraculous recovery 250'], 'images': []}
DEBUG: Scraped from <200 https://www.waitrose.com/ecom/shop/browse/groceries/toiletries_health_and_beauty/hair_care/shampoo>
{'image_name': ['john frieda violet crush shampoo 250'], 'images': []}
DEBUG: Scraped from <200 https://www.waitrose.com/ecom/shop/browse/groceries/toiletries_health_and_beauty/hair_care/shampoo>
{'image_name': ['head shoulders 2in1 smooth silky 450'], 'images': []}
DEBUG: Scraped from <200 https://www.waitrose.com/ecom/shop/browse/groceries/toiletries_health_and_beauty/hair_care/shampoo>
{'image_name': ['herbal essences coconut shampoo 250'], 'images': []}
DEBUG: Scraped from <200 https://www.waitrose.com/ecom/shop/browse/groceries/toiletries_health_and_beauty/hair_care/shampoo>
{'image_name': ['tresemme shampoo deep cleansing 800'], 'images': []}
DEBUG: Scraped from <200 https://www.waitrose.com/ecom/shop/browse/groceries/toiletries_health_and_beauty/hair_care/shampoo>
{'image_name': ['dgj thickening shampoo 250'], 'images': []}
DEBUG: Scraped from <200 https://www.waitrose.com/ecom/shop/browse/groceries/toiletries_health_and_beauty/hair_care/shampoo>
{'image_name': ['head shoulders 2in1 classic clean 225'], 'images': []}
DEBUG: Scraped from <200 https://www.waitrose.com/ecom/shop/browse/groceries/toiletries_health_and_beauty/hair_care/shampoo>
{'image_name': ['batiste blush dry shampoo 200'], 'images': []}
DEBUG: Scraped from <200 https://www.waitrose.com/ecom/shop/browse/groceries/toiletries_health_and_beauty/hair_care/shampoo>
{'image_name': ['head shoulders shampoo cool menthol 500'], 'images': []}
DEBUG: Scraped from <200 https://www.waitrose.com/ecom/shop/browse/groceries/toiletries_health_and_beauty/hair_care/shampoo>
{'image_name': ['hair biology de frizz shampoo 250'], 'images': []}
DEBUG: Scraped from <200 https://www.waitrose.com/ecom/shop/browse/groceries/toiletries_health_and_beauty/hair_care/shampoo>
{'image_name': ['ogx charcoal detox shampoo 385'], 'images': []}
DEBUG: Scraped from <200 https://www.waitrose.com/ecom/shop/browse/groceries/toiletries_health_and_beauty/hair_care/shampoo>
{'image_name': ['head shoulders 2in1 citrus care 450'], 'images': []}
DEBUG: Scraped from <200 https://www.waitrose.com/ecom/shop/browse/groceries/toiletries_health_and_beauty/hair_care/shampoo>
{'image_name': ['brilliant brunette protecting shampoo 250'], 'images': []}
DEBUG: Scraped from <200 https://www.waitrose.com/ecom/shop/browse/groceries/toiletries_health_and_beauty/hair_care/shampoo>
{'image_name': ['head shoulders 2 in 1 total care 225'], 'images': []}
DEBUG: Scraped from <200 https://www.waitrose.com/ecom/shop/browse/groceries/toiletries_health_and_beauty/hair_care/shampoo>
{'image_name': ['aorganic peppermint shampoo 325'], 'images': []}
DEBUG: Scraped from <200 https://www.waitrose.com/ecom/shop/browse/groceries/toiletries_health_and_beauty/hair_care/shampoo>
{'image_name': ['faith in nature grapefruit shampoo 400'], 'images': []}
DEBUG: Scraped from <200 https://www.waitrose.com/ecom/shop/browse/groceries/toiletries_health_and_beauty/hair_care/shampoo>
{'image_name': ['faith in nature wild rose shampoo 400'], 'images': []}
DEBUG: Scraped from <200 https://www.waitrose.com/ecom/shop/browse/groceries/toiletries_health_and_beauty/hair_care/shampoo>
{'image_name': ['dgj hairjuice shampoo 250'], 'images': []}
DEBUG: Scraped from <200 https://www.waitrose.com/ecom/shop/browse/groceries/toiletries_health_and_beauty/hair_care/shampoo>
{'image_name': ['loreal kids shampoo berry strawberry 250'], 'images': []}
DEBUG: Scraped from <200 https://www.waitrose.com/ecom/shop/browse/groceries/toiletries_health_and_beauty/hair_care/shampoo>
{'image_name': ['aussie blonde purple shampoo 290'], 'images': []}
DEBUG: Scraped from <200 https://www.waitrose.com/ecom/shop/browse/groceries/toiletries_health_and_beauty/hair_care/shampoo>
{'image_name': ['john frieda hydrate recharge shampoo 250'], 'images': []}
DEBUG: Scraped from <200 https://www.waitrose.com/ecom/shop/browse/groceries/toiletries_health_and_beauty/hair_care/shampoo>
{'image_name': ['beco spring meadow shampoo bar 90g'], 'images': []}
DEBUG: Scraped from <200 https://www.waitrose.com/ecom/shop/browse/groceries/toiletries_health_and_beauty/hair_care/shampoo>
{'image_name': ['aussie miracle moist shampoo 300'], 'images': []}
DEBUG: Scraped from <200 https://www.waitrose.com/ecom/shop/browse/groceries/toiletries_health_and_beauty/hair_care/shampoo>
{'image_name': ['neals yard rose shampoo 200'], 'images': []}
DEBUG: Scraped from <200 https://www.waitrose.com/ecom/shop/browse/groceries/toiletries_health_and_beauty/hair_care/shampoo>
{'image_name': ['aussie miracle shine shampoo 300'], 'images': []}
DEBUG: Scraped from <200 https://www.waitrose.com/ecom/shop/browse/groceries/toiletries_health_and_beauty/hair_care/shampoo>
{'image_name': ['ogx keratin oil shampoo 385'], 'images': []}
DEBUG: Scraped from <200 https://www.waitrose.com/ecom/shop/browse/groceries/toiletries_health_and_beauty/hair_care/shampoo>
{'image_name': ['percy reed volumising shampoo 250'], 'images': []}
DEBUG: Scraped from <200 https://www.waitrose.com/ecom/shop/browse/groceries/toiletries_health_and_beauty/hair_care/shampoo>
{'image_name': ['umberto giannini grow long shampoo 250'], 'images': []}
DEBUG: Scraped from <200 https://www.waitrose.com/ecom/shop/browse/groceries/toiletries_health_and_beauty/hair_care/shampoo>
{'image_name': ['umberto giannini violet shampoo 250'], 'images': []}
DEBUG: Scraped from <200 https://www.waitrose.com/ecom/shop/browse/groceries/toiletries_health_and_beauty/hair_care/shampoo>
{'image_name': ['faith in nature lavender shampoo 400'], 'images': []}
DEBUG: Scraped from <200 https://www.waitrose.com/ecom/shop/browse/groceries/toiletries_health_and_beauty/hair_care/shampoo>
{'image_name': ['aussie mega shampoo 300'], 'images': []}
DEBUG: Scraped from <200 https://www.waitrose.com/ecom/shop/browse/groceries/toiletries_health_and_beauty/hair_care/shampoo>
{'image_name': ['argan argan oil 5oil miracle shampoo 300'], 'images': []}
DEBUG: Scraped from <200 https://www.waitrose.com/ecom/shop/browse/groceries/toiletries_health_and_beauty/hair_care/shampoo>
{'image_name': ['head shoulders supreme shampoo 400'], 'images': []}
DEBUG: Scraped from <200 https://www.waitrose.com/ecom/shop/browse/groceries/toiletries_health_and_beauty/hair_care/shampoo>
{'image_name': ['herbal essences argan oil shampoo 250'], 'images': []}
DEBUG: Scraped from <200 https://www.waitrose.com/ecom/shop/browse/groceries/toiletries_health_and_beauty/hair_care/shampoo>
{'image_name': ['vosene kids 3in1 tea tree shampoo 250'], 'images': []}
DEBUG: Scraped from <200 https://www.waitrose.com/ecom/shop/browse/groceries/toiletries_health_and_beauty/hair_care/shampoo>
{'image_name': ['john frieda shampoo weightless wonder 250'], 'images': []}
DEBUG: Scraped from <200 https://www.waitrose.com/ecom/shop/browse/groceries/toiletries_health_and_beauty/hair_care/shampoo>
{'image_name': ['dgj clarifying shampoo 250'], 'images': []}
DEBUG: Scraped from <200 https://www.waitrose.com/ecom/shop/browse/groceries/toiletries_health_and_beauty/hair_care/shampoo>
{'image_name': ['aussie colour mate shampoo 300'], 'images': []}
DEBUG: Scraped from <200 https://www.waitrose.com/ecom/shop/browse/groceries/toiletries_health_and_beauty/hair_care/shampoo>
{'image_name': ['aussie miracle moist spray 250'], 'images': []}
DEBUG: Scraped from <200 https://www.waitrose.com/ecom/shop/browse/groceries/toiletries_health_and_beauty/hair_care/shampoo>
{'image_name': ['percy reed hydrating shampoo 250'], 'images': []}
DEBUG: Scraped from <200 https://www.waitrose.com/ecom/shop/browse/groceries/toiletries_health_and_beauty/hair_care/shampoo>
{'image_name': ['percy reed no fuss dry shampoo 200'], 'images': []}
DEBUG: Scraped from <200 https://www.waitrose.com/ecom/shop/browse/groceries/toiletries_health_and_beauty/hair_care/shampoo>
{'image_name': ['pantene hair biology illuminating mask 160'], 'images': []}
DEBUG: Scraped from <200 https://www.waitrose.com/ecom/shop/browse/groceries/toiletries_health_and_beauty/hair_care/shampoo>
{'image_name': ['umberto giannini curl jelly wash 250'], 'images': []}
DEBUG: Scraped from <200 https://www.waitrose.com/ecom/shop/browse/groceries/toiletries_health_and_beauty/hair_care/shampoo>
{'image_name': ['percy reed wonder wash shampoo 250'], 'images': []}
DEBUG: Scraped from <200 https://www.waitrose.com/ecom/shop/browse/groceries/toiletries_health_and_beauty/hair_care/shampoo>
{'image_name': ['aorganic rosemary shampoo 325'], 'images': []}
DEBUG: Scraped from <200 https://www.waitrose.com/ecom/shop/browse/groceries/toiletries_health_and_beauty/hair_care/shampoo>
{'image_name': ['maui moisture shea butter shampoo 385'], 'images': []}
DEBUG: Scraped from <200 https://www.waitrose.com/ecom/shop/browse/groceries/toiletries_health_and_beauty/hair_care/shampoo>
{'image_name': ['argan argan oil rejuvenating shampoo 300'], 'images': []}
DEBUG: Scraped from <200 https://www.waitrose.com/ecom/shop/browse/groceries/toiletries_health_and_beauty/hair_care/shampoo>
{'image_name': ['batiste dark deep brown dry shampoo 200'], 'images': []}
DEBUG: Scraped from <200 https://www.waitrose.com/ecom/shop/browse/groceries/toiletries_health_and_beauty/hair_care/shampoo>
{'image_name': ['neals yard lavender shampoo 200'], 'images': []}
DEBUG: Scraped from <200 https://www.waitrose.com/ecom/shop/browse/groceries/toiletries_health_and_beauty/hair_care/shampoo>
{'image_name': ['maui moisture bamboo shampoo 385'], 'images': []}
DEBUG: Scraped from <200 https://www.waitrose.com/ecom/shop/browse/groceries/toiletries_health_and_beauty/hair_care/shampoo>
{'image_name': ['aussie calm the frizz shampoo 300'], 'images': []}
DEBUG: Scraped from <200 https://www.waitrose.com/ecom/shop/browse/groceries/toiletries_health_and_beauty/hair_care/shampoo>
{'image_name': ['beco honey blossom shampoo bar 90g'], 'images': []}
DEBUG: Scraped from <200 https://www.waitrose.com/ecom/shop/browse/groceries/toiletries_health_and_beauty/hair_care/shampoo>
{'image_name': ['head shoulders colour protect 400'], 'images': []}
DEBUG: Scraped from <200 https://www.waitrose.com/ecom/shop/browse/groceries/toiletries_health_and_beauty/hair_care/shampoo>
{'image_name': ['noughty detox dynamo shampoo 250'], 'images': []}
DEBUG: Scraped from <200 https://www.waitrose.com/ecom/shop/browse/groceries/toiletries_health_and_beauty/hair_care/shampoo>
{'image_name': ['batiste dry shampoo volume 200'], 'images': []}
DEBUG: Scraped from <200 https://www.waitrose.com/ecom/shop/browse/groceries/toiletries_health_and_beauty/hair_care/shampoo>
{'image_name': ['hask keratin protein smoothing shampoo 355'], 'images': []}
DEBUG: Scraped from <200 https://www.waitrose.com/ecom/shop/browse/groceries/toiletries_health_and_beauty/hair_care/shampoo>
{'image_name': ['frizz ease dream curls shampoo 250'], 'images': []}
DEBUG: Scraped from <200 https://www.waitrose.com/ecom/shop/browse/groceries/toiletries_health_and_beauty/hair_care/shampoo>
{'image_name': ['sheer blonde moisturising shampoo 250'], 'images': []}
DEBUG: Scraped from <200 https://www.waitrose.com/ecom/shop/browse/groceries/toiletries_health_and_beauty/hair_care/shampoo>
{'image_name': ['maui moisture hibiscus water 385'], 'images': []}
DEBUG: Scraped from <200 https://www.waitrose.com/ecom/shop/browse/groceries/toiletries_health_and_beauty/hair_care/shampoo>
{'image_name': ['head shoulders repair shampoo 400'], 'images': []}
DEBUG: Scraped from <200 https://www.waitrose.com/ecom/shop/browse/groceries/toiletries_health_and_beauty/hair_care/shampoo>
{'image_name': ['noughty to the rescue shampoo 250'], 'images': []}
DEBUG: Scraped from <200 https://www.waitrose.com/ecom/shop/browse/groceries/toiletries_health_and_beauty/hair_care/shampoo>
{'image_name': ['noughty wave hello shampoo 250'], 'images': []}
DEBUG: Scraped from <200 https://www.waitrose.com/ecom/shop/browse/groceries/toiletries_health_and_beauty/hair_care/shampoo>
{'image_name': ['hask moni coconut oil shampoo 355'], 'images': []}
DEBUG: Scraped from <200 https://www.waitrose.com/ecom/shop/browse/groceries/toiletries_health_and_beauty/hair_care/shampoo>
{'image_name': ['hask argan oil repairing shampoo 355'], 'images': []}
DEBUG: Scraped from <200 https://www.waitrose.com/ecom/shop/browse/groceries/toiletries_health_and_beauty/hair_care/shampoo>
{'image_name': ['dgj colour save shampoo 250'], 'images': []}
DEBUG: Scraped from <200 https://www.waitrose.com/ecom/shop/browse/groceries/toiletries_health_and_beauty/hair_care/shampoo>
{'image_name': ['senspa deep cleanse shampoo 250'], 'images': []}
DEBUG: Scraped from <200 https://www.waitrose.com/ecom/shop/browse/groceries/toiletries_health_and_beauty/hair_care/shampoo>
{'image_name': ['sensspa nourishing shampoo 250'], 'images': []}
DEBUG: Scraped from <200 https://www.waitrose.com/ecom/shop/browse/groceries/toiletries_health_and_beauty/hair_care/shampoo>
{'image_name': ['richard ward argan antiageing shampoo 250'], 'images': []}
DEBUG: Scraped from <200 https://www.waitrose.com/ecom/shop/browse/groceries/toiletries_health_and_beauty/hair_care/shampoo>
{'image_name': ['batiste dry shampoo for blondes 200'], 'images': []}
DEBUG: Scraped from <200 https://www.waitrose.com/ecom/shop/browse/groceries/toiletries_health_and_beauty/hair_care/shampoo>
{'image_name': ['hask biotin boost shampoo 355'], 'images': []}
DEBUG: Scraped from <200 https://www.waitrose.com/ecom/shop/browse/groceries/toiletries_health_and_beauty/hair_care/shampoo>
{'image_name': ['fit kit gentle shampoo conditioner 200'], 'images': []}
DEBUG: Scraped from <200 https://www.waitrose.com/ecom/shop/browse/groceries/toiletries_health_and_beauty/hair_care/shampoo>
{'image_name': ['noughty pumped up shampoo 250'], 'images': []}
DEBUG: Scraped from <200 https://www.waitrose.com/ecom/shop/browse/groceries/toiletries_health_and_beauty/hair_care/shampoo>
{'image_name': ['vosene kids 2in1 melon shampoo 250'], 'images': []}
DEBUG: Scraped from <200 https://www.waitrose.com/ecom/shop/browse/groceries/toiletries_health_and_beauty/hair_care/shampoo>
{'image_name': ['noughty colour bomb shampoo 250'], 'images': []}
DEBUG: Scraped from <200 https://www.waitrose.com/ecom/shop/browse/groceries/toiletries_health_and_beauty/hair_care/shampoo>
{'image_name': ['john frieda shampoo detox repair 250'], 'images': []}
DEBUG: Scraped from <200 https://www.waitrose.com/ecom/shop/browse/groceries/toiletries_health_and_beauty/hair_care/shampoo>
{'image_name': ['argan long strong shampoo 300'], 'images': []}
DEBUG: Scraped from <200 https://www.waitrose.com/ecom/shop/browse/groceries/toiletries_health_and_beauty/hair_care/shampoo>
{'image_name': ['pure grace shower gel 480'], 'images': []}
DEBUG: Scraped from <200 https://www.waitrose.com/ecom/shop/browse/groceries/toiletries_health_and_beauty/hair_care/shampoo>
{'image_name': ['head shoulders supreme moisture 400'], 'images': []}
DEBUG: Scraped from <200 https://www.waitrose.com/ecom/shop/browse/groceries/toiletries_health_and_beauty/hair_care/shampoo>
{'image_name': ['dgj kids lice repel shampoo 250'], 'images': []}
DEBUG: Scraped from <200 https://www.waitrose.com/ecom/shop/browse/groceries/toiletries_health_and_beauty/hair_care/shampoo>
{'image_name': ['dgj argan oil shampoo 250'], 'images': []}
DEBUG: Scraped from <200 https://www.waitrose.com/ecom/shop/browse/groceries/toiletries_health_and_beauty/hair_care/shampoo>
{'image_name': ['richard ward chelsea cleanse condition 250'], 'images': []}
DEBUG: Scraped from <200 https://www.waitrose.com/ecom/shop/browse/groceries/toiletries_health_and_beauty/hair_care/shampoo>
{'image_name': ['noughty care taker shampoo 250'], 'images': []}
DEBUG: Scraped from <200 https://www.waitrose.com/ecom/shop/browse/groceries/toiletries_health_and_beauty/hair_care/shampoo>
{'image_name': ['aussie shampoo scent sational 300'], 'images': []}
DEBUG: Scraped from <200 https://www.waitrose.com/ecom/shop/browse/groceries/toiletries_health_and_beauty/hair_care/shampoo>
{'image_name': ['richard ward brunette shampoo 250'], 'images': []}
DEBUG: Scraped from <200 https://www.waitrose.com/ecom/shop/browse/groceries/toiletries_health_and_beauty/hair_care/shampoo>
{'image_name': ['dgj kids detangle shampoo 250'], 'images': []}
INFO: Closing spider (finished)
INFO: Dumping Scrapy stats:
{'downloader/request_bytes': 2594,
 'downloader/request_count': 1,
 'downloader/request_method_count/POST': 1,
 'downloader/response_bytes': 1488935,
 'downloader/response_count': 1,
 'downloader/response_status_count/200': 1,
 'finish_reason': 'finished',
 'finish_time': datetime.datetime(2020, 8, 18, 4, 30, 1, 743800),
 'item_scraped_count': 139,
 'log_count/DEBUG': 140,
 'log_count/INFO': 10,
 'response_received_count': 1,
 'scheduler/dequeued': 2,
 'scheduler/dequeued/memory': 2,
 'scheduler/enqueued': 2,
 'scheduler/enqueued/memory': 2,
 'splash/execute/request_count': 1,
 'splash/execute/response_count/200': 1,
 'start_time': datetime.datetime(2020, 8, 18, 4, 28, 43, 796707)}
INFO: Spider closed (finished)
INFO: Scrapy 1.6.0 started (bot: waitrose)
INFO: Versions: lxml 4.5.1.0, libxml2 2.9.10, cssselect 1.1.0, parsel 1.6.0, w3lib 1.22.0, Twisted 20.3.0, Python 3.7.7 (default, May  6 2020, 11:45:54) [MSC v.1916 64 bit (AMD64)], pyOpenSSL 19.1.0 (OpenSSL 1.1.1g  21 Apr 2020), cryptography 2.9.2, Platform Windows-10-10.0.18362-SP0
INFO: Overridden settings: {'BOT_NAME': 'waitrose', 'DOWNLOAD_TIMEOUT': 1200, 'DUPEFILTER_CLASS': 'scrapy_splash.SplashAwareDupeFilter', 'FEED_EXPORT_ENCODING': 'utf-8', 'NEWSPIDER_MODULE': 'waitrose.spiders', 'SPIDER_MODULES': ['waitrose.spiders']}
INFO: Telnet Password: f57cb74f47dd5e0c
INFO: Enabled extensions:
['scrapy.extensions.corestats.CoreStats',
 'scrapy.extensions.telnet.TelnetConsole',
 'scrapy.extensions.logstats.LogStats']
INFO: Enabled downloader middlewares:
['scrapy.downloadermiddlewares.httpauth.HttpAuthMiddleware',
 'scrapy.downloadermiddlewares.downloadtimeout.DownloadTimeoutMiddleware',
 'scrapy.downloadermiddlewares.defaultheaders.DefaultHeadersMiddleware',
 'scrapy.downloadermiddlewares.useragent.UserAgentMiddleware',
 'scrapy.downloadermiddlewares.retry.RetryMiddleware',
 'scrapy.downloadermiddlewares.redirect.MetaRefreshMiddleware',
 'scrapy.downloadermiddlewares.redirect.RedirectMiddleware',
 'scrapy.downloadermiddlewares.cookies.CookiesMiddleware',
 'scrapy_splash.SplashCookiesMiddleware',
 'scrapy_splash.SplashMiddleware',
 'scrapy.downloadermiddlewares.httpproxy.HttpProxyMiddleware',
 'scrapy.downloadermiddlewares.httpcompression.HttpCompressionMiddleware',
 'scrapy.downloadermiddlewares.stats.DownloaderStats']
INFO: Enabled spider middlewares:
['scrapy.spidermiddlewares.httperror.HttpErrorMiddleware',
 'scrapy_splash.SplashDeduplicateArgsMiddleware',
 'scrapy.spidermiddlewares.offsite.OffsiteMiddleware',
 'scrapy.spidermiddlewares.referer.RefererMiddleware',
 'scrapy.spidermiddlewares.urllength.UrlLengthMiddleware',
 'scrapy.spidermiddlewares.depth.DepthMiddleware']
INFO: Enabled item pipelines:
['waitrose.pipelines.ImageDownloaderPipeline',
 'waitrose.pipelines.SQLlitePipeline']
INFO: Spider opened
INFO: Crawled 0 pages (at 0 pages/min), scraped 0 items (at 0 items/min)
INFO: Telnet console listening on 127.0.0.1:6023
DEBUG: Crawled (200) <GET https://www.waitrose.com/ecom/shop/browse/groceries/toiletries_health_and_beauty/hair_care/shampoo via http://192.168.1.9:8050/execute> (referer: None)
DEBUG: Scraped from <200 https://www.waitrose.com/ecom/shop/browse/groceries/toiletries_health_and_beauty/hair_care/shampoo>
{'image_name': ['head shoulders shampoo classic 500'], 'images': []}
DEBUG: Scraped from <200 https://www.waitrose.com/ecom/shop/browse/groceries/toiletries_health_and_beauty/hair_care/shampoo>
{'image_name': ['pantene classic clean shampoo 500'], 'images': []}
DEBUG: Scraped from <200 https://www.waitrose.com/ecom/shop/browse/groceries/toiletries_health_and_beauty/hair_care/shampoo>
{'image_name': ['head shoulders 2in1 classic clean 450'], 'images': []}
DEBUG: Scraped from <200 https://www.waitrose.com/ecom/shop/browse/groceries/toiletries_health_and_beauty/hair_care/shampoo>
{'image_name': ['herbal essences clean shampoo 400'], 'images': []}
DEBUG: Scraped from <200 https://www.waitrose.com/ecom/shop/browse/groceries/toiletries_health_and_beauty/hair_care/shampoo>
{'image_name': ['pantene repair protect shampoo 500'], 'images': []}
DEBUG: Scraped from <200 https://www.waitrose.com/ecom/shop/browse/groceries/toiletries_health_and_beauty/hair_care/shampoo>
{'image_name': ['aussie miracle moist shampoo 500'], 'images': []}
DEBUG: Scraped from <200 https://www.waitrose.com/ecom/shop/browse/groceries/toiletries_health_and_beauty/hair_care/shampoo>
{'image_name': ['pantene volume body shampoo 500'], 'images': []}
DEBUG: Scraped from <200 https://www.waitrose.com/ecom/shop/browse/groceries/toiletries_health_and_beauty/hair_care/shampoo>
{'image_name': ['head shoulders itchy scalp shampoo 500'], 'images': []}
DEBUG: Scraped from <200 https://www.waitrose.com/ecom/shop/browse/groceries/toiletries_health_and_beauty/hair_care/shampoo>
{'image_name': ['herbal essences repair shampoo 400'], 'images': []}
DEBUG: Scraped from <200 https://www.waitrose.com/ecom/shop/browse/groceries/toiletries_health_and_beauty/hair_care/shampoo>
{'image_name': ['pantene smooth sleek shampoo 500'], 'images': []}
DEBUG: Scraped from <200 https://www.waitrose.com/ecom/shop/browse/groceries/toiletries_health_and_beauty/hair_care/shampoo>
{'image_name': ['ogx biotin collagen shampoo 385'], 'images': []}
INFO: Crawled 1 pages (at 1 pages/min), scraped 11 items (at 11 items/min)
DEBUG: Scraped from <200 https://www.waitrose.com/ecom/shop/browse/groceries/toiletries_health_and_beauty/hair_care/shampoo>
{'image_name': ['aussie mega shampoo 500'], 'images': []}
DEBUG: Scraped from <200 https://www.waitrose.com/ecom/shop/browse/groceries/toiletries_health_and_beauty/hair_care/shampoo>
{'image_name': ['essential daily care shampoo 300'], 'images': []}
DEBUG: Scraped from <200 https://www.waitrose.com/ecom/shop/browse/groceries/toiletries_health_and_beauty/hair_care/shampoo>
{'image_name': ['pantene 3 in 1 classic clean 450'], 'images': []}
DEBUG: Scraped from <200 https://www.waitrose.com/ecom/shop/browse/groceries/toiletries_health_and_beauty/hair_care/shampoo>
{'image_name': ['essential waitrose nourishing shampoo 300'], 'images': []}
DEBUG: Scraped from <200 https://www.waitrose.com/ecom/shop/browse/groceries/toiletries_health_and_beauty/hair_care/shampoo>
{'image_name': ['ogx argan oil morocco shampoo 385'], 'images': []}
DEBUG: Scraped from <200 https://www.waitrose.com/ecom/shop/browse/groceries/toiletries_health_and_beauty/hair_care/shampoo>
{'image_name': ['pantene colour protect shampoo 500'], 'images': []}
DEBUG: Scraped from <200 https://www.waitrose.com/ecom/shop/browse/groceries/toiletries_health_and_beauty/hair_care/shampoo>
{'image_name': ['herbal essences volume shampoo 400'], 'images': []}
DEBUG: Scraped from <200 https://www.waitrose.com/ecom/shop/browse/groceries/toiletries_health_and_beauty/hair_care/shampoo>
{'image_name': ['herbal essences hydrate shampoo 400'], 'images': []}
DEBUG: Scraped from <200 https://www.waitrose.com/ecom/shop/browse/groceries/toiletries_health_and_beauty/hair_care/shampoo>
{'image_name': ['ogx kuku oil shampoo 385'], 'images': []}
DEBUG: Scraped from <200 https://www.waitrose.com/ecom/shop/browse/groceries/toiletries_health_and_beauty/hair_care/shampoo>
{'image_name': ['ogx coconut milk shampoo 385'], 'images': []}
DEBUG: Scraped from <200 https://www.waitrose.com/ecom/shop/browse/groceries/toiletries_health_and_beauty/hair_care/shampoo>
{'image_name': ['eco warrior shampoo bar 100g'], 'images': []}
DEBUG: Scraped from <200 https://www.waitrose.com/ecom/shop/browse/groceries/toiletries_health_and_beauty/hair_care/shampoo>
{'image_name': ['avalon organics tea tree shampoo 325'], 'images': []}
DEBUG: Scraped from <200 https://www.waitrose.com/ecom/shop/browse/groceries/toiletries_health_and_beauty/hair_care/shampoo>
{'image_name': ['essential daily care 2 in 1 300'], 'images': []}
DEBUG: Scraped from <200 https://www.waitrose.com/ecom/shop/browse/groceries/toiletries_health_and_beauty/hair_care/shampoo>
{'image_name': ['head shoulders shampoo apple fresh 500'], 'images': []}
DEBUG: Scraped from <200 https://www.waitrose.com/ecom/shop/browse/groceries/toiletries_health_and_beauty/hair_care/shampoo>
{'image_name': ['herbal essences aloe mango shampoo 380'], 'images': []}
DEBUG: Scraped from <200 https://www.waitrose.com/ecom/shop/browse/groceries/toiletries_health_and_beauty/hair_care/shampoo>
{'image_name': ['herbal essences deep repair shampoo 400'], 'images': []}
DEBUG: Scraped from <200 https://www.waitrose.com/ecom/shop/browse/groceries/toiletries_health_and_beauty/hair_care/shampoo>
{'image_name': ['aorganic lavender shampoo 325'], 'images': []}
DEBUG: Scraped from <200 https://www.waitrose.com/ecom/shop/browse/groceries/toiletries_health_and_beauty/hair_care/shampoo>
{'image_name': ['aussie aussome volume shampoo 500'], 'images': []}
DEBUG: Scraped from <200 https://www.waitrose.com/ecom/shop/browse/groceries/toiletries_health_and_beauty/hair_care/shampoo>
{'image_name': ['vosene original shampoo 250'], 'images': []}
DEBUG: Scraped from <200 https://www.waitrose.com/ecom/shop/browse/groceries/toiletries_health_and_beauty/hair_care/shampoo>
{'image_name': ['pantene grow strong shampoo 400'], 'images': []}
DEBUG: Scraped from <200 https://www.waitrose.com/ecom/shop/browse/groceries/toiletries_health_and_beauty/hair_care/shampoo>
{'image_name': ['ogx brazilian keratin shampoo 385'], 'images': []}
DEBUG: Scraped from <200 https://www.waitrose.com/ecom/shop/browse/groceries/toiletries_health_and_beauty/hair_care/shampoo>
{'image_name': ['head shoulders smooth shampoo 500'], 'images': []}
DEBUG: Scraped from <200 https://www.waitrose.com/ecom/shop/browse/groceries/toiletries_health_and_beauty/hair_care/shampoo>
{'image_name': ['ogx coconut oil shampoo 385'], 'images': []}
DEBUG: Scraped from <200 https://www.waitrose.com/ecom/shop/browse/groceries/toiletries_health_and_beauty/hair_care/shampoo>
{'image_name': ['avalon organics lemon shampoo 325'], 'images': []}
DEBUG: Scraped from <200 https://www.waitrose.com/ecom/shop/browse/groceries/toiletries_health_and_beauty/hair_care/shampoo>
{'image_name': ['head shoulders shampoo citrus fresh 500'], 'images': []}
DEBUG: Scraped from <200 https://www.waitrose.com/ecom/shop/browse/groceries/toiletries_health_and_beauty/hair_care/shampoo>
{'image_name': ['hair biology purple shampoo 250'], 'images': []}
DEBUG: Scraped from <200 https://www.waitrose.com/ecom/shop/browse/groceries/toiletries_health_and_beauty/hair_care/shampoo>
{'image_name': ['pantene 3in1 smooth sleek 450'], 'images': []}
DEBUG: Scraped from <200 https://www.waitrose.com/ecom/shop/browse/groceries/toiletries_health_and_beauty/hair_care/shampoo>
{'image_name': ['head shoulders coconut shampoo 500'], 'images': []}
DEBUG: Scraped from <200 https://www.waitrose.com/ecom/shop/browse/groceries/toiletries_health_and_beauty/hair_care/shampoo>
{'image_name': ['aussie miracle shine shampoo 500'], 'images': []}
DEBUG: Scraped from <200 https://www.waitrose.com/ecom/shop/browse/groceries/toiletries_health_and_beauty/hair_care/shampoo>
{'image_name': ['tresemme shampoo moisture rich 800'], 'images': []}
DEBUG: Scraped from <200 https://www.waitrose.com/ecom/shop/browse/groceries/toiletries_health_and_beauty/hair_care/shampoo>
{'image_name': ['aussie colour mate shampoo 500'], 'images': []}
DEBUG: Scraped from <200 https://www.waitrose.com/ecom/shop/browse/groceries/toiletries_health_and_beauty/hair_care/shampoo>
{'image_name': ['head shoulders 2in1 apple fresh 450'], 'images': []}
DEBUG: Scraped from <200 https://www.waitrose.com/ecom/shop/browse/groceries/toiletries_health_and_beauty/hair_care/shampoo>
{'image_name': ['john frieda shampoo touchably full 250'], 'images': []}
DEBUG: Scraped from <200 https://www.waitrose.com/ecom/shop/browse/groceries/toiletries_health_and_beauty/hair_care/shampoo>
{'image_name': ['pantene hair biology full vibrant 250'], 'images': []}
DEBUG: Scraped from <200 https://www.waitrose.com/ecom/shop/browse/groceries/toiletries_health_and_beauty/hair_care/shampoo>
{'image_name': ['neutrogena tgel shampoo dry hair 125'], 'images': []}
DEBUG: Scraped from <200 https://www.waitrose.com/ecom/shop/browse/groceries/toiletries_health_and_beauty/hair_care/shampoo>
{'image_name': ['sheer blonde go blonder shampoo 250'], 'images': []}
DEBUG: Scraped from <200 https://www.waitrose.com/ecom/shop/browse/groceries/toiletries_health_and_beauty/hair_care/shampoo>
{'image_name': ['essential waitrose anti druff 2 in 1 300'], 'images': []}
DEBUG: Scraped from <200 https://www.waitrose.com/ecom/shop/browse/groceries/toiletries_health_and_beauty/hair_care/shampoo>
{'image_name': ['head shoulders 2in1 itchy scalp 450'], 'images': []}
DEBUG: Scraped from <200 https://www.waitrose.com/ecom/shop/browse/groceries/toiletries_health_and_beauty/hair_care/shampoo>
{'image_name': ['batiste original dry shampoo 200'], 'images': []}
DEBUG: Scraped from <200 https://www.waitrose.com/ecom/shop/browse/groceries/toiletries_health_and_beauty/hair_care/shampoo>
{'image_name': ['aussie aussome volume shampoo 300'], 'images': []}
DEBUG: Scraped from <200 https://www.waitrose.com/ecom/shop/browse/groceries/toiletries_health_and_beauty/hair_care/shampoo>
{'image_name': ['herbal essences aloe hemp shampoo 380'], 'images': []}
DEBUG: Scraped from <200 https://www.waitrose.com/ecom/shop/browse/groceries/toiletries_health_and_beauty/hair_care/shampoo>
{'image_name': ['pantene 3in1 repair protect 450'], 'images': []}
DEBUG: Scraped from <200 https://www.waitrose.com/ecom/shop/browse/groceries/toiletries_health_and_beauty/hair_care/shampoo>
{'image_name': ['ogx orchid oil shampoo 385'], 'images': []}
DEBUG: Scraped from <200 https://www.waitrose.com/ecom/shop/browse/groceries/toiletries_health_and_beauty/hair_care/shampoo>
{'image_name': ['frizz ease shampoo miraculous recovery 250'], 'images': []}
DEBUG: Scraped from <200 https://www.waitrose.com/ecom/shop/browse/groceries/toiletries_health_and_beauty/hair_care/shampoo>
{'image_name': ['john frieda violet crush shampoo 250'], 'images': []}
DEBUG: Scraped from <200 https://www.waitrose.com/ecom/shop/browse/groceries/toiletries_health_and_beauty/hair_care/shampoo>
{'image_name': ['head shoulders 2in1 smooth silky 450'], 'images': []}
DEBUG: Scraped from <200 https://www.waitrose.com/ecom/shop/browse/groceries/toiletries_health_and_beauty/hair_care/shampoo>
{'image_name': ['herbal essences coconut shampoo 250'], 'images': []}
DEBUG: Scraped from <200 https://www.waitrose.com/ecom/shop/browse/groceries/toiletries_health_and_beauty/hair_care/shampoo>
{'image_name': ['tresemme shampoo deep cleansing 800'], 'images': []}
DEBUG: Scraped from <200 https://www.waitrose.com/ecom/shop/browse/groceries/toiletries_health_and_beauty/hair_care/shampoo>
{'image_name': ['dgj thickening shampoo 250'], 'images': []}
DEBUG: Scraped from <200 https://www.waitrose.com/ecom/shop/browse/groceries/toiletries_health_and_beauty/hair_care/shampoo>
{'image_name': ['head shoulders 2in1 classic clean 225'], 'images': []}
DEBUG: Scraped from <200 https://www.waitrose.com/ecom/shop/browse/groceries/toiletries_health_and_beauty/hair_care/shampoo>
{'image_name': ['batiste blush dry shampoo 200'], 'images': []}
DEBUG: Scraped from <200 https://www.waitrose.com/ecom/shop/browse/groceries/toiletries_health_and_beauty/hair_care/shampoo>
{'image_name': ['head shoulders shampoo cool menthol 500'], 'images': []}
DEBUG: Scraped from <200 https://www.waitrose.com/ecom/shop/browse/groceries/toiletries_health_and_beauty/hair_care/shampoo>
{'image_name': ['hair biology de frizz shampoo 250'], 'images': []}
DEBUG: Scraped from <200 https://www.waitrose.com/ecom/shop/browse/groceries/toiletries_health_and_beauty/hair_care/shampoo>
{'image_name': ['ogx charcoal detox shampoo 385'], 'images': []}
DEBUG: Scraped from <200 https://www.waitrose.com/ecom/shop/browse/groceries/toiletries_health_and_beauty/hair_care/shampoo>
{'image_name': ['head shoulders 2in1 citrus care 450'], 'images': []}
DEBUG: Scraped from <200 https://www.waitrose.com/ecom/shop/browse/groceries/toiletries_health_and_beauty/hair_care/shampoo>
{'image_name': ['brilliant brunette protecting shampoo 250'], 'images': []}
DEBUG: Scraped from <200 https://www.waitrose.com/ecom/shop/browse/groceries/toiletries_health_and_beauty/hair_care/shampoo>
{'image_name': ['head shoulders 2 in 1 total care 225'], 'images': []}
DEBUG: Scraped from <200 https://www.waitrose.com/ecom/shop/browse/groceries/toiletries_health_and_beauty/hair_care/shampoo>
{'image_name': ['aorganic peppermint shampoo 325'], 'images': []}
DEBUG: Scraped from <200 https://www.waitrose.com/ecom/shop/browse/groceries/toiletries_health_and_beauty/hair_care/shampoo>
{'image_name': ['faith in nature grapefruit shampoo 400'], 'images': []}
DEBUG: Scraped from <200 https://www.waitrose.com/ecom/shop/browse/groceries/toiletries_health_and_beauty/hair_care/shampoo>
{'image_name': ['faith in nature wild rose shampoo 400'], 'images': []}
DEBUG: Scraped from <200 https://www.waitrose.com/ecom/shop/browse/groceries/toiletries_health_and_beauty/hair_care/shampoo>
{'image_name': ['dgj hairjuice shampoo 250'], 'images': []}
DEBUG: Scraped from <200 https://www.waitrose.com/ecom/shop/browse/groceries/toiletries_health_and_beauty/hair_care/shampoo>
{'image_name': ['loreal kids shampoo berry strawberry 250'], 'images': []}
DEBUG: Scraped from <200 https://www.waitrose.com/ecom/shop/browse/groceries/toiletries_health_and_beauty/hair_care/shampoo>
{'image_name': ['aussie blonde purple shampoo 290'], 'images': []}
DEBUG: Scraped from <200 https://www.waitrose.com/ecom/shop/browse/groceries/toiletries_health_and_beauty/hair_care/shampoo>
{'image_name': ['john frieda hydrate recharge shampoo 250'], 'images': []}
DEBUG: Scraped from <200 https://www.waitrose.com/ecom/shop/browse/groceries/toiletries_health_and_beauty/hair_care/shampoo>
{'image_name': ['beco spring meadow shampoo bar 90g'], 'images': []}
DEBUG: Scraped from <200 https://www.waitrose.com/ecom/shop/browse/groceries/toiletries_health_and_beauty/hair_care/shampoo>
{'image_name': ['aussie miracle moist shampoo 300'], 'images': []}
DEBUG: Scraped from <200 https://www.waitrose.com/ecom/shop/browse/groceries/toiletries_health_and_beauty/hair_care/shampoo>
{'image_name': ['neals yard rose shampoo 200'], 'images': []}
DEBUG: Scraped from <200 https://www.waitrose.com/ecom/shop/browse/groceries/toiletries_health_and_beauty/hair_care/shampoo>
{'image_name': ['aussie miracle shine shampoo 300'], 'images': []}
DEBUG: Scraped from <200 https://www.waitrose.com/ecom/shop/browse/groceries/toiletries_health_and_beauty/hair_care/shampoo>
{'image_name': ['ogx keratin oil shampoo 385'], 'images': []}
DEBUG: Scraped from <200 https://www.waitrose.com/ecom/shop/browse/groceries/toiletries_health_and_beauty/hair_care/shampoo>
{'image_name': ['percy reed volumising shampoo 250'], 'images': []}
DEBUG: Scraped from <200 https://www.waitrose.com/ecom/shop/browse/groceries/toiletries_health_and_beauty/hair_care/shampoo>
{'image_name': ['umberto giannini grow long shampoo 250'], 'images': []}
DEBUG: Scraped from <200 https://www.waitrose.com/ecom/shop/browse/groceries/toiletries_health_and_beauty/hair_care/shampoo>
{'image_name': ['umberto giannini violet shampoo 250'], 'images': []}
DEBUG: Scraped from <200 https://www.waitrose.com/ecom/shop/browse/groceries/toiletries_health_and_beauty/hair_care/shampoo>
{'image_name': ['faith in nature lavender shampoo 400'], 'images': []}
DEBUG: Scraped from <200 https://www.waitrose.com/ecom/shop/browse/groceries/toiletries_health_and_beauty/hair_care/shampoo>
{'image_name': ['aussie mega shampoo 300'], 'images': []}
DEBUG: Scraped from <200 https://www.waitrose.com/ecom/shop/browse/groceries/toiletries_health_and_beauty/hair_care/shampoo>
{'image_name': ['argan argan oil 5oil miracle shampoo 300'], 'images': []}
DEBUG: Scraped from <200 https://www.waitrose.com/ecom/shop/browse/groceries/toiletries_health_and_beauty/hair_care/shampoo>
{'image_name': ['head shoulders supreme shampoo 400'], 'images': []}
DEBUG: Scraped from <200 https://www.waitrose.com/ecom/shop/browse/groceries/toiletries_health_and_beauty/hair_care/shampoo>
{'image_name': ['herbal essences argan oil shampoo 250'], 'images': []}
DEBUG: Scraped from <200 https://www.waitrose.com/ecom/shop/browse/groceries/toiletries_health_and_beauty/hair_care/shampoo>
{'image_name': ['vosene kids 3in1 tea tree shampoo 250'], 'images': []}
DEBUG: Scraped from <200 https://www.waitrose.com/ecom/shop/browse/groceries/toiletries_health_and_beauty/hair_care/shampoo>
{'image_name': ['john frieda shampoo weightless wonder 250'], 'images': []}
DEBUG: Scraped from <200 https://www.waitrose.com/ecom/shop/browse/groceries/toiletries_health_and_beauty/hair_care/shampoo>
{'image_name': ['dgj clarifying shampoo 250'], 'images': []}
DEBUG: Scraped from <200 https://www.waitrose.com/ecom/shop/browse/groceries/toiletries_health_and_beauty/hair_care/shampoo>
{'image_name': ['aussie colour mate shampoo 300'], 'images': []}
DEBUG: Scraped from <200 https://www.waitrose.com/ecom/shop/browse/groceries/toiletries_health_and_beauty/hair_care/shampoo>
{'image_name': ['aussie miracle moist spray 250'], 'images': []}
DEBUG: Scraped from <200 https://www.waitrose.com/ecom/shop/browse/groceries/toiletries_health_and_beauty/hair_care/shampoo>
{'image_name': ['percy reed hydrating shampoo 250'], 'images': []}
DEBUG: Scraped from <200 https://www.waitrose.com/ecom/shop/browse/groceries/toiletries_health_and_beauty/hair_care/shampoo>
{'image_name': ['percy reed no fuss dry shampoo 200'], 'images': []}
DEBUG: Scraped from <200 https://www.waitrose.com/ecom/shop/browse/groceries/toiletries_health_and_beauty/hair_care/shampoo>
{'image_name': ['pantene hair biology illuminating mask 160'], 'images': []}
DEBUG: Scraped from <200 https://www.waitrose.com/ecom/shop/browse/groceries/toiletries_health_and_beauty/hair_care/shampoo>
{'image_name': ['umberto giannini curl jelly wash 250'], 'images': []}
DEBUG: Scraped from <200 https://www.waitrose.com/ecom/shop/browse/groceries/toiletries_health_and_beauty/hair_care/shampoo>
{'image_name': ['percy reed wonder wash shampoo 250'], 'images': []}
DEBUG: Scraped from <200 https://www.waitrose.com/ecom/shop/browse/groceries/toiletries_health_and_beauty/hair_care/shampoo>
{'image_name': ['aorganic rosemary shampoo 325'], 'images': []}
DEBUG: Scraped from <200 https://www.waitrose.com/ecom/shop/browse/groceries/toiletries_health_and_beauty/hair_care/shampoo>
{'image_name': ['maui moisture shea butter shampoo 385'], 'images': []}
DEBUG: Scraped from <200 https://www.waitrose.com/ecom/shop/browse/groceries/toiletries_health_and_beauty/hair_care/shampoo>
{'image_name': ['argan argan oil rejuvenating shampoo 300'], 'images': []}
DEBUG: Scraped from <200 https://www.waitrose.com/ecom/shop/browse/groceries/toiletries_health_and_beauty/hair_care/shampoo>
{'image_name': ['batiste dark deep brown dry shampoo 200'], 'images': []}
DEBUG: Scraped from <200 https://www.waitrose.com/ecom/shop/browse/groceries/toiletries_health_and_beauty/hair_care/shampoo>
{'image_name': ['neals yard lavender shampoo 200'], 'images': []}
DEBUG: Scraped from <200 https://www.waitrose.com/ecom/shop/browse/groceries/toiletries_health_and_beauty/hair_care/shampoo>
{'image_name': ['maui moisture bamboo shampoo 385'], 'images': []}
DEBUG: Scraped from <200 https://www.waitrose.com/ecom/shop/browse/groceries/toiletries_health_and_beauty/hair_care/shampoo>
{'image_name': ['aussie calm the frizz shampoo 300'], 'images': []}
DEBUG: Scraped from <200 https://www.waitrose.com/ecom/shop/browse/groceries/toiletries_health_and_beauty/hair_care/shampoo>
{'image_name': ['beco honey blossom shampoo bar 90g'], 'images': []}
DEBUG: Scraped from <200 https://www.waitrose.com/ecom/shop/browse/groceries/toiletries_health_and_beauty/hair_care/shampoo>
{'image_name': ['head shoulders colour protect 400'], 'images': []}
DEBUG: Scraped from <200 https://www.waitrose.com/ecom/shop/browse/groceries/toiletries_health_and_beauty/hair_care/shampoo>
{'image_name': ['noughty detox dynamo shampoo 250'], 'images': []}
DEBUG: Scraped from <200 https://www.waitrose.com/ecom/shop/browse/groceries/toiletries_health_and_beauty/hair_care/shampoo>
{'image_name': ['batiste dry shampoo volume 200'], 'images': []}
DEBUG: Scraped from <200 https://www.waitrose.com/ecom/shop/browse/groceries/toiletries_health_and_beauty/hair_care/shampoo>
{'image_name': ['hask keratin protein smoothing shampoo 355'], 'images': []}
DEBUG: Scraped from <200 https://www.waitrose.com/ecom/shop/browse/groceries/toiletries_health_and_beauty/hair_care/shampoo>
{'image_name': ['frizz ease dream curls shampoo 250'], 'images': []}
DEBUG: Scraped from <200 https://www.waitrose.com/ecom/shop/browse/groceries/toiletries_health_and_beauty/hair_care/shampoo>
{'image_name': ['sheer blonde moisturising shampoo 250'], 'images': []}
DEBUG: Scraped from <200 https://www.waitrose.com/ecom/shop/browse/groceries/toiletries_health_and_beauty/hair_care/shampoo>
{'image_name': ['maui moisture hibiscus water 385'], 'images': []}
DEBUG: Scraped from <200 https://www.waitrose.com/ecom/shop/browse/groceries/toiletries_health_and_beauty/hair_care/shampoo>
{'image_name': ['head shoulders repair shampoo 400'], 'images': []}
DEBUG: Scraped from <200 https://www.waitrose.com/ecom/shop/browse/groceries/toiletries_health_and_beauty/hair_care/shampoo>
{'image_name': ['noughty to the rescue shampoo 250'], 'images': []}
DEBUG: Scraped from <200 https://www.waitrose.com/ecom/shop/browse/groceries/toiletries_health_and_beauty/hair_care/shampoo>
{'image_name': ['noughty wave hello shampoo 250'], 'images': []}
DEBUG: Scraped from <200 https://www.waitrose.com/ecom/shop/browse/groceries/toiletries_health_and_beauty/hair_care/shampoo>
{'image_name': ['hask moni coconut oil shampoo 355'], 'images': []}
DEBUG: Scraped from <200 https://www.waitrose.com/ecom/shop/browse/groceries/toiletries_health_and_beauty/hair_care/shampoo>
{'image_name': ['hask argan oil repairing shampoo 355'], 'images': []}
DEBUG: Scraped from <200 https://www.waitrose.com/ecom/shop/browse/groceries/toiletries_health_and_beauty/hair_care/shampoo>
{'image_name': ['dgj colour save shampoo 250'], 'images': []}
DEBUG: Scraped from <200 https://www.waitrose.com/ecom/shop/browse/groceries/toiletries_health_and_beauty/hair_care/shampoo>
{'image_name': ['senspa deep cleanse shampoo 250'], 'images': []}
DEBUG: Scraped from <200 https://www.waitrose.com/ecom/shop/browse/groceries/toiletries_health_and_beauty/hair_care/shampoo>
{'image_name': ['sensspa nourishing shampoo 250'], 'images': []}
DEBUG: Scraped from <200 https://www.waitrose.com/ecom/shop/browse/groceries/toiletries_health_and_beauty/hair_care/shampoo>
{'image_name': ['richard ward argan antiageing shampoo 250'], 'images': []}
DEBUG: Scraped from <200 https://www.waitrose.com/ecom/shop/browse/groceries/toiletries_health_and_beauty/hair_care/shampoo>
{'image_name': ['batiste dry shampoo for blondes 200'], 'images': []}
DEBUG: Scraped from <200 https://www.waitrose.com/ecom/shop/browse/groceries/toiletries_health_and_beauty/hair_care/shampoo>
{'image_name': ['hask biotin boost shampoo 355'], 'images': []}
DEBUG: Scraped from <200 https://www.waitrose.com/ecom/shop/browse/groceries/toiletries_health_and_beauty/hair_care/shampoo>
{'image_name': ['fit kit gentle shampoo conditioner 200'], 'images': []}
DEBUG: Scraped from <200 https://www.waitrose.com/ecom/shop/browse/groceries/toiletries_health_and_beauty/hair_care/shampoo>
{'image_name': ['noughty pumped up shampoo 250'], 'images': []}
DEBUG: Scraped from <200 https://www.waitrose.com/ecom/shop/browse/groceries/toiletries_health_and_beauty/hair_care/shampoo>
{'image_name': ['vosene kids 2in1 melon shampoo 250'], 'images': []}
DEBUG: Scraped from <200 https://www.waitrose.com/ecom/shop/browse/groceries/toiletries_health_and_beauty/hair_care/shampoo>
{'image_name': ['noughty colour bomb shampoo 250'], 'images': []}
DEBUG: Scraped from <200 https://www.waitrose.com/ecom/shop/browse/groceries/toiletries_health_and_beauty/hair_care/shampoo>
{'image_name': ['john frieda shampoo detox repair 250'], 'images': []}
DEBUG: Scraped from <200 https://www.waitrose.com/ecom/shop/browse/groceries/toiletries_health_and_beauty/hair_care/shampoo>
{'image_name': ['argan long strong shampoo 300'], 'images': []}
DEBUG: Scraped from <200 https://www.waitrose.com/ecom/shop/browse/groceries/toiletries_health_and_beauty/hair_care/shampoo>
{'image_name': ['pure grace shower gel 480'], 'images': []}
DEBUG: Scraped from <200 https://www.waitrose.com/ecom/shop/browse/groceries/toiletries_health_and_beauty/hair_care/shampoo>
{'image_name': ['head shoulders supreme moisture 400'], 'images': []}
DEBUG: Scraped from <200 https://www.waitrose.com/ecom/shop/browse/groceries/toiletries_health_and_beauty/hair_care/shampoo>
{'image_name': ['dgj kids lice repel shampoo 250'], 'images': []}
DEBUG: Scraped from <200 https://www.waitrose.com/ecom/shop/browse/groceries/toiletries_health_and_beauty/hair_care/shampoo>
{'image_name': ['dgj argan oil shampoo 250'], 'images': []}
DEBUG: Scraped from <200 https://www.waitrose.com/ecom/shop/browse/groceries/toiletries_health_and_beauty/hair_care/shampoo>
{'image_name': ['richard ward chelsea cleanse condition 250'], 'images': []}
DEBUG: Scraped from <200 https://www.waitrose.com/ecom/shop/browse/groceries/toiletries_health_and_beauty/hair_care/shampoo>
{'image_name': ['noughty care taker shampoo 250'], 'images': []}
DEBUG: Scraped from <200 https://www.waitrose.com/ecom/shop/browse/groceries/toiletries_health_and_beauty/hair_care/shampoo>
{'image_name': ['aussie shampoo scent sational 300'], 'images': []}
DEBUG: Scraped from <200 https://www.waitrose.com/ecom/shop/browse/groceries/toiletries_health_and_beauty/hair_care/shampoo>
{'image_name': ['richard ward brunette shampoo 250'], 'images': []}
DEBUG: Scraped from <200 https://www.waitrose.com/ecom/shop/browse/groceries/toiletries_health_and_beauty/hair_care/shampoo>
{'image_name': ['dgj kids detangle shampoo 250'], 'images': []}
INFO: Closing spider (finished)
INFO: Dumping Scrapy stats:
{'downloader/request_bytes': 2433,
 'downloader/request_count': 1,
 'downloader/request_method_count/POST': 1,
 'downloader/response_bytes': 1489727,
 'downloader/response_count': 1,
 'downloader/response_status_count/200': 1,
 'finish_reason': 'finished',
 'finish_time': datetime.datetime(2020, 8, 18, 6, 56, 39, 243850),
 'item_scraped_count': 139,
 'log_count/DEBUG': 140,
 'log_count/INFO': 10,
 'response_received_count': 1,
 'scheduler/dequeued': 2,
 'scheduler/dequeued/memory': 2,
 'scheduler/enqueued': 2,
 'scheduler/enqueued/memory': 2,
 'splash/execute/request_count': 1,
 'splash/execute/response_count/200': 1,
 'start_time': datetime.datetime(2020, 8, 18, 6, 55, 33, 847847)}
INFO: Spider closed (finished)
INFO: Scrapy 1.6.0 started (bot: waitrose)
INFO: Versions: lxml 4.5.1.0, libxml2 2.9.10, cssselect 1.1.0, parsel 1.6.0, w3lib 1.22.0, Twisted 20.3.0, Python 3.7.7 (default, May  6 2020, 11:45:54) [MSC v.1916 64 bit (AMD64)], pyOpenSSL 19.1.0 (OpenSSL 1.1.1g  21 Apr 2020), cryptography 2.9.2, Platform Windows-10-10.0.18362-SP0
INFO: Overridden settings: {'BOT_NAME': 'waitrose', 'DOWNLOAD_TIMEOUT': 1200, 'DUPEFILTER_CLASS': 'scrapy_splash.SplashAwareDupeFilter', 'FEED_EXPORT_ENCODING': 'utf-8', 'FEED_FORMAT': 'json', 'FEED_URI': 'waitrose_081920.json', 'NEWSPIDER_MODULE': 'waitrose.spiders', 'SPIDER_MODULES': ['waitrose.spiders']}
INFO: Telnet Password: daa0ff00090c27c8
INFO: Enabled extensions:
['scrapy.extensions.corestats.CoreStats',
 'scrapy.extensions.telnet.TelnetConsole',
 'scrapy.extensions.feedexport.FeedExporter',
 'scrapy.extensions.logstats.LogStats']
INFO: Enabled downloader middlewares:
['scrapy.downloadermiddlewares.httpauth.HttpAuthMiddleware',
 'scrapy.downloadermiddlewares.downloadtimeout.DownloadTimeoutMiddleware',
 'scrapy.downloadermiddlewares.defaultheaders.DefaultHeadersMiddleware',
 'scrapy.downloadermiddlewares.useragent.UserAgentMiddleware',
 'scrapy.downloadermiddlewares.retry.RetryMiddleware',
 'scrapy.downloadermiddlewares.redirect.MetaRefreshMiddleware',
 'scrapy.downloadermiddlewares.redirect.RedirectMiddleware',
 'scrapy.downloadermiddlewares.cookies.CookiesMiddleware',
 'scrapy_splash.SplashCookiesMiddleware',
 'scrapy_splash.SplashMiddleware',
 'scrapy.downloadermiddlewares.httpproxy.HttpProxyMiddleware',
 'scrapy.downloadermiddlewares.httpcompression.HttpCompressionMiddleware',
 'scrapy.downloadermiddlewares.stats.DownloaderStats']
INFO: Enabled spider middlewares:
['scrapy.spidermiddlewares.httperror.HttpErrorMiddleware',
 'scrapy_splash.SplashDeduplicateArgsMiddleware',
 'scrapy.spidermiddlewares.offsite.OffsiteMiddleware',
 'scrapy.spidermiddlewares.referer.RefererMiddleware',
 'scrapy.spidermiddlewares.urllength.UrlLengthMiddleware',
 'scrapy.spidermiddlewares.depth.DepthMiddleware']
INFO: Enabled item pipelines:
['waitrose.pipelines.ImageDownloaderPipeline',
 'waitrose.pipelines.SQLlitePipeline']
INFO: Spider opened
INFO: Crawled 0 pages (at 0 pages/min), scraped 0 items (at 0 items/min)
WARNING: C:\Users\sujithk\AppData\Local\Continuum\anaconda3\envs\Virtual_Env\lib\site-packages\scrapy\spidermiddlewares\offsite.py:61: URLWarning: allowed_domains accepts only domains, not URLs. Ignoring URL entry https://www.waitrose.com/ in allowed_domains.
  warnings.warn(message, URLWarning)

INFO: Telnet console listening on 127.0.0.1:6023
DEBUG: Retrying <GET https://www.waitrose.com/ecom/shop/browse/groceries/toiletries_health_and_beauty/hair_care/shampoo via http://192.168.1.9:8050/execute> (failed 1 times): Connection was refused by other side: 10061: No connection could be made because the target machine actively refused it..
DEBUG: Retrying <GET https://www.waitrose.com/ecom/shop/browse/groceries/toiletries_health_and_beauty/hair_care/shampoo via http://192.168.1.9:8050/execute> (failed 2 times): Connection was refused by other side: 10061: No connection could be made because the target machine actively refused it..
DEBUG: Gave up retrying <GET https://www.waitrose.com/ecom/shop/browse/groceries/toiletries_health_and_beauty/hair_care/shampoo via http://192.168.1.9:8050/execute> (failed 3 times): Connection was refused by other side: 10061: No connection could be made because the target machine actively refused it..
ERROR: Error downloading <GET https://www.waitrose.com/ecom/shop/browse/groceries/toiletries_health_and_beauty/hair_care/shampoo via http://192.168.1.9:8050/execute>
Traceback (most recent call last):
  File "C:\Users\sujithk\AppData\Local\Continuum\anaconda3\envs\Virtual_Env\lib\site-packages\scrapy\core\downloader\middleware.py", line 43, in process_request
    defer.returnValue((yield download_func(request=request,spider=spider)))
twisted.internet.error.ConnectionRefusedError: Connection was refused by other side: 10061: No connection could be made because the target machine actively refused it..
INFO: Closing spider (finished)
INFO: Dumping Scrapy stats:
{'downloader/exception_count': 3,
 'downloader/exception_type_count/twisted.internet.error.ConnectionRefusedError': 3,
 'downloader/request_bytes': 7764,
 'downloader/request_count': 3,
 'downloader/request_method_count/POST': 3,
 'finish_reason': 'finished',
 'finish_time': datetime.datetime(2020, 8, 19, 17, 21, 29, 44512),
 'log_count/DEBUG': 3,
 'log_count/ERROR': 1,
 'log_count/INFO': 9,
 'log_count/WARNING': 1,
 'retry/count': 2,
 'retry/max_reached': 1,
 'retry/reason_count/twisted.internet.error.ConnectionRefusedError': 2,
 'scheduler/dequeued': 4,
 'scheduler/dequeued/memory': 4,
 'scheduler/enqueued': 4,
 'scheduler/enqueued/memory': 4,
 'splash/execute/request_count': 1,
 'start_time': datetime.datetime(2020, 8, 19, 17, 21, 21, 912962)}
INFO: Spider closed (finished)
INFO: Scrapy 1.6.0 started (bot: waitrose)
INFO: Versions: lxml 4.5.1.0, libxml2 2.9.10, cssselect 1.1.0, parsel 1.6.0, w3lib 1.22.0, Twisted 20.3.0, Python 3.7.7 (default, May  6 2020, 11:45:54) [MSC v.1916 64 bit (AMD64)], pyOpenSSL 19.1.0 (OpenSSL 1.1.1g  21 Apr 2020), cryptography 2.9.2, Platform Windows-10-10.0.18362-SP0
INFO: Overridden settings: {'BOT_NAME': 'waitrose', 'DOWNLOAD_TIMEOUT': 1200, 'DUPEFILTER_CLASS': 'scrapy_splash.SplashAwareDupeFilter', 'FEED_EXPORT_ENCODING': 'utf-8', 'FEED_FORMAT': 'json', 'FEED_URI': 'waitrose_081920.json', 'NEWSPIDER_MODULE': 'waitrose.spiders', 'SPIDER_MODULES': ['waitrose.spiders']}
INFO: Telnet Password: 7fa650418150b7da
INFO: Enabled extensions:
['scrapy.extensions.corestats.CoreStats',
 'scrapy.extensions.telnet.TelnetConsole',
 'scrapy.extensions.feedexport.FeedExporter',
 'scrapy.extensions.logstats.LogStats']
INFO: Enabled downloader middlewares:
['scrapy.downloadermiddlewares.httpauth.HttpAuthMiddleware',
 'scrapy.downloadermiddlewares.downloadtimeout.DownloadTimeoutMiddleware',
 'scrapy.downloadermiddlewares.defaultheaders.DefaultHeadersMiddleware',
 'scrapy.downloadermiddlewares.useragent.UserAgentMiddleware',
 'scrapy.downloadermiddlewares.retry.RetryMiddleware',
 'scrapy.downloadermiddlewares.redirect.MetaRefreshMiddleware',
 'scrapy.downloadermiddlewares.redirect.RedirectMiddleware',
 'scrapy.downloadermiddlewares.cookies.CookiesMiddleware',
 'scrapy_splash.SplashCookiesMiddleware',
 'scrapy_splash.SplashMiddleware',
 'scrapy.downloadermiddlewares.httpproxy.HttpProxyMiddleware',
 'scrapy.downloadermiddlewares.httpcompression.HttpCompressionMiddleware',
 'scrapy.downloadermiddlewares.stats.DownloaderStats']
INFO: Enabled spider middlewares:
['scrapy.spidermiddlewares.httperror.HttpErrorMiddleware',
 'scrapy_splash.SplashDeduplicateArgsMiddleware',
 'scrapy.spidermiddlewares.offsite.OffsiteMiddleware',
 'scrapy.spidermiddlewares.referer.RefererMiddleware',
 'scrapy.spidermiddlewares.urllength.UrlLengthMiddleware',
 'scrapy.spidermiddlewares.depth.DepthMiddleware']
INFO: Enabled item pipelines:
['waitrose.pipelines.ImageDownloaderPipeline',
 'waitrose.pipelines.SQLlitePipeline']
INFO: Spider opened
INFO: Crawled 0 pages (at 0 pages/min), scraped 0 items (at 0 items/min)
WARNING: C:\Users\sujithk\AppData\Local\Continuum\anaconda3\envs\Virtual_Env\lib\site-packages\scrapy\spidermiddlewares\offsite.py:61: URLWarning: allowed_domains accepts only domains, not URLs. Ignoring URL entry https://www.waitrose.com/ in allowed_domains.
  warnings.warn(message, URLWarning)

INFO: Telnet console listening on 127.0.0.1:6023
INFO: Crawled 0 pages (at 0 pages/min), scraped 0 items (at 0 items/min)
DEBUG: Crawled (200) <GET https://www.waitrose.com/ecom/shop/browse/groceries/toiletries_health_and_beauty/hair_care/shampoo via http://192.168.1.9:8050/execute> (referer: None)
DEBUG: Scraped from <200 https://www.waitrose.com/ecom/shop/browse/groceries/toiletries_health_and_beauty/hair_care/shampoo>
{'client': 'Waitrose', 'time': datetime.datetime(2020, 8, 19, 22, 54, 21, 790784), 'category': 'Shampoo', 'id': 'tPp639366-90822-90823', 'prod_name': 'Head & Shoulders Shampoo Classic', 'waitrose_Qty': '500ml', 'waitrose_discounted_price': '£3.43', 'waitrose_offer_desc': 'Save 1/3.', 'waitrose_url': 'https://www.waitrose.com/ecom/shop/browse/groceries/toiletries_health_and_beauty/hair_care/shampoo', 'waitrose_rating': '3.5', 'waitrose_unit_price': '(68.6p/100ml)', 'waitrose_new_flag': None, 'waitrose_prod_name': 'Head & Shoulders Shampoo Classic 500ml', 'images': []}
DEBUG: Scraped from <200 https://www.waitrose.com/ecom/shop/browse/groceries/toiletries_health_and_beauty/hair_care/shampoo>
{'client': 'Waitrose', 'time': datetime.datetime(2020, 8, 19, 22, 54, 21, 790784), 'category': 'Shampoo', 'id': 'tPp435635-694165-694166', 'prod_name': 'Pantene Classic Clean Shampoo', 'waitrose_Qty': '500ml', 'waitrose_discounted_price': '£5.15', 'waitrose_offer_desc': 'Add 2 for £5', 'waitrose_url': 'https://www.waitrose.com/ecom/shop/browse/groceries/toiletries_health_and_beauty/hair_care/shampoo', 'waitrose_rating': None, 'waitrose_unit_price': '(£1.03/100ml)', 'waitrose_new_flag': None, 'waitrose_prod_name': 'Pantene Classic Clean Shampoo 500ml', 'images': []}
DEBUG: Scraped from <200 https://www.waitrose.com/ecom/shop/browse/groceries/toiletries_health_and_beauty/hair_care/shampoo>
{'client': 'Waitrose', 'time': datetime.datetime(2020, 8, 19, 22, 54, 21, 790784), 'category': 'Shampoo', 'id': 'tPp455905-591789-591790', 'prod_name': 'Herbal Essences clean Shampoo', 'waitrose_Qty': '400ml', 'waitrose_discounted_price': '£4.50', 'waitrose_offer_desc': 'Add 2 for £6', 'waitrose_url': 'https://www.waitrose.com/ecom/shop/browse/groceries/toiletries_health_and_beauty/hair_care/shampoo', 'waitrose_rating': None, 'waitrose_unit_price': '(£1.13/100ml)', 'waitrose_new_flag': None, 'waitrose_prod_name': 'Herbal Essences clean Shampoo 400ml', 'images': []}
DEBUG: Scraped from <200 https://www.waitrose.com/ecom/shop/browse/groceries/toiletries_health_and_beauty/hair_care/shampoo>
{'client': 'Waitrose', 'time': datetime.datetime(2020, 8, 19, 22, 54, 21, 790784), 'category': 'Shampoo', 'id': 'tPp839781-154875-154876', 'prod_name': 'Aussie miracle moist shampoo', 'waitrose_Qty': '500ml', 'waitrose_discounted_price': '£6.15', 'waitrose_offer_desc': 'Add 2 for £9', 'waitrose_url': 'https://www.waitrose.com/ecom/shop/browse/groceries/toiletries_health_and_beauty/hair_care/shampoo', 'waitrose_rating': None, 'waitrose_unit_price': '(£1.23/100ml)', 'waitrose_new_flag': None, 'waitrose_prod_name': 'Aussie miracle moist shampoo 500ml', 'images': []}
DEBUG: Scraped from <200 https://www.waitrose.com/ecom/shop/browse/groceries/toiletries_health_and_beauty/hair_care/shampoo>
{'client': 'Waitrose', 'time': datetime.datetime(2020, 8, 19, 22, 54, 21, 790784), 'category': 'Shampoo', 'id': 'tPp757780-107799-107800', 'prod_name': 'Head & Shoulders 2in1 Classic Clean', 'waitrose_Qty': '450ml', 'waitrose_discounted_price': '£3.43', 'waitrose_offer_desc': 'Save 1/3.', 'waitrose_url': 'https://www.waitrose.com/ecom/shop/browse/groceries/toiletries_health_and_beauty/hair_care/shampoo', 'waitrose_rating': '4', 'waitrose_unit_price': '(76.2p/100ml)', 'waitrose_new_flag': None, 'waitrose_prod_name': 'Head & Shoulders 2in1 Classic Clean 450ml', 'images': []}
DEBUG: Scraped from <200 https://www.waitrose.com/ecom/shop/browse/groceries/toiletries_health_and_beauty/hair_care/shampoo>
{'client': 'Waitrose', 'time': datetime.datetime(2020, 8, 19, 22, 54, 21, 790784), 'category': 'Shampoo', 'id': 'tPp836753-694201-694202', 'prod_name': 'Pantene Volume & Body Shampoo', 'waitrose_Qty': '500ml', 'waitrose_discounted_price': '£5.15', 'waitrose_offer_desc': 'Add 2 for £5', 'waitrose_url': 'https://www.waitrose.com/ecom/shop/browse/groceries/toiletries_health_and_beauty/hair_care/shampoo', 'waitrose_rating': None, 'waitrose_unit_price': '(£1.03/100ml)', 'waitrose_new_flag': None, 'waitrose_prod_name': 'Pantene Volume & Body Shampoo 500ml', 'images': []}
DEBUG: Scraped from <200 https://www.waitrose.com/ecom/shop/browse/groceries/toiletries_health_and_beauty/hair_care/shampoo>
{'client': 'Waitrose', 'time': datetime.datetime(2020, 8, 19, 22, 54, 21, 790784), 'category': 'Shampoo', 'id': 'tPp824583-694195-694196', 'prod_name': 'Pantene Repair & Protect Shampoo', 'waitrose_Qty': '500ml', 'waitrose_discounted_price': '£3.75', 'waitrose_offer_desc': 'Add 2 for £5', 'waitrose_url': 'https://www.waitrose.com/ecom/shop/browse/groceries/toiletries_health_and_beauty/hair_care/shampoo', 'waitrose_rating': None, 'waitrose_unit_price': '(75p/100ml)', 'waitrose_new_flag': None, 'waitrose_prod_name': 'Pantene Repair & Protect Shampoo 500ml', 'images': []}
DEBUG: Scraped from <200 https://www.waitrose.com/ecom/shop/browse/groceries/toiletries_health_and_beauty/hair_care/shampoo>
{'client': 'Waitrose', 'time': datetime.datetime(2020, 8, 19, 22, 54, 21, 790784), 'category': 'Shampoo', 'id': 'tPp821139-694191-694192', 'prod_name': 'Pantene Smooth & Sleek Shampoo', 'waitrose_Qty': '500ml', 'waitrose_discounted_price': '£5.15', 'waitrose_offer_desc': 'Add 2 for £5', 'waitrose_url': 'https://www.waitrose.com/ecom/shop/browse/groceries/toiletries_health_and_beauty/hair_care/shampoo', 'waitrose_rating': None, 'waitrose_unit_price': '(£1.03/100ml)', 'waitrose_new_flag': None, 'waitrose_prod_name': 'Pantene Smooth & Sleek Shampoo 500ml', 'images': []}
DEBUG: Scraped from <200 https://www.waitrose.com/ecom/shop/browse/groceries/toiletries_health_and_beauty/hair_care/shampoo>
{'client': 'Waitrose', 'time': datetime.datetime(2020, 8, 19, 22, 54, 21, 790784), 'category': 'Shampoo', 'id': 'tPp882824-154983-154984', 'prod_name': 'Head & Shoulders itchy scalp shampoo', 'waitrose_Qty': '500ml', 'waitrose_discounted_price': '£3.43', 'waitrose_offer_desc': 'Save 1/3.', 'waitrose_url': 'https://www.waitrose.com/ecom/shop/browse/groceries/toiletries_health_and_beauty/hair_care/shampoo', 'waitrose_rating': '5', 'waitrose_unit_price': '(68.6p/100ml)', 'waitrose_new_flag': None, 'waitrose_prod_name': 'Head & Shoulders itchy scalp shampoo 500ml', 'images': []}
DEBUG: Scraped from <200 https://www.waitrose.com/ecom/shop/browse/groceries/toiletries_health_and_beauty/hair_care/shampoo>
{'client': 'Waitrose', 'time': datetime.datetime(2020, 8, 19, 22, 54, 21, 790784), 'category': 'Shampoo', 'id': 'tPp582132-472091-472092', 'prod_name': 'Ogx Argan Oil Morocco Shampoo', 'waitrose_Qty': '385ml', 'waitrose_discounted_price': '£7.00', 'waitrose_offer_desc': 'Add 2 for £10', 'waitrose_url': 'https://www.waitrose.com/ecom/shop/browse/groceries/toiletries_health_and_beauty/hair_care/shampoo', 'waitrose_rating': '4', 'waitrose_unit_price': '(£1.82/100ml)', 'waitrose_new_flag': None, 'waitrose_prod_name': 'Ogx Argan Oil Morocco Shampoo 385ml', 'images': []}
DEBUG: Scraped from <200 https://www.waitrose.com/ecom/shop/browse/groceries/toiletries_health_and_beauty/hair_care/shampoo>
{'client': 'Waitrose', 'time': datetime.datetime(2020, 8, 19, 22, 54, 21, 790784), 'category': 'Shampoo', 'id': 'tPp472240-591833-591834', 'prod_name': 'Herbal Essences Repair Shampoo', 'waitrose_Qty': '400ml', 'waitrose_discounted_price': '£4.50', 'waitrose_offer_desc': 'Add 2 for £6', 'waitrose_url': 'https://www.waitrose.com/ecom/shop/browse/groceries/toiletries_health_and_beauty/hair_care/shampoo', 'waitrose_rating': '5', 'waitrose_unit_price': '(£1.13/100ml)', 'waitrose_new_flag': None, 'waitrose_prod_name': 'Herbal Essences Repair Shampoo 400ml', 'images': []}
DEBUG: Scraped from <200 https://www.waitrose.com/ecom/shop/browse/groceries/toiletries_health_and_beauty/hair_care/shampoo>
{'client': 'Waitrose', 'time': datetime.datetime(2020, 8, 19, 22, 54, 21, 790784), 'category': 'Shampoo', 'id': 'tPp407453-471203-471204', 'prod_name': 'Ogx Biotin & Collagen Shampoo', 'waitrose_Qty': '385ml', 'waitrose_discounted_price': '£7.00', 'waitrose_offer_desc': 'Add 2 for £10', 'waitrose_url': 'https://www.waitrose.com/ecom/shop/browse/groceries/toiletries_health_and_beauty/hair_care/shampoo', 'waitrose_rating': None, 'waitrose_unit_price': '(£1.82/100ml)', 'waitrose_new_flag': None, 'waitrose_prod_name': 'Ogx Biotin & Collagen Shampoo 385ml', 'images': []}
DEBUG: Scraped from <200 https://www.waitrose.com/ecom/shop/browse/groceries/toiletries_health_and_beauty/hair_care/shampoo>
{'client': 'Waitrose', 'time': datetime.datetime(2020, 8, 19, 22, 54, 21, 790784), 'category': 'Shampoo', 'id': 'tPp701301-99532-99533', 'prod_name': 'Essential Daily Care Shampoo', 'waitrose_Qty': '300ml', 'waitrose_discounted_price': '80p', 'waitrose_offer_desc': None, 'waitrose_url': 'https://www.waitrose.com/ecom/shop/browse/groceries/toiletries_health_and_beauty/hair_care/shampoo', 'waitrose_rating': '4.1', 'waitrose_unit_price': '(26.7p/100ml)', 'waitrose_new_flag': None, 'waitrose_prod_name': 'Essential Daily Care Shampoo 300ml', 'images': []}
DEBUG: Scraped from <200 https://www.waitrose.com/ecom/shop/browse/groceries/toiletries_health_and_beauty/hair_care/shampoo>
{'client': 'Waitrose', 'time': datetime.datetime(2020, 8, 19, 22, 54, 21, 790784), 'category': 'Shampoo', 'id': 'tPp627460-154629-154630', 'prod_name': 'Aussie mega shampoo', 'waitrose_Qty': '500ml', 'waitrose_discounted_price': '£6.15', 'waitrose_offer_desc': 'Add 2 for £9', 'waitrose_url': 'https://www.waitrose.com/ecom/shop/browse/groceries/toiletries_health_and_beauty/hair_care/shampoo', 'waitrose_rating': '3.8', 'waitrose_unit_price': '(£1.23/100ml)', 'waitrose_new_flag': None, 'waitrose_prod_name': 'Aussie mega shampoo 500ml', 'images': []}
DEBUG: Scraped from <200 https://www.waitrose.com/ecom/shop/browse/groceries/toiletries_health_and_beauty/hair_care/shampoo>
{'client': 'Waitrose', 'time': datetime.datetime(2020, 8, 19, 22, 54, 21, 790784), 'category': 'Shampoo', 'id': 'tPp657721-694179-694180', 'prod_name': 'Pantene 3 in 1 Classic Clean', 'waitrose_Qty': '450ml', 'waitrose_discounted_price': '£3.75', 'waitrose_offer_desc': 'Add 2 for £5', 'waitrose_url': 'https://www.waitrose.com/ecom/shop/browse/groceries/toiletries_health_and_beauty/hair_care/shampoo', 'waitrose_rating': None, 'waitrose_unit_price': '(83.3p/100ml)', 'waitrose_new_flag': None, 'waitrose_prod_name': 'Pantene 3 in 1 Classic Clean 450ml', 'images': []}
DEBUG: Scraped from <200 https://www.waitrose.com/ecom/shop/browse/groceries/toiletries_health_and_beauty/hair_care/shampoo>
{'client': 'Waitrose', 'time': datetime.datetime(2020, 8, 19, 22, 54, 21, 790784), 'category': 'Shampoo', 'id': 'tPp535961-75786-75787', 'prod_name': 'essential Waitrose Nourishing Shampoo', 'waitrose_Qty': '300ml', 'waitrose_discounted_price': '80p', 'waitrose_offer_desc': None, 'waitrose_url': 'https://www.waitrose.com/ecom/shop/browse/groceries/toiletries_health_and_beauty/hair_care/shampoo', 'waitrose_rating': '4.4', 'waitrose_unit_price': '(26.7p/100ml)', 'waitrose_new_flag': None, 'waitrose_prod_name': 'essential Waitrose Nourishing Shampoo 300ml', 'images': []}
DEBUG: Scraped from <200 https://www.waitrose.com/ecom/shop/browse/groceries/toiletries_health_and_beauty/hair_care/shampoo>
{'client': 'Waitrose', 'time': datetime.datetime(2020, 8, 19, 22, 54, 21, 790784), 'category': 'Shampoo', 'id': 'tPp427668-591713-591714', 'prod_name': 'Herbal Essences Hydrate Shampoo', 'waitrose_Qty': '400ml', 'waitrose_discounted_price': '£4.50', 'waitrose_offer_desc': 'Add 2 for £6', 'waitrose_url': 'https://www.waitrose.com/ecom/shop/browse/groceries/toiletries_health_and_beauty/hair_care/shampoo', 'waitrose_rating': '5', 'waitrose_unit_price': '(£1.13/100ml)', 'waitrose_new_flag': None, 'waitrose_prod_name': 'Herbal Essences Hydrate Shampoo 400ml', 'images': []}
DEBUG: Scraped from <200 https://www.waitrose.com/ecom/shop/browse/groceries/toiletries_health_and_beauty/hair_care/shampoo>
{'client': 'Waitrose', 'time': datetime.datetime(2020, 8, 19, 22, 54, 21, 790784), 'category': 'Shampoo', 'id': 'tPp490113-591883-591884', 'prod_name': 'Herbal Essences Volume Shampoo', 'waitrose_Qty': '400ml', 'waitrose_discounted_price': '£4.50', 'waitrose_offer_desc': 'Add 2 for £6', 'waitrose_url': 'https://www.waitrose.com/ecom/shop/browse/groceries/toiletries_health_and_beauty/hair_care/shampoo', 'waitrose_rating': '5', 'waitrose_unit_price': '(£1.13/100ml)', 'waitrose_new_flag': None, 'waitrose_prod_name': 'Herbal Essences Volume Shampoo 400ml', 'images': []}
DEBUG: Scraped from <200 https://www.waitrose.com/ecom/shop/browse/groceries/toiletries_health_and_beauty/hair_care/shampoo>
{'client': 'Waitrose', 'time': datetime.datetime(2020, 8, 19, 22, 54, 21, 790784), 'category': 'Shampoo', 'id': 'tPp581617-694173-694174', 'prod_name': 'Pantene Colour Protect Shampoo', 'waitrose_Qty': '500ml', 'waitrose_discounted_price': '£5.15', 'waitrose_offer_desc': 'Add 2 for £5', 'waitrose_url': 'https://www.waitrose.com/ecom/shop/browse/groceries/toiletries_health_and_beauty/hair_care/shampoo', 'waitrose_rating': None, 'waitrose_unit_price': '(£1.03/100ml)', 'waitrose_new_flag': None, 'waitrose_prod_name': 'Pantene Colour Protect Shampoo 500ml', 'images': []}
DEBUG: Scraped from <200 https://www.waitrose.com/ecom/shop/browse/groceries/toiletries_health_and_beauty/hair_care/shampoo>
{'client': 'Waitrose', 'time': datetime.datetime(2020, 8, 19, 22, 54, 21, 790784), 'category': 'Shampoo', 'id': 'tPp791725-375655-375656', 'prod_name': 'Ogx Kukuí Oil Shampoo', 'waitrose_Qty': '385ml', 'waitrose_discounted_price': '£7.00', 'waitrose_offer_desc': 'Add 2 for £10', 'waitrose_url': 'https://www.waitrose.com/ecom/shop/browse/groceries/toiletries_health_and_beauty/hair_care/shampoo', 'waitrose_rating': '5', 'waitrose_unit_price': '(£1.82/100ml)', 'waitrose_new_flag': None, 'waitrose_prod_name': 'Ogx Kukuí Oil Shampoo 385ml', 'images': []}
DEBUG: Scraped from <200 https://www.waitrose.com/ecom/shop/browse/groceries/toiletries_health_and_beauty/hair_care/shampoo>
{'client': 'Waitrose', 'time': datetime.datetime(2020, 8, 19, 22, 54, 21, 790784), 'category': 'Shampoo', 'id': 'tPp432893-216691-216692', 'prod_name': 'Head & Shoulders Shampoo Apple Fresh', 'waitrose_Qty': '500ml', 'waitrose_discounted_price': '£3.43', 'waitrose_offer_desc': 'Save 1/3.', 'waitrose_url': 'https://www.waitrose.com/ecom/shop/browse/groceries/toiletries_health_and_beauty/hair_care/shampoo', 'waitrose_rating': None, 'waitrose_unit_price': '(68.6p/100ml)', 'waitrose_new_flag': None, 'waitrose_prod_name': 'Head & Shoulders Shampoo Apple Fresh 500ml', 'images': []}
DEBUG: Scraped from <200 https://www.waitrose.com/ecom/shop/browse/groceries/toiletries_health_and_beauty/hair_care/shampoo>
{'client': 'Waitrose', 'time': datetime.datetime(2020, 8, 19, 22, 54, 21, 790784), 'category': 'Shampoo', 'id': 'tPp855140-216863-216864', 'prod_name': 'Ogx Coconut Milk Shampoo', 'waitrose_Qty': '385ml', 'waitrose_discounted_price': '£7.00', 'waitrose_offer_desc': 'Add 2 for £10', 'waitrose_url': 'https://www.waitrose.com/ecom/shop/browse/groceries/toiletries_health_and_beauty/hair_care/shampoo', 'waitrose_rating': '5', 'waitrose_unit_price': '(£1.82/100ml)', 'waitrose_new_flag': None, 'waitrose_prod_name': 'Ogx Coconut Milk Shampoo 385ml', 'images': []}
DEBUG: Scraped from <200 https://www.waitrose.com/ecom/shop/browse/groceries/toiletries_health_and_beauty/hair_care/shampoo>
{'client': 'Waitrose', 'time': datetime.datetime(2020, 8, 19, 22, 54, 21, 790784), 'category': 'Shampoo', 'id': 'tPp755349-720291-720292', 'prod_name': 'Herbal Essences Aloe & Mango Shampoo', 'waitrose_Qty': '380ml', 'waitrose_discounted_price': '£4.50', 'waitrose_offer_desc': 'Add 2 for £6', 'waitrose_url': 'https://www.waitrose.com/ecom/shop/browse/groceries/toiletries_health_and_beauty/hair_care/shampoo', 'waitrose_rating': None, 'waitrose_unit_price': '(£1.19/100ml)', 'waitrose_new_flag': None, 'waitrose_prod_name': 'Herbal Essences Aloe & Mango Shampoo 380ml', 'images': []}
DEBUG: Scraped from <200 https://www.waitrose.com/ecom/shop/browse/groceries/toiletries_health_and_beauty/hair_care/shampoo>
{'client': 'Waitrose', 'time': datetime.datetime(2020, 8, 19, 22, 54, 21, 790784), 'category': 'Shampoo', 'id': 'tPp810201-352482-352483', 'prod_name': 'Essential Daily Care 2 in 1', 'waitrose_Qty': '300ml', 'waitrose_discounted_price': '80p', 'waitrose_offer_desc': None, 'waitrose_url': 'https://www.waitrose.com/ecom/shop/browse/groceries/toiletries_health_and_beauty/hair_care/shampoo', 'waitrose_rating': '4.3', 'waitrose_unit_price': '(26.7p/100ml)', 'waitrose_new_flag': None, 'waitrose_prod_name': 'Essential Daily Care 2 in 1 300ml', 'images': []}
DEBUG: Scraped from <200 https://www.waitrose.com/ecom/shop/browse/groceries/toiletries_health_and_beauty/hair_care/shampoo>
{'client': 'Waitrose', 'time': datetime.datetime(2020, 8, 19, 22, 54, 21, 790784), 'category': 'Shampoo', 'id': 'tPp626001-88825-88826', 'prod_name': 'Head & Shoulders Shampoo Citrus Fresh', 'waitrose_Qty': '500ml', 'waitrose_discounted_price': '£3.43', 'waitrose_offer_desc': 'Save 1/3.', 'waitrose_url': 'https://www.waitrose.com/ecom/shop/browse/groceries/toiletries_health_and_beauty/hair_care/shampoo', 'waitrose_rating': None, 'waitrose_unit_price': '(68.6p/100ml)', 'waitrose_new_flag': None, 'waitrose_prod_name': 'Head & Shoulders Shampoo Citrus Fresh 500ml', 'images': []}
DEBUG: Scraped from <200 https://www.waitrose.com/ecom/shop/browse/groceries/toiletries_health_and_beauty/hair_care/shampoo>
{'client': 'Waitrose', 'time': datetime.datetime(2020, 8, 19, 22, 54, 21, 790784), 'category': 'Shampoo', 'id': 'tPp820157-724089-724090', 'prod_name': 'Eco Warrior Shampoo Bar', 'waitrose_Qty': '100g', 'waitrose_discounted_price': '£3.00', 'waitrose_offer_desc': 'Save 1/3.', 'waitrose_url': 'https://www.waitrose.com/ecom/shop/browse/groceries/toiletries_health_and_beauty/hair_care/shampoo', 'waitrose_rating': None, 'waitrose_unit_price': '(£3/100g)', 'waitrose_new_flag': None, 'waitrose_prod_name': 'Eco Warrior Shampoo Bar 100g', 'images': []}
DEBUG: Scraped from <200 https://www.waitrose.com/ecom/shop/browse/groceries/toiletries_health_and_beauty/hair_care/shampoo>
{'client': 'Waitrose', 'time': datetime.datetime(2020, 8, 19, 22, 54, 21, 790784), 'category': 'Shampoo', 'id': 'tPp047805-23664-23665', 'prod_name': 'Avalon Organics tea tree shampoo', 'waitrose_Qty': '325ml', 'waitrose_discounted_price': '£7.00', 'waitrose_offer_desc': 'Add 2 for £11', 'waitrose_url': 'https://www.waitrose.com/ecom/shop/browse/groceries/toiletries_health_and_beauty/hair_care/shampoo', 'waitrose_rating': '4.9', 'waitrose_unit_price': '(£2.16/100ml)', 'waitrose_new_flag': None, 'waitrose_prod_name': 'Avalon Organics tea tree shampoo 325ml', 'images': []}
DEBUG: Scraped from <200 https://www.waitrose.com/ecom/shop/browse/groceries/toiletries_health_and_beauty/hair_care/shampoo>
{'client': 'Waitrose', 'time': datetime.datetime(2020, 8, 19, 22, 54, 21, 790784), 'category': 'Shampoo', 'id': 'tPp868154-695990-695991', 'prod_name': 'Hair Biology Purple Shampoo', 'waitrose_Qty': '250ml', 'waitrose_discounted_price': '£2.99', 'waitrose_offer_desc': 'Save 1/3.', 'waitrose_url': 'https://www.waitrose.com/ecom/shop/browse/groceries/toiletries_health_and_beauty/hair_care/shampoo', 'waitrose_rating': None, 'waitrose_unit_price': '(£1.20/100ml)', 'waitrose_new_flag': None, 'waitrose_prod_name': 'Hair Biology Purple Shampoo 250ml', 'images': []}
DEBUG: Scraped from <200 https://www.waitrose.com/ecom/shop/browse/groceries/toiletries_health_and_beauty/hair_care/shampoo>
{'client': 'Waitrose', 'time': datetime.datetime(2020, 8, 19, 22, 54, 21, 790784), 'category': 'Shampoo', 'id': 'tPp027940-13599-13600', 'prod_name': 'Avalon Organics lemon shampoo', 'waitrose_Qty': '325ml', 'waitrose_discounted_price': '£7.00', 'waitrose_offer_desc': 'Add 2 for £11', 'waitrose_url': 'https://www.waitrose.com/ecom/shop/browse/groceries/toiletries_health_and_beauty/hair_care/shampoo', 'waitrose_rating': '3.6', 'waitrose_unit_price': '(£2.16/100ml)', 'waitrose_new_flag': None, 'waitrose_prod_name': 'Avalon Organics lemon shampoo 325ml', 'images': []}
DEBUG: Scraped from <200 https://www.waitrose.com/ecom/shop/browse/groceries/toiletries_health_and_beauty/hair_care/shampoo>
{'client': 'Waitrose', 'time': datetime.datetime(2020, 8, 19, 22, 54, 21, 790784), 'category': 'Shampoo', 'id': 'tPp752186-631541-631542', 'prod_name': 'Ogx Coconut OIl Shampoo', 'waitrose_Qty': '385ml', 'waitrose_discounted_price': '£7.00', 'waitrose_offer_desc': 'Add 2 for £10', 'waitrose_url': 'https://www.waitrose.com/ecom/shop/browse/groceries/toiletries_health_and_beauty/hair_care/shampoo', 'waitrose_rating': None, 'waitrose_unit_price': '(£1.82/100ml)', 'waitrose_new_flag': None, 'waitrose_prod_name': 'Ogx Coconut OIl Shampoo 385ml', 'images': []}
DEBUG: Scraped from <200 https://www.waitrose.com/ecom/shop/browse/groceries/toiletries_health_and_beauty/hair_care/shampoo>
{'client': 'Waitrose', 'time': datetime.datetime(2020, 8, 19, 22, 54, 21, 790784), 'category': 'Shampoo', 'id': 'tPp721134-337091-337092', 'prod_name': 'Aussie miracle shine shampoo', 'waitrose_Qty': '500ml', 'waitrose_discounted_price': '£6.00', 'waitrose_offer_desc': 'Add 2 for £9', 'waitrose_url': 'https://www.waitrose.com/ecom/shop/browse/groceries/toiletries_health_and_beauty/hair_care/shampoo', 'waitrose_rating': None, 'waitrose_unit_price': '(£1.20/100ml)', 'waitrose_new_flag': None, 'waitrose_prod_name': 'Aussie miracle shine shampoo 500ml', 'images': []}
DEBUG: Scraped from <200 https://www.waitrose.com/ecom/shop/browse/groceries/toiletries_health_and_beauty/hair_care/shampoo>
{'client': 'Waitrose', 'time': datetime.datetime(2020, 8, 19, 22, 54, 21, 790784), 'category': 'Shampoo', 'id': 'tPp810302-683828-683829', 'prod_name': 'Herbal Essences Deep Repair Shampoo', 'waitrose_Qty': '400ml', 'waitrose_discounted_price': '£4.50', 'waitrose_offer_desc': 'Add 2 for £6', 'waitrose_url': 'https://www.waitrose.com/ecom/shop/browse/groceries/toiletries_health_and_beauty/hair_care/shampoo', 'waitrose_rating': None, 'waitrose_unit_price': '(£1.13/100ml)', 'waitrose_new_flag': None, 'waitrose_prod_name': 'Herbal Essences Deep Repair Shampoo 400ml', 'images': []}
DEBUG: Scraped from <200 https://www.waitrose.com/ecom/shop/browse/groceries/toiletries_health_and_beauty/hair_care/shampoo>
{'client': 'Waitrose', 'time': datetime.datetime(2020, 8, 19, 22, 54, 21, 790784), 'category': 'Shampoo', 'id': 'tPp426973-298983-298984', 'prod_name': 'Head & Shoulders 2in1 Apple Fresh', 'waitrose_Qty': '450ml', 'waitrose_discounted_price': '£3.33', 'waitrose_offer_desc': 'Save 1/3.', 'waitrose_url': 'https://www.waitrose.com/ecom/shop/browse/groceries/toiletries_health_and_beauty/hair_care/shampoo', 'waitrose_rating': None, 'waitrose_unit_price': '(74p/100ml)', 'waitrose_new_flag': None, 'waitrose_prod_name': 'Head & Shoulders 2in1 Apple Fresh 450ml', 'images': []}
DEBUG: Scraped from <200 https://www.waitrose.com/ecom/shop/browse/groceries/toiletries_health_and_beauty/hair_care/shampoo>
{'client': 'Waitrose', 'time': datetime.datetime(2020, 8, 19, 22, 54, 21, 790784), 'category': 'Shampoo', 'id': 'tPp886458-216893-216894', 'prod_name': 'Ogx Brazilian Keratin Shampoo', 'waitrose_Qty': '385ml', 'waitrose_discounted_price': '£7.00', 'waitrose_offer_desc': 'Add 2 for £10', 'waitrose_url': 'https://www.waitrose.com/ecom/shop/browse/groceries/toiletries_health_and_beauty/hair_care/shampoo', 'waitrose_rating': '5', 'waitrose_unit_price': '(£1.82/100ml)', 'waitrose_new_flag': None, 'waitrose_prod_name': 'Ogx Brazilian Keratin Shampoo 385ml', 'images': []}
DEBUG: Scraped from <200 https://www.waitrose.com/ecom/shop/browse/groceries/toiletries_health_and_beauty/hair_care/shampoo>
{'client': 'Waitrose', 'time': datetime.datetime(2020, 8, 19, 22, 54, 21, 790784), 'category': 'Shampoo', 'id': 'tPp480888-154495-154496', 'prod_name': 'Head & Shoulders Smooth Shampoo', 'waitrose_Qty': '500ml', 'waitrose_discounted_price': '£3.43', 'waitrose_offer_desc': 'Save 1/3.', 'waitrose_url': 'https://www.waitrose.com/ecom/shop/browse/groceries/toiletries_health_and_beauty/hair_care/shampoo', 'waitrose_rating': None, 'waitrose_unit_price': '(68.6p/100ml)', 'waitrose_new_flag': None, 'waitrose_prod_name': 'Head & Shoulders Smooth Shampoo 500ml', 'images': []}
DEBUG: Scraped from <200 https://www.waitrose.com/ecom/shop/browse/groceries/toiletries_health_and_beauty/hair_care/shampoo>
{'client': 'Waitrose', 'time': datetime.datetime(2020, 8, 19, 22, 54, 21, 790784), 'category': 'Shampoo', 'id': 'tPp799806-683814-683815', 'prod_name': 'Tresemmé Shampoo Moisture Rich', 'waitrose_Qty': '800ml', 'waitrose_discounted_price': '£5.50', 'waitrose_offer_desc': None, 'waitrose_url': 'https://www.waitrose.com/ecom/shop/browse/groceries/toiletries_health_and_beauty/hair_care/shampoo', 'waitrose_rating': None, 'waitrose_unit_price': '(68.8p/100ml)', 'waitrose_new_flag': None, 'waitrose_prod_name': 'Tresemmé Shampoo Moisture Rich 800ml', 'images': []}
DEBUG: Scraped from <200 https://www.waitrose.com/ecom/shop/browse/groceries/toiletries_health_and_beauty/hair_care/shampoo>
{'client': 'Waitrose', 'time': datetime.datetime(2020, 8, 19, 22, 54, 21, 790784), 'category': 'Shampoo', 'id': 'tPp867514-720387-720388', 'prod_name': 'Head & Shoulders Coconut Shampoo', 'waitrose_Qty': '500ml', 'waitrose_discounted_price': '£3.33', 'waitrose_offer_desc': 'Save 1/3.', 'waitrose_url': 'https://www.waitrose.com/ecom/shop/browse/groceries/toiletries_health_and_beauty/hair_care/shampoo', 'waitrose_rating': None, 'waitrose_unit_price': '(66.6p/100ml)', 'waitrose_new_flag': None, 'waitrose_prod_name': 'Head & Shoulders Coconut Shampoo 500ml', 'images': []}
DEBUG: Scraped from <200 https://www.waitrose.com/ecom/shop/browse/groceries/toiletries_health_and_beauty/hair_care/shampoo>
{'client': 'Waitrose', 'time': datetime.datetime(2020, 8, 19, 22, 54, 21, 790784), 'category': 'Shampoo', 'id': 'tPp778297-720309-720310', 'prod_name': 'Pantene Grow Strong Shampoo', 'waitrose_Qty': '400ml', 'waitrose_discounted_price': '£3.75', 'waitrose_offer_desc': 'Add 2 for £5', 'waitrose_url': 'https://www.waitrose.com/ecom/shop/browse/groceries/toiletries_health_and_beauty/hair_care/shampoo', 'waitrose_rating': None, 'waitrose_unit_price': '(93.8p/100ml)', 'waitrose_new_flag': None, 'waitrose_prod_name': 'Pantene Grow Strong Shampoo 400ml', 'images': []}
DEBUG: Scraped from <200 https://www.waitrose.com/ecom/shop/browse/groceries/toiletries_health_and_beauty/hair_care/shampoo>
{'client': 'Waitrose', 'time': datetime.datetime(2020, 8, 19, 22, 54, 21, 790784), 'category': 'Shampoo', 'id': 'tPp755068-720289-720290', 'prod_name': 'Herbal Essences Aloe Hemp Shampoo', 'waitrose_Qty': '380ml', 'waitrose_discounted_price': '£4.50', 'waitrose_offer_desc': 'Add 2 for £6', 'waitrose_url': 'https://www.waitrose.com/ecom/shop/browse/groceries/toiletries_health_and_beauty/hair_care/shampoo', 'waitrose_rating': None, 'waitrose_unit_price': '(£1.19/100ml)', 'waitrose_new_flag': None, 'waitrose_prod_name': 'Herbal Essences Aloe Hemp Shampoo 380ml', 'images': []}
DEBUG: Scraped from <200 https://www.waitrose.com/ecom/shop/browse/groceries/toiletries_health_and_beauty/hair_care/shampoo>
{'client': 'Waitrose', 'time': datetime.datetime(2020, 8, 19, 22, 54, 21, 790784), 'category': 'Shampoo', 'id': 'tPp735751-154731-154732', 'prod_name': 'Aussie aussome volume shampoo', 'waitrose_Qty': '500ml', 'waitrose_discounted_price': '£6.10', 'waitrose_offer_desc': 'Add 2 for £9', 'waitrose_url': 'https://www.waitrose.com/ecom/shop/browse/groceries/toiletries_health_and_beauty/hair_care/shampoo', 'waitrose_rating': None, 'waitrose_unit_price': '(£1.22/100ml)', 'waitrose_new_flag': None, 'waitrose_prod_name': 'Aussie aussome volume shampoo 500ml', 'images': []}
DEBUG: Scraped from <200 https://www.waitrose.com/ecom/shop/browse/groceries/toiletries_health_and_beauty/hair_care/shampoo>
{'client': 'Waitrose', 'time': datetime.datetime(2020, 8, 19, 22, 54, 21, 790784), 'category': 'Shampoo', 'id': 'tPp662395-154665-154666', 'prod_name': 'Aussie colour mate shampoo', 'waitrose_Qty': '500ml', 'waitrose_discounted_price': '£6.15', 'waitrose_offer_desc': 'Add 2 for £9', 'waitrose_url': 'https://www.waitrose.com/ecom/shop/browse/groceries/toiletries_health_and_beauty/hair_care/shampoo', 'waitrose_rating': None, 'waitrose_unit_price': '(£1.23/100ml)', 'waitrose_new_flag': None, 'waitrose_prod_name': 'Aussie colour mate shampoo 500ml', 'images': []}
DEBUG: Scraped from <200 https://www.waitrose.com/ecom/shop/browse/groceries/toiletries_health_and_beauty/hair_care/shampoo>
{'client': 'Waitrose', 'time': datetime.datetime(2020, 8, 19, 22, 54, 21, 790784), 'category': 'Shampoo', 'id': 'tPp011495-5706-5707', 'prod_name': 'John Frieda Shampoo Touchably Full', 'waitrose_Qty': '250ml', 'waitrose_discounted_price': '£6.00', 'waitrose_offer_desc': None, 'waitrose_url': 'https://www.waitrose.com/ecom/shop/browse/groceries/toiletries_health_and_beauty/hair_care/shampoo', 'waitrose_rating': '4', 'waitrose_unit_price': '(£2.40/100ml)', 'waitrose_new_flag': None, 'waitrose_prod_name': 'John Frieda Shampoo Touchably Full 250ml', 'images': []}
DEBUG: Scraped from <200 https://www.waitrose.com/ecom/shop/browse/groceries/toiletries_health_and_beauty/hair_care/shampoo>
{'client': 'Waitrose', 'time': datetime.datetime(2020, 8, 19, 22, 54, 21, 790784), 'category': 'Shampoo', 'id': 'tPp062495-31737-31738', 'prod_name': 'Neutrogena T/Gel shampoo dry hair', 'waitrose_Qty': '125ml', 'waitrose_discounted_price': '£5.15', 'waitrose_offer_desc': None, 'waitrose_url': 'https://www.waitrose.com/ecom/shop/browse/groceries/toiletries_health_and_beauty/hair_care/shampoo', 'waitrose_rating': None, 'waitrose_unit_price': '(£4.12/100ml)', 'waitrose_new_flag': None, 'waitrose_prod_name': 'Neutrogena T/Gel shampoo dry hair 125ml', 'images': []}
DEBUG: Scraped from <200 https://www.waitrose.com/ecom/shop/browse/groceries/toiletries_health_and_beauty/hair_care/shampoo>
{'client': 'Waitrose', 'time': datetime.datetime(2020, 8, 19, 22, 54, 21, 790784), 'category': 'Shampoo', 'id': 'tPp092708-47659-47660', 'prod_name': 'Vosene Original Shampoo', 'waitrose_Qty': '250ml', 'waitrose_discounted_price': '£2.05', 'waitrose_offer_desc': None, 'waitrose_url': 'https://www.waitrose.com/ecom/shop/browse/groceries/toiletries_health_and_beauty/hair_care/shampoo', 'waitrose_rating': '5', 'waitrose_unit_price': '(82p/100ml)', 'waitrose_new_flag': None, 'waitrose_prod_name': 'Vosene Original Shampoo 250ml', 'images': []}
DEBUG: Scraped from <200 https://www.waitrose.com/ecom/shop/browse/groceries/toiletries_health_and_beauty/hair_care/shampoo>
{'client': 'Waitrose', 'time': datetime.datetime(2020, 8, 19, 22, 54, 21, 790784), 'category': 'Shampoo', 'id': 'tPp863078-695988-695989', 'prod_name': 'Pantene Hair Biology Full & Vibrant', 'waitrose_Qty': '250ml', 'waitrose_discounted_price': '£2.99', 'waitrose_offer_desc': 'Save 1/3.', 'waitrose_url': 'https://www.waitrose.com/ecom/shop/browse/groceries/toiletries_health_and_beauty/hair_care/shampoo', 'waitrose_rating': None, 'waitrose_unit_price': '(£1.20/100ml)', 'waitrose_new_flag': None, 'waitrose_prod_name': 'Pantene Hair Biology Full & Vibrant 250ml', 'images': []}
DEBUG: Scraped from <200 https://www.waitrose.com/ecom/shop/browse/groceries/toiletries_health_and_beauty/hair_care/shampoo>
{'client': 'Waitrose', 'time': datetime.datetime(2020, 8, 19, 22, 54, 21, 790784), 'category': 'Shampoo', 'id': 'tPp076232-38732-38733', 'prod_name': 'AOrganic Lavender Shampoo', 'waitrose_Qty': '325ml', 'waitrose_discounted_price': '£7.00', 'waitrose_offer_desc': 'Add 2 for £11', 'waitrose_url': 'https://www.waitrose.com/ecom/shop/browse/groceries/toiletries_health_and_beauty/hair_care/shampoo', 'waitrose_rating': '3.8', 'waitrose_unit_price': '(£2.16/100ml)', 'waitrose_new_flag': None, 'waitrose_prod_name': 'AOrganic Lavender Shampoo 325ml', 'images': []}
DEBUG: Scraped from <200 https://www.waitrose.com/ecom/shop/browse/groceries/toiletries_health_and_beauty/hair_care/shampoo>
{'client': 'Waitrose', 'time': datetime.datetime(2020, 8, 19, 22, 54, 21, 790784), 'category': 'Shampoo', 'id': 'tPp740653-352034-352035', 'prod_name': 'essential Waitrose Anti-Dandruff 2 in 1', 'waitrose_Qty': '300ml', 'waitrose_discounted_price': '£1.00', 'waitrose_offer_desc': None, 'waitrose_url': 'https://www.waitrose.com/ecom/shop/browse/groceries/toiletries_health_and_beauty/hair_care/shampoo', 'waitrose_rating': '4', 'waitrose_unit_price': '(33.3p/100ml)', 'waitrose_new_flag': None, 'waitrose_prod_name': 'essential Waitrose Anti-Dandruff 2 in 1 300ml', 'images': []}
DEBUG: Scraped from <200 https://www.waitrose.com/ecom/shop/browse/groceries/toiletries_health_and_beauty/hair_care/shampoo>
{'client': 'Waitrose', 'time': datetime.datetime(2020, 8, 19, 22, 54, 21, 790784), 'category': 'Shampoo', 'id': 'tPp790782-694215-694216', 'prod_name': 'Pantene 3in1 Smooth & Sleek', 'waitrose_Qty': '450ml', 'waitrose_discounted_price': '£3.75', 'waitrose_offer_desc': 'Add 2 for £5', 'waitrose_url': 'https://www.waitrose.com/ecom/shop/browse/groceries/toiletries_health_and_beauty/hair_care/shampoo', 'waitrose_rating': None, 'waitrose_unit_price': '(83.3p/100ml)', 'waitrose_new_flag': None, 'waitrose_prod_name': 'Pantene 3in1 Smooth & Sleek 450ml', 'images': []}
DEBUG: Scraped from <200 https://www.waitrose.com/ecom/shop/browse/groceries/toiletries_health_and_beauty/hair_care/shampoo>
{'client': 'Waitrose', 'time': datetime.datetime(2020, 8, 19, 22, 54, 21, 790784), 'category': 'Shampoo', 'id': 'tPp724972-694185-694186', 'prod_name': 'Pantene 3in1 Repair & Protect', 'waitrose_Qty': '450ml', 'waitrose_discounted_price': '£3.75', 'waitrose_offer_desc': 'Add 2 for £5', 'waitrose_url': 'https://www.waitrose.com/ecom/shop/browse/groceries/toiletries_health_and_beauty/hair_care/shampoo', 'waitrose_rating': None, 'waitrose_unit_price': '(83.3p/100ml)', 'waitrose_new_flag': None, 'waitrose_prod_name': 'Pantene 3in1 Repair & Protect 450ml', 'images': []}
DEBUG: Scraped from <200 https://www.waitrose.com/ecom/shop/browse/groceries/toiletries_health_and_beauty/hair_care/shampoo>
{'client': 'Waitrose', 'time': datetime.datetime(2020, 8, 19, 22, 54, 21, 790784), 'category': 'Shampoo', 'id': 'tPp059421-29947-29948', 'prod_name': 'Aussie Aussome Volume Shampoo', 'waitrose_Qty': '300ml', 'waitrose_discounted_price': '£4.00', 'waitrose_offer_desc': None, 'waitrose_url': 'https://www.waitrose.com/ecom/shop/browse/groceries/toiletries_health_and_beauty/hair_care/shampoo', 'waitrose_rating': '5', 'waitrose_unit_price': '(£1.34/100ml)', 'waitrose_new_flag': None, 'waitrose_prod_name': 'Aussie Aussome Volume Shampoo 300ml', 'images': []}
DEBUG: Scraped from <200 https://www.waitrose.com/ecom/shop/browse/groceries/toiletries_health_and_beauty/hair_care/shampoo>
{'client': 'Waitrose', 'time': datetime.datetime(2020, 8, 19, 22, 54, 21, 790784), 'category': 'Shampoo', 'id': 'tPp464815-154487-154488', 'prod_name': 'Batiste original dry shampoo', 'waitrose_Qty': '200ml', 'waitrose_discounted_price': '£3.00', 'waitrose_offer_desc': None, 'waitrose_url': 'https://www.waitrose.com/ecom/shop/browse/groceries/toiletries_health_and_beauty/hair_care/shampoo', 'waitrose_rating': '5', 'waitrose_unit_price': '(£1.50/100ml)', 'waitrose_new_flag': None, 'waitrose_prod_name': 'Batiste original dry shampoo 200ml', 'images': []}
DEBUG: Scraped from <200 https://www.waitrose.com/ecom/shop/browse/groceries/toiletries_health_and_beauty/hair_care/shampoo>
{'client': 'Waitrose', 'time': datetime.datetime(2020, 8, 19, 22, 54, 21, 790784), 'category': 'Shampoo', 'id': 'tPp836383-271490-271491', 'prod_name': 'Head & Shoulders 2in1 citrus care', 'waitrose_Qty': '450ml', 'waitrose_discounted_price': '£3.43', 'waitrose_offer_desc': 'Save 1/3.', 'waitrose_url': 'https://www.waitrose.com/ecom/shop/browse/groceries/toiletries_health_and_beauty/hair_care/shampoo', 'waitrose_rating': None, 'waitrose_unit_price': '(76.2p/100ml)', 'waitrose_new_flag': None, 'waitrose_prod_name': 'Head & Shoulders 2in1 citrus care 450ml', 'images': []}
DEBUG: Scraped from <200 https://www.waitrose.com/ecom/shop/browse/groceries/toiletries_health_and_beauty/hair_care/shampoo>
{'client': 'Waitrose', 'time': datetime.datetime(2020, 8, 19, 22, 54, 21, 790784), 'category': 'Shampoo', 'id': 'tPp610920-86669-86670', 'prod_name': 'Sheer Blonde Go Blonder Shampoo', 'waitrose_Qty': '250ml', 'waitrose_discounted_price': '£6.00', 'waitrose_offer_desc': None, 'waitrose_url': 'https://www.waitrose.com/ecom/shop/browse/groceries/toiletries_health_and_beauty/hair_care/shampoo', 'waitrose_rating': '3.5', 'waitrose_unit_price': '(£2.40/100ml)', 'waitrose_new_flag': None, 'waitrose_prod_name': 'Sheer Blonde Go Blonder Shampoo 250ml', 'images': []}
DEBUG: Scraped from <200 https://www.waitrose.com/ecom/shop/browse/groceries/toiletries_health_and_beauty/hair_care/shampoo>
{'client': 'Waitrose', 'time': datetime.datetime(2020, 8, 19, 22, 54, 21, 790784), 'category': 'Shampoo', 'id': 'tPp855732-695986-695987', 'prod_name': 'Hair Biology De-Frizz Shampoo', 'waitrose_Qty': '250ml', 'waitrose_discounted_price': '£2.99', 'waitrose_offer_desc': 'Save 1/3.', 'waitrose_url': 'https://www.waitrose.com/ecom/shop/browse/groceries/toiletries_health_and_beauty/hair_care/shampoo', 'waitrose_rating': None, 'waitrose_unit_price': '(£1.20/100ml)', 'waitrose_new_flag': None, 'waitrose_prod_name': 'Hair Biology De-Frizz Shampoo 250ml', 'images': []}
DEBUG: Scraped from <200 https://www.waitrose.com/ecom/shop/browse/groceries/toiletries_health_and_beauty/hair_care/shampoo>
{'client': 'Waitrose', 'time': datetime.datetime(2020, 8, 19, 22, 54, 21, 790784), 'category': 'Shampoo', 'id': 'tPp480728-631267-631268', 'prod_name': 'Ogx Orchid Oil Shampoo', 'waitrose_Qty': '385ml', 'waitrose_discounted_price': '£7.00', 'waitrose_offer_desc': 'Add 2 for £10', 'waitrose_url': 'https://www.waitrose.com/ecom/shop/browse/groceries/toiletries_health_and_beauty/hair_care/shampoo', 'waitrose_rating': '5', 'waitrose_unit_price': '(£1.82/100ml)', 'waitrose_new_flag': None, 'waitrose_prod_name': 'Ogx Orchid Oil Shampoo 385ml', 'images': []}
DEBUG: Scraped from <200 https://www.waitrose.com/ecom/shop/browse/groceries/toiletries_health_and_beauty/hair_care/shampoo>
{'client': 'Waitrose', 'time': datetime.datetime(2020, 8, 19, 22, 54, 21, 790784), 'category': 'Shampoo', 'id': 'tPp834106-299691-299692', 'prod_name': 'Head & Shoulders 2in1 smooth & silky', 'waitrose_Qty': '450ml', 'waitrose_discounted_price': '£3.33', 'waitrose_offer_desc': 'Save 1/3.', 'waitrose_url': 'https://www.waitrose.com/ecom/shop/browse/groceries/toiletries_health_and_beauty/hair_care/shampoo', 'waitrose_rating': None, 'waitrose_unit_price': '(74p/100ml)', 'waitrose_new_flag': None, 'waitrose_prod_name': 'Head & Shoulders 2in1 smooth & silky 450ml', 'images': []}
DEBUG: Scraped from <200 https://www.waitrose.com/ecom/shop/browse/groceries/toiletries_health_and_beauty/hair_care/shampoo>
{'client': 'Waitrose', 'time': datetime.datetime(2020, 8, 19, 22, 54, 21, 790784), 'category': 'Shampoo', 'id': 'tPp639145-337007-337008', 'prod_name': 'Tresemmé Shampoo Deep Cleansing', 'waitrose_Qty': '800ml', 'waitrose_discounted_price': '£5.50', 'waitrose_offer_desc': None, 'waitrose_url': 'https://www.waitrose.com/ecom/shop/browse/groceries/toiletries_health_and_beauty/hair_care/shampoo', 'waitrose_rating': '5', 'waitrose_unit_price': '(68.8p/100ml)', 'waitrose_new_flag': None, 'waitrose_prod_name': 'Tresemmé Shampoo Deep Cleansing 800ml', 'images': []}
DEBUG: Scraped from <200 https://www.waitrose.com/ecom/shop/browse/groceries/toiletries_health_and_beauty/hair_care/shampoo>
{'client': 'Waitrose', 'time': datetime.datetime(2020, 8, 19, 22, 54, 21, 790784), 'category': 'Shampoo', 'id': 'tPp595050-720203-720204', 'prod_name': 'Herbal Essences Coconut Shampoo', 'waitrose_Qty': '250ml', 'waitrose_discounted_price': '£3.00', 'waitrose_offer_desc': None, 'waitrose_url': 'https://www.waitrose.com/ecom/shop/browse/groceries/toiletries_health_and_beauty/hair_care/shampoo', 'waitrose_rating': None, 'waitrose_unit_price': '(£1.20/100ml)', 'waitrose_new_flag': None, 'waitrose_prod_name': 'Herbal Essences Coconut Shampoo 250ml', 'images': []}
DEBUG: Scraped from <200 https://www.waitrose.com/ecom/shop/browse/groceries/toiletries_health_and_beauty/hair_care/shampoo>
{'client': 'Waitrose', 'time': datetime.datetime(2020, 8, 19, 22, 54, 21, 790784), 'category': 'Shampoo', 'id': 'tPp486943-68769-68770', 'prod_name': 'Head & Shoulders 2in1 classic clean', 'waitrose_Qty': '225ml', 'waitrose_discounted_price': '£3.00', 'waitrose_offer_desc': None, 'waitrose_url': 'https://www.waitrose.com/ecom/shop/browse/groceries/toiletries_health_and_beauty/hair_care/shampoo', 'waitrose_rating': '4', 'waitrose_unit_price': '(£1.34/100ml)', 'waitrose_new_flag': None, 'waitrose_prod_name': 'Head & Shoulders 2in1 classic clean 225ml', 'images': []}
DEBUG: Scraped from <200 https://www.waitrose.com/ecom/shop/browse/groceries/toiletries_health_and_beauty/hair_care/shampoo>
{'client': 'Waitrose', 'time': datetime.datetime(2020, 8, 19, 22, 54, 21, 790784), 'category': 'Shampoo', 'id': 'tPp575547-494836-494837', 'prod_name': 'DGJ Thickening Shampoo', 'waitrose_Qty': '250ml', 'waitrose_discounted_price': '£5.00', 'waitrose_offer_desc': None, 'waitrose_url': 'https://www.waitrose.com/ecom/shop/browse/groceries/toiletries_health_and_beauty/hair_care/shampoo', 'waitrose_rating': '5', 'waitrose_unit_price': '(£2/100ml)', 'waitrose_new_flag': None, 'waitrose_prod_name': 'DGJ Thickening Shampoo 250ml', 'images': []}
DEBUG: Scraped from <200 https://www.waitrose.com/ecom/shop/browse/groceries/toiletries_health_and_beauty/hair_care/shampoo>
{'client': 'Waitrose', 'time': datetime.datetime(2020, 8, 19, 22, 54, 21, 790784), 'category': 'Shampoo', 'id': 'tPp096508-49364-49365', 'prod_name': 'Aussie Miracle Moist Shampoo', 'waitrose_Qty': '300ml', 'waitrose_discounted_price': '£4.10', 'waitrose_offer_desc': None, 'waitrose_url': 'https://www.waitrose.com/ecom/shop/browse/groceries/toiletries_health_and_beauty/hair_care/shampoo', 'waitrose_rating': '3.7', 'waitrose_unit_price': '(£1.37/100ml)', 'waitrose_new_flag': None, 'waitrose_prod_name': 'Aussie Miracle Moist Shampoo 300ml', 'images': []}
DEBUG: Scraped from <200 https://www.waitrose.com/ecom/shop/browse/groceries/toiletries_health_and_beauty/hair_care/shampoo>
{'client': 'Waitrose', 'time': datetime.datetime(2020, 8, 19, 22, 54, 21, 790784), 'category': 'Shampoo', 'id': 'tPp425124-59787-59788', 'prod_name': 'Brilliant Brunette Protecting Shampoo', 'waitrose_Qty': '250ml', 'waitrose_discounted_price': '£6.00', 'waitrose_offer_desc': None, 'waitrose_url': 'https://www.waitrose.com/ecom/shop/browse/groceries/toiletries_health_and_beauty/hair_care/shampoo', 'waitrose_rating': None, 'waitrose_unit_price': '(£2.40/100ml)', 'waitrose_new_flag': None, 'waitrose_prod_name': 'Brilliant Brunette Protecting Shampoo 250ml', 'images': []}
DEBUG: Scraped from <200 https://www.waitrose.com/ecom/shop/browse/groceries/toiletries_health_and_beauty/hair_care/shampoo>
{'client': 'Waitrose', 'time': datetime.datetime(2020, 8, 19, 22, 54, 21, 790784), 'category': 'Shampoo', 'id': 'tPp714629-729752-729753', 'prod_name': 'OGX Keratin Oil Shampoo', 'waitrose_Qty': '385ml', 'waitrose_discounted_price': '£7.00', 'waitrose_offer_desc': 'Add 2 for £10', 'waitrose_url': 'https://www.waitrose.com/ecom/shop/browse/groceries/toiletries_health_and_beauty/hair_care/shampoo', 'waitrose_rating': None, 'waitrose_unit_price': '(£1.82/100ml)', 'waitrose_new_flag': 'NEW', 'waitrose_prod_name': 'OGX Keratin Oil Shampoo 385ml', 'images': []}
DEBUG: Scraped from <200 https://www.waitrose.com/ecom/shop/browse/groceries/toiletries_health_and_beauty/hair_care/shampoo>
{'client': 'Waitrose', 'time': datetime.datetime(2020, 8, 19, 22, 54, 21, 790784), 'category': 'Shampoo', 'id': 'tPp567427-683666-683667', 'prod_name': 'Ogx Charcoal Detox Shampoo', 'waitrose_Qty': '385ml', 'waitrose_discounted_price': '£7.00', 'waitrose_offer_desc': 'Add 2 for £10', 'waitrose_url': 'https://www.waitrose.com/ecom/shop/browse/groceries/toiletries_health_and_beauty/hair_care/shampoo', 'waitrose_rating': None, 'waitrose_unit_price': '(£1.82/100ml)', 'waitrose_new_flag': None, 'waitrose_prod_name': 'Ogx Charcoal Detox Shampoo 385ml', 'images': []}
DEBUG: Scraped from <200 https://www.waitrose.com/ecom/shop/browse/groceries/toiletries_health_and_beauty/hair_care/shampoo>
{'client': 'Waitrose', 'time': datetime.datetime(2020, 8, 19, 22, 54, 21, 790784), 'category': 'Shampoo', 'id': 'tPp433216-720111-720112', 'prod_name': 'John Frieda Hydrate & Recharge Shampoo', 'waitrose_Qty': '250ml', 'waitrose_discounted_price': '£5.99', 'waitrose_offer_desc': None, 'waitrose_url': 'https://www.waitrose.com/ecom/shop/browse/groceries/toiletries_health_and_beauty/hair_care/shampoo', 'waitrose_rating': None, 'waitrose_unit_price': '(£2.40/100ml)', 'waitrose_new_flag': None, 'waitrose_prod_name': 'John Frieda Hydrate & Recharge Shampoo 250ml', 'images': []}
DEBUG: Scraped from <200 https://www.waitrose.com/ecom/shop/browse/groceries/toiletries_health_and_beauty/hair_care/shampoo>
{'client': 'Waitrose', 'time': datetime.datetime(2020, 8, 19, 22, 54, 21, 790784), 'category': 'Shampoo', 'id': 'tPp494340-69860-69861', 'prod_name': "Neal's Yard Rose Shampoo", 'waitrose_Qty': '200ml', 'waitrose_discounted_price': '£11.50', 'waitrose_offer_desc': None, 'waitrose_url': 'https://www.waitrose.com/ecom/shop/browse/groceries/toiletries_health_and_beauty/hair_care/shampoo', 'waitrose_rating': '3.1', 'waitrose_unit_price': '(£5.75/100ml)', 'waitrose_new_flag': None, 'waitrose_prod_name': "Neal's Yard Rose Shampoo 200ml", 'images': []}
DEBUG: Scraped from <200 https://www.waitrose.com/ecom/shop/browse/groceries/toiletries_health_and_beauty/hair_care/shampoo>
{'client': 'Waitrose', 'time': datetime.datetime(2020, 8, 19, 22, 54, 21, 790784), 'category': 'Shampoo', 'id': 'tPp096232-49248-49249', 'prod_name': 'Aussie Mega Shampoo', 'waitrose_Qty': '300ml', 'waitrose_discounted_price': '£4.10', 'waitrose_offer_desc': None, 'waitrose_url': 'https://www.waitrose.com/ecom/shop/browse/groceries/toiletries_health_and_beauty/hair_care/shampoo', 'waitrose_rating': '2.5', 'waitrose_unit_price': '(£1.37/100ml)', 'waitrose_new_flag': None, 'waitrose_prod_name': 'Aussie Mega Shampoo 300ml', 'images': []}
DEBUG: Scraped from <200 https://www.waitrose.com/ecom/shop/browse/groceries/toiletries_health_and_beauty/hair_care/shampoo>
{'client': 'Waitrose', 'time': datetime.datetime(2020, 8, 19, 22, 54, 21, 790784), 'category': 'Shampoo', 'id': 'tPp032765-16025-16026', 'prod_name': "L'Oréal kids shampoo berry strawberry", 'waitrose_Qty': '250ml', 'waitrose_discounted_price': '£2.00', 'waitrose_offer_desc': None, 'waitrose_url': 'https://www.waitrose.com/ecom/shop/browse/groceries/toiletries_health_and_beauty/hair_care/shampoo', 'waitrose_rating': None, 'waitrose_unit_price': '(80p/100ml)', 'waitrose_new_flag': None, 'waitrose_prod_name': "L'Oréal kids shampoo berry strawberry 250ml", 'images': []}
DEBUG: Scraped from <200 https://www.waitrose.com/ecom/shop/browse/groceries/toiletries_health_and_beauty/hair_care/shampoo>
{'client': 'Waitrose', 'time': datetime.datetime(2020, 8, 19, 22, 54, 21, 790784), 'category': 'Shampoo', 'id': 'tPp425163-526469-526470', 'prod_name': 'Frizz Ease Shampoo Miraculous Recovery', 'waitrose_Qty': '250ml', 'waitrose_discounted_price': '£6.00', 'waitrose_offer_desc': None, 'waitrose_url': 'https://www.waitrose.com/ecom/shop/browse/groceries/toiletries_health_and_beauty/hair_care/shampoo', 'waitrose_rating': None, 'waitrose_unit_price': '(£2.40/100ml)', 'waitrose_new_flag': None, 'waitrose_prod_name': 'Frizz Ease Shampoo Miraculous Recovery 250ml', 'images': []}
DEBUG: Scraped from <200 https://www.waitrose.com/ecom/shop/browse/groceries/toiletries_health_and_beauty/hair_care/shampoo>
{'client': 'Waitrose', 'time': datetime.datetime(2020, 8, 19, 22, 54, 21, 790784), 'category': 'Shampoo', 'id': 'tPp402915-526384-526385', 'prod_name': 'John Frieda Violet Crush Shampoo', 'waitrose_Qty': '250ml', 'waitrose_discounted_price': '£6.00', 'waitrose_offer_desc': None, 'waitrose_url': 'https://www.waitrose.com/ecom/shop/browse/groceries/toiletries_health_and_beauty/hair_care/shampoo', 'waitrose_rating': '5', 'waitrose_unit_price': '(£2.40/100ml)', 'waitrose_new_flag': None, 'waitrose_prod_name': 'John Frieda Violet Crush Shampoo 250ml', 'images': []}
DEBUG: Scraped from <200 https://www.waitrose.com/ecom/shop/browse/groceries/toiletries_health_and_beauty/hair_care/shampoo>
{'client': 'Waitrose', 'time': datetime.datetime(2020, 8, 19, 22, 54, 21, 790784), 'category': 'Shampoo', 'id': 'tPp871494-495182-495183', 'prod_name': 'DGJ Hairjuice Shampoo', 'waitrose_Qty': '250ml', 'waitrose_discounted_price': '£5.00', 'waitrose_offer_desc': None, 'waitrose_url': 'https://www.waitrose.com/ecom/shop/browse/groceries/toiletries_health_and_beauty/hair_care/shampoo', 'waitrose_rating': '5', 'waitrose_unit_price': '(£2/100ml)', 'waitrose_new_flag': None, 'waitrose_prod_name': 'DGJ Hairjuice Shampoo 250ml', 'images': []}
DEBUG: Scraped from <200 https://www.waitrose.com/ecom/shop/browse/groceries/toiletries_health_and_beauty/hair_care/shampoo>
{'client': 'Waitrose', 'time': datetime.datetime(2020, 8, 19, 22, 54, 21, 790784), 'category': 'Shampoo', 'id': 'tPp853982-154925-154926', 'prod_name': 'Batiste blush dry shampoo', 'waitrose_Qty': '200ml', 'waitrose_discounted_price': '£3.00', 'waitrose_offer_desc': None, 'waitrose_url': 'https://www.waitrose.com/ecom/shop/browse/groceries/toiletries_health_and_beauty/hair_care/shampoo', 'waitrose_rating': '4', 'waitrose_unit_price': '(£1.50/100ml)', 'waitrose_new_flag': None, 'waitrose_prod_name': 'Batiste blush dry shampoo 200ml', 'images': []}
DEBUG: Scraped from <200 https://www.waitrose.com/ecom/shop/browse/groceries/toiletries_health_and_beauty/hair_care/shampoo>
{'client': 'Waitrose', 'time': datetime.datetime(2020, 8, 19, 22, 54, 21, 790784), 'category': 'Shampoo', 'id': 'tPp694392-98595-98596', 'prod_name': 'Head & Shoulders Shampoo Cool Menthol', 'waitrose_Qty': '500ml', 'waitrose_discounted_price': '£3.43', 'waitrose_offer_desc': 'Save 1/3.', 'waitrose_url': 'https://www.waitrose.com/ecom/shop/browse/groceries/toiletries_health_and_beauty/hair_care/shampoo', 'waitrose_rating': None, 'waitrose_unit_price': '(68.6p/100ml)', 'waitrose_new_flag': None, 'waitrose_prod_name': 'Head & Shoulders Shampoo Cool Menthol 500ml', 'images': []}
DEBUG: Scraped from <200 https://www.waitrose.com/ecom/shop/browse/groceries/toiletries_health_and_beauty/hair_care/shampoo>
{'client': 'Waitrose', 'time': datetime.datetime(2020, 8, 19, 22, 54, 21, 790784), 'category': 'Shampoo', 'id': 'tPp554742-695503-695504', 'prod_name': 'Umberto Giannini Violet Shampoo', 'waitrose_Qty': '250ml', 'waitrose_discounted_price': '£8.00', 'waitrose_offer_desc': None, 'waitrose_url': 'https://www.waitrose.com/ecom/shop/browse/groceries/toiletries_health_and_beauty/hair_care/shampoo', 'waitrose_rating': None, 'waitrose_unit_price': '(£3.20/100ml)', 'waitrose_new_flag': None, 'waitrose_prod_name': 'Umberto Giannini Violet Shampoo 250ml', 'images': []}
DEBUG: Scraped from <200 https://www.waitrose.com/ecom/shop/browse/groceries/toiletries_health_and_beauty/hair_care/shampoo>
{'client': 'Waitrose', 'time': datetime.datetime(2020, 8, 19, 22, 54, 21, 790784), 'category': 'Shampoo', 'id': 'tPp809690-337194-337195', 'prod_name': 'Head & Shoulders 2in1 Itchy Scalp', 'waitrose_Qty': '450ml', 'waitrose_discounted_price': '£3.43', 'waitrose_offer_desc': 'Save 1/3.', 'waitrose_url': 'https://www.waitrose.com/ecom/shop/browse/groceries/toiletries_health_and_beauty/hair_care/shampoo', 'waitrose_rating': '5', 'waitrose_unit_price': '(76.2p/100ml)', 'waitrose_new_flag': None, 'waitrose_prod_name': 'Head & Shoulders 2in1 Itchy Scalp 450ml', 'images': []}
DEBUG: Scraped from <200 https://www.waitrose.com/ecom/shop/browse/groceries/toiletries_health_and_beauty/hair_care/shampoo>
{'client': 'Waitrose', 'time': datetime.datetime(2020, 8, 19, 22, 54, 21, 790784), 'category': 'Shampoo', 'id': 'tPp725068-723986-723987', 'prod_name': 'Faith in Nature Lavender Shampoo', 'waitrose_Qty': '400ml', 'waitrose_discounted_price': '£5.79', 'waitrose_offer_desc': None, 'waitrose_url': 'https://www.waitrose.com/ecom/shop/browse/groceries/toiletries_health_and_beauty/hair_care/shampoo', 'waitrose_rating': None, 'waitrose_unit_price': '(£1.45/100ml)', 'waitrose_new_flag': None, 'waitrose_prod_name': 'Faith in Nature Lavender Shampoo 400ml', 'images': []}
DEBUG: Scraped from <200 https://www.waitrose.com/ecom/shop/browse/groceries/toiletries_health_and_beauty/hair_care/shampoo>
{'client': 'Waitrose', 'time': datetime.datetime(2020, 8, 19, 22, 54, 21, 790784), 'category': 'Shampoo', 'id': 'tPp819563-729788-729789', 'prod_name': 'Aussie Blonde Purple Shampoo', 'waitrose_Qty': '290ml', 'waitrose_discounted_price': '£5.99', 'waitrose_offer_desc': None, 'waitrose_url': 'https://www.waitrose.com/ecom/shop/browse/groceries/toiletries_health_and_beauty/hair_care/shampoo', 'waitrose_rating': None, 'waitrose_unit_price': '(£2.07/100ml)', 'waitrose_new_flag': 'NEW', 'waitrose_prod_name': 'Aussie Blonde Purple Shampoo 290ml', 'images': []}
DEBUG: Scraped from <200 https://www.waitrose.com/ecom/shop/browse/groceries/toiletries_health_and_beauty/hair_care/shampoo>
{'client': 'Waitrose', 'time': datetime.datetime(2020, 8, 19, 22, 54, 21, 790784), 'category': 'Shampoo', 'id': 'tPp847454-724141-724142', 'prod_name': 'Faith in Nature Grapefruit Shampoo', 'waitrose_Qty': '400ml', 'waitrose_discounted_price': '£5.79', 'waitrose_offer_desc': None, 'waitrose_url': 'https://www.waitrose.com/ecom/shop/browse/groceries/toiletries_health_and_beauty/hair_care/shampoo', 'waitrose_rating': None, 'waitrose_unit_price': '(£1.45/100ml)', 'waitrose_new_flag': None, 'waitrose_prod_name': 'Faith in Nature Grapefruit Shampoo 400ml', 'images': []}
DEBUG: Scraped from <200 https://www.waitrose.com/ecom/shop/browse/groceries/toiletries_health_and_beauty/hair_care/shampoo>
{'client': 'Waitrose', 'time': datetime.datetime(2020, 8, 19, 22, 54, 21, 790784), 'category': 'Shampoo', 'id': 'tPp775870-724036-724037', 'prod_name': 'Faith in Nature Wild Rose Shampoo', 'waitrose_Qty': '400ml', 'waitrose_discounted_price': '£5.79', 'waitrose_offer_desc': None, 'waitrose_url': 'https://www.waitrose.com/ecom/shop/browse/groceries/toiletries_health_and_beauty/hair_care/shampoo', 'waitrose_rating': '5', 'waitrose_unit_price': '(£1.45/100ml)', 'waitrose_new_flag': None, 'waitrose_prod_name': 'Faith in Nature Wild Rose Shampoo 400ml', 'images': []}
DEBUG: Scraped from <200 https://www.waitrose.com/ecom/shop/browse/groceries/toiletries_health_and_beauty/hair_care/shampoo>
{'client': 'Waitrose', 'time': datetime.datetime(2020, 8, 19, 22, 54, 21, 790784), 'category': 'Shampoo', 'id': 'tPp812614-707138-707139', 'prod_name': 'Beco Spring Meadow Shampoo Bar', 'waitrose_Qty': '90g', 'waitrose_discounted_price': '£4.00', 'waitrose_offer_desc': None, 'waitrose_url': 'https://www.waitrose.com/ecom/shop/browse/groceries/toiletries_health_and_beauty/hair_care/shampoo', 'waitrose_rating': '3.3', 'waitrose_unit_price': '(£4.45/100g)', 'waitrose_new_flag': None, 'waitrose_prod_name': 'Beco Spring Meadow Shampoo Bar 90g', 'images': []}
DEBUG: Scraped from <200 https://www.waitrose.com/ecom/shop/browse/groceries/toiletries_health_and_beauty/hair_care/shampoo>
{'client': 'Waitrose', 'time': datetime.datetime(2020, 8, 19, 22, 54, 21, 790784), 'category': 'Shampoo', 'id': 'tPp735040-695707-695708', 'prod_name': 'Vosene Kids 3in1 Tea Tree Shampoo', 'waitrose_Qty': '250ml', 'waitrose_discounted_price': '£2.50', 'waitrose_offer_desc': None, 'waitrose_url': 'https://www.waitrose.com/ecom/shop/browse/groceries/toiletries_health_and_beauty/hair_care/shampoo', 'waitrose_rating': None, 'waitrose_unit_price': '(£1/100ml)', 'waitrose_new_flag': None, 'waitrose_prod_name': 'Vosene Kids 3in1 Tea Tree Shampoo 250ml', 'images': []}
DEBUG: Scraped from <200 https://www.waitrose.com/ecom/shop/browse/groceries/toiletries_health_and_beauty/hair_care/shampoo>
{'client': 'Waitrose', 'time': datetime.datetime(2020, 8, 19, 22, 54, 21, 790784), 'category': 'Shampoo', 'id': 'tPp756229-563906-563907', 'prod_name': 'Head & Shoulders 2 in 1 Total Care', 'waitrose_Qty': '225ml', 'waitrose_discounted_price': '£3.00', 'waitrose_offer_desc': None, 'waitrose_url': 'https://www.waitrose.com/ecom/shop/browse/groceries/toiletries_health_and_beauty/hair_care/shampoo', 'waitrose_rating': None, 'waitrose_unit_price': '(£1.34/100ml)', 'waitrose_new_flag': None, 'waitrose_prod_name': 'Head & Shoulders 2 in 1 Total Care 225ml', 'images': []}
DEBUG: Scraped from <200 https://www.waitrose.com/ecom/shop/browse/groceries/toiletries_health_and_beauty/hair_care/shampoo>
{'client': 'Waitrose', 'time': datetime.datetime(2020, 8, 19, 22, 54, 21, 790784), 'category': 'Shampoo', 'id': 'tPp492090-729670-729671', 'prod_name': 'Percy & Reed Volumising Shampoo', 'waitrose_Qty': '250ml', 'waitrose_discounted_price': '£12.00', 'waitrose_offer_desc': 'Save 1/3.', 'waitrose_url': 'https://www.waitrose.com/ecom/shop/browse/groceries/toiletries_health_and_beauty/hair_care/shampoo', 'waitrose_rating': None, 'waitrose_unit_price': '(£4.80/100ml)', 'waitrose_new_flag': 'NEW', 'waitrose_prod_name': 'Percy & Reed Volumising Shampoo 250ml', 'images': []}
DEBUG: Scraped from <200 https://www.waitrose.com/ecom/shop/browse/groceries/toiletries_health_and_beauty/hair_care/shampoo>
{'client': 'Waitrose', 'time': datetime.datetime(2020, 8, 19, 22, 54, 21, 790784), 'category': 'Shampoo', 'id': 'tPp405353-729640-729641', 'prod_name': 'Percy & Reed No-Fuss Dry Shampoo', 'waitrose_Qty': '200ml', 'waitrose_discounted_price': '£10.00', 'waitrose_offer_desc': 'Save 1/3.', 'waitrose_url': 'https://www.waitrose.com/ecom/shop/browse/groceries/toiletries_health_and_beauty/hair_care/shampoo', 'waitrose_rating': None, 'waitrose_unit_price': '(£5/100ml)', 'waitrose_new_flag': 'NEW', 'waitrose_prod_name': 'Percy & Reed No-Fuss Dry Shampoo 200ml', 'images': []}
DEBUG: Scraped from <200 https://www.waitrose.com/ecom/shop/browse/groceries/toiletries_health_and_beauty/hair_care/shampoo>
{'client': 'Waitrose', 'time': datetime.datetime(2020, 8, 19, 22, 54, 21, 790784), 'category': 'Shampoo', 'id': 'tPp889100-330444-330445', 'prod_name': 'AOrganic Rosemary Shampoo', 'waitrose_Qty': '325ml', 'waitrose_discounted_price': '£7.00', 'waitrose_offer_desc': 'Add 2 for £11', 'waitrose_url': 'https://www.waitrose.com/ecom/shop/browse/groceries/toiletries_health_and_beauty/hair_care/shampoo', 'waitrose_rating': '2.5', 'waitrose_unit_price': '(£2.16/100ml)', 'waitrose_new_flag': None, 'waitrose_prod_name': 'AOrganic Rosemary Shampoo 325ml', 'images': []}
DEBUG: Scraped from <200 https://www.waitrose.com/ecom/shop/browse/groceries/toiletries_health_and_beauty/hair_care/shampoo>
{'client': 'Waitrose', 'time': datetime.datetime(2020, 8, 19, 22, 54, 21, 790784), 'category': 'Shampoo', 'id': 'tPp581644-729702-729703', 'prod_name': 'Percy & Reed Hydrating Shampoo', 'waitrose_Qty': '250ml', 'waitrose_discounted_price': '£12.00', 'waitrose_offer_desc': 'Save 1/3.', 'waitrose_url': 'https://www.waitrose.com/ecom/shop/browse/groceries/toiletries_health_and_beauty/hair_care/shampoo', 'waitrose_rating': None, 'waitrose_unit_price': '(£4.80/100ml)', 'waitrose_new_flag': 'NEW', 'waitrose_prod_name': 'Percy & Reed Hydrating Shampoo 250ml', 'images': []}
DEBUG: Scraped from <200 https://www.waitrose.com/ecom/shop/browse/groceries/toiletries_health_and_beauty/hair_care/shampoo>
{'client': 'Waitrose', 'time': datetime.datetime(2020, 8, 19, 22, 54, 21, 790784), 'category': 'Shampoo', 'id': 'tPp838287-695984-695985', 'prod_name': 'Pantene Hair Biology Illuminating Mask', 'waitrose_Qty': '160ml', 'waitrose_discounted_price': '£2.99', 'waitrose_offer_desc': 'Save 1/3.', 'waitrose_url': 'https://www.waitrose.com/ecom/shop/browse/groceries/toiletries_health_and_beauty/hair_care/shampoo', 'waitrose_rating': None, 'waitrose_unit_price': '(£1.87/100ml)', 'waitrose_new_flag': None, 'waitrose_prod_name': 'Pantene Hair Biology Illuminating Mask 160ml', 'images': []}
DEBUG: Scraped from <200 https://www.waitrose.com/ecom/shop/browse/groceries/toiletries_health_and_beauty/hair_care/shampoo>
{'client': 'Waitrose', 'time': datetime.datetime(2020, 8, 19, 22, 54, 21, 790784), 'category': 'Shampoo', 'id': 'tPp888765-695909-695910', 'prod_name': 'Umberto Giannini Curl Jelly Wash', 'waitrose_Qty': '250ml', 'waitrose_discounted_price': '£8.00', 'waitrose_offer_desc': None, 'waitrose_url': 'https://www.waitrose.com/ecom/shop/browse/groceries/toiletries_health_and_beauty/hair_care/shampoo', 'waitrose_rating': '2.5', 'waitrose_unit_price': '(£3.20/100ml)', 'waitrose_new_flag': None, 'waitrose_prod_name': 'Umberto Giannini Curl Jelly Wash 250ml', 'images': []}
DEBUG: Scraped from <200 https://www.waitrose.com/ecom/shop/browse/groceries/toiletries_health_and_beauty/hair_care/shampoo>
{'client': 'Waitrose', 'time': datetime.datetime(2020, 8, 19, 22, 54, 21, 790784), 'category': 'Shampoo', 'id': 'tPp829437-695831-695832', 'prod_name': 'Umberto Giannini Grow Long Shampoo', 'waitrose_Qty': '250ml', 'waitrose_discounted_price': '£8.00', 'waitrose_offer_desc': None, 'waitrose_url': 'https://www.waitrose.com/ecom/shop/browse/groceries/toiletries_health_and_beauty/hair_care/shampoo', 'waitrose_rating': '5', 'waitrose_unit_price': '(£3.20/100ml)', 'waitrose_new_flag': None, 'waitrose_prod_name': 'Umberto Giannini Grow Long Shampoo 250ml', 'images': []}
DEBUG: Scraped from <200 https://www.waitrose.com/ecom/shop/browse/groceries/toiletries_health_and_beauty/hair_care/shampoo>
{'client': 'Waitrose', 'time': datetime.datetime(2020, 8, 19, 22, 54, 21, 790784), 'category': 'Shampoo', 'id': 'tPp734002-695705-695706', 'prod_name': 'Percy & Reed Wonder Wash Shampoo', 'waitrose_Qty': '250ml', 'waitrose_discounted_price': '£12.00', 'waitrose_offer_desc': 'Save 1/3.', 'waitrose_url': 'https://www.waitrose.com/ecom/shop/browse/groceries/toiletries_health_and_beauty/hair_care/shampoo', 'waitrose_rating': None, 'waitrose_unit_price': '(£4.80/100ml)', 'waitrose_new_flag': None, 'waitrose_prod_name': 'Percy & Reed Wonder Wash Shampoo 250ml', 'images': []}
DEBUG: Scraped from <200 https://www.waitrose.com/ecom/shop/browse/groceries/toiletries_health_and_beauty/hair_care/shampoo>
{'client': 'Waitrose', 'time': datetime.datetime(2020, 8, 19, 22, 54, 21, 790784), 'category': 'Shampoo', 'id': 'tPp803275-329016-329017', 'prod_name': 'AOrganic Peppermint Shampoo', 'waitrose_Qty': '325ml', 'waitrose_discounted_price': '£7.00', 'waitrose_offer_desc': 'Add 2 for £11', 'waitrose_url': 'https://www.waitrose.com/ecom/shop/browse/groceries/toiletries_health_and_beauty/hair_care/shampoo', 'waitrose_rating': None, 'waitrose_unit_price': '(£2.16/100ml)', 'waitrose_new_flag': None, 'waitrose_prod_name': 'AOrganic Peppermint Shampoo 325ml', 'images': []}
DEBUG: Scraped from <200 https://www.waitrose.com/ecom/shop/browse/groceries/toiletries_health_and_beauty/hair_care/shampoo>
{'client': 'Waitrose', 'time': datetime.datetime(2020, 8, 19, 22, 54, 21, 790784), 'category': 'Shampoo', 'id': 'tPp844892-695845-695846', 'prod_name': 'Head & Shoulders Colour Protect', 'waitrose_Qty': '400ml', 'waitrose_discounted_price': '£5.00', 'waitrose_offer_desc': None, 'waitrose_url': 'https://www.waitrose.com/ecom/shop/browse/groceries/toiletries_health_and_beauty/hair_care/shampoo', 'waitrose_rating': None, 'waitrose_unit_price': '(£1.25/100ml)', 'waitrose_new_flag': None, 'waitrose_prod_name': 'Head & Shoulders Colour Protect 400ml', 'images': []}
DEBUG: Scraped from <200 https://www.waitrose.com/ecom/shop/browse/groceries/toiletries_health_and_beauty/hair_care/shampoo>
{'client': 'Waitrose', 'time': datetime.datetime(2020, 8, 19, 22, 54, 21, 790784), 'category': 'Shampoo', 'id': 'tPp711086-652694-652695', 'prod_name': 'Head & Shoulders Supreme Moisture', 'waitrose_Qty': '400ml', 'waitrose_discounted_price': '£5.15', 'waitrose_offer_desc': None, 'waitrose_url': 'https://www.waitrose.com/ecom/shop/browse/groceries/toiletries_health_and_beauty/hair_care/shampoo', 'waitrose_rating': None, 'waitrose_unit_price': '(£1.29/100ml)', 'waitrose_new_flag': None, 'waitrose_prod_name': 'Head & Shoulders Supreme Moisture 400ml', 'images': []}
DEBUG: Scraped from <200 https://www.waitrose.com/ecom/shop/browse/groceries/toiletries_health_and_beauty/hair_care/shampoo>
{'client': 'Waitrose', 'time': datetime.datetime(2020, 8, 19, 22, 54, 21, 790784), 'category': 'Shampoo', 'id': 'tPp895244-495222-495223', 'prod_name': 'DGJ Clarifying Shampoo', 'waitrose_Qty': '250ml', 'waitrose_discounted_price': '£5.00', 'waitrose_offer_desc': None, 'waitrose_url': 'https://www.waitrose.com/ecom/shop/browse/groceries/toiletries_health_and_beauty/hair_care/shampoo', 'waitrose_rating': None, 'waitrose_unit_price': '(£2/100ml)', 'waitrose_new_flag': None, 'waitrose_prod_name': 'DGJ Clarifying Shampoo 250ml', 'images': []}
DEBUG: Scraped from <200 https://www.waitrose.com/ecom/shop/browse/groceries/toiletries_health_and_beauty/hair_care/shampoo>
{'client': 'Waitrose', 'time': datetime.datetime(2020, 8, 19, 22, 54, 21, 790784), 'category': 'Shampoo', 'id': 'tPp083596-42439-42440', 'prod_name': 'Aussie Colour Mate Shampoo', 'waitrose_Qty': '300ml', 'waitrose_discounted_price': '£4.10', 'waitrose_offer_desc': None, 'waitrose_url': 'https://www.waitrose.com/ecom/shop/browse/groceries/toiletries_health_and_beauty/hair_care/shampoo', 'waitrose_rating': '5', 'waitrose_unit_price': '(£1.37/100ml)', 'waitrose_new_flag': None, 'waitrose_prod_name': 'Aussie Colour Mate Shampoo 300ml', 'images': []}
DEBUG: Scraped from <200 https://www.waitrose.com/ecom/shop/browse/groceries/toiletries_health_and_beauty/hair_care/shampoo>
{'client': 'Waitrose', 'time': datetime.datetime(2020, 8, 19, 22, 54, 21, 790784), 'category': 'Shampoo', 'id': 'tPp686838-346630-346631', 'prod_name': 'Richard Ward argan antiageing shampoo', 'waitrose_Qty': '250ml', 'waitrose_discounted_price': '£6.00', 'waitrose_offer_desc': None, 'waitrose_url': 'https://www.waitrose.com/ecom/shop/browse/groceries/toiletries_health_and_beauty/hair_care/shampoo', 'waitrose_rating': '4.1', 'waitrose_unit_price': '(£2.40/100ml)', 'waitrose_new_flag': None, 'waitrose_prod_name': 'Richard Ward argan antiageing shampoo 250ml', 'images': []}
DEBUG: Scraped from <200 https://www.waitrose.com/ecom/shop/browse/groceries/toiletries_health_and_beauty/hair_care/shampoo>
{'client': 'Waitrose', 'time': datetime.datetime(2020, 8, 19, 22, 54, 21, 790784), 'category': 'Shampoo', 'id': 'tPp819340-720339-720340', 'prod_name': 'Head & Shoulders Supreme Shampoo', 'waitrose_Qty': '400ml', 'waitrose_discounted_price': '£5.00', 'waitrose_offer_desc': None, 'waitrose_url': 'https://www.waitrose.com/ecom/shop/browse/groceries/toiletries_health_and_beauty/hair_care/shampoo', 'waitrose_rating': None, 'waitrose_unit_price': '(£1.25/100ml)', 'waitrose_new_flag': None, 'waitrose_prod_name': 'Head & Shoulders Supreme Shampoo 400ml', 'images': []}
DEBUG: Scraped from <200 https://www.waitrose.com/ecom/shop/browse/groceries/toiletries_health_and_beauty/hair_care/shampoo>
{'client': 'Waitrose', 'time': datetime.datetime(2020, 8, 19, 22, 54, 21, 790784), 'category': 'Shampoo', 'id': 'tPp538896-720173-720174', 'prod_name': 'Herbal Essences Argan Oil Shampoo', 'waitrose_Qty': '250ml', 'waitrose_discounted_price': '£3.00', 'waitrose_offer_desc': None, 'waitrose_url': 'https://www.waitrose.com/ecom/shop/browse/groceries/toiletries_health_and_beauty/hair_care/shampoo', 'waitrose_rating': None, 'waitrose_unit_price': '(£1.20/100ml)', 'waitrose_new_flag': None, 'waitrose_prod_name': 'Herbal Essences Argan Oil Shampoo 250ml', 'images': []}
DEBUG: Scraped from <200 https://www.waitrose.com/ecom/shop/browse/groceries/toiletries_health_and_beauty/hair_care/shampoo>
{'client': 'Waitrose', 'time': datetime.datetime(2020, 8, 19, 22, 54, 21, 790784), 'category': 'Shampoo', 'id': 'tPp502437-720153-720154', 'prod_name': 'Aussie Calm The Frizz Shampoo', 'waitrose_Qty': '300ml', 'waitrose_discounted_price': '£4.00', 'waitrose_offer_desc': None, 'waitrose_url': 'https://www.waitrose.com/ecom/shop/browse/groceries/toiletries_health_and_beauty/hair_care/shampoo', 'waitrose_rating': None, 'waitrose_unit_price': '(£1.34/100ml)', 'waitrose_new_flag': None, 'waitrose_prod_name': 'Aussie Calm The Frizz Shampoo 300ml', 'images': []}
DEBUG: Scraped from <200 https://www.waitrose.com/ecom/shop/browse/groceries/toiletries_health_and_beauty/hair_care/shampoo>
{'client': 'Waitrose', 'time': datetime.datetime(2020, 8, 19, 22, 54, 21, 790784), 'category': 'Shampoo', 'id': 'tPp852396-695857-695858', 'prod_name': 'BECO. Honey Blossom Shampoo Bar', 'waitrose_Qty': '90g', 'waitrose_discounted_price': '£4.00', 'waitrose_offer_desc': None, 'waitrose_url': 'https://www.waitrose.com/ecom/shop/browse/groceries/toiletries_health_and_beauty/hair_care/shampoo', 'waitrose_rating': '4.9', 'waitrose_unit_price': '(£4.45/100g)', 'waitrose_new_flag': None, 'waitrose_prod_name': 'BECO. Honey Blossom Shampoo Bar 90g', 'images': []}
DEBUG: Scraped from <200 https://www.waitrose.com/ecom/shop/browse/groceries/toiletries_health_and_beauty/hair_care/shampoo>
{'client': 'Waitrose', 'time': datetime.datetime(2020, 8, 19, 22, 54, 21, 790784), 'category': 'Shampoo', 'id': 'tPp584599-695531-695532', 'prod_name': 'Batiste Dry Shampoo Volume', 'waitrose_Qty': '200ml', 'waitrose_discounted_price': '£4.25', 'waitrose_offer_desc': None, 'waitrose_url': 'https://www.waitrose.com/ecom/shop/browse/groceries/toiletries_health_and_beauty/hair_care/shampoo', 'waitrose_rating': None, 'waitrose_unit_price': '(£2.13/100ml)', 'waitrose_new_flag': None, 'waitrose_prod_name': 'Batiste Dry Shampoo Volume 200ml', 'images': []}
DEBUG: Scraped from <200 https://www.waitrose.com/ecom/shop/browse/groceries/toiletries_health_and_beauty/hair_care/shampoo>
{'client': 'Waitrose', 'time': datetime.datetime(2020, 8, 19, 22, 54, 21, 790784), 'category': 'Shampoo', 'id': 'tPp502050-631293-631294', 'prod_name': 'Hask Argan Oil Repairing Shampoo', 'waitrose_Qty': '355ml', 'waitrose_discounted_price': '£7.00', 'waitrose_offer_desc': None, 'waitrose_url': 'https://www.waitrose.com/ecom/shop/browse/groceries/toiletries_health_and_beauty/hair_care/shampoo', 'waitrose_rating': '3.7', 'waitrose_unit_price': '(£1.98/100ml)', 'waitrose_new_flag': None, 'waitrose_prod_name': 'Hask Argan Oil Repairing Shampoo 355ml', 'images': []}
DEBUG: Scraped from <200 https://www.waitrose.com/ecom/shop/browse/groceries/toiletries_health_and_beauty/hair_care/shampoo>
{'client': 'Waitrose', 'time': datetime.datetime(2020, 8, 19, 22, 54, 21, 790784), 'category': 'Shampoo', 'id': 'tPp065299-33095-33096', 'prod_name': 'Frizz Ease Dream Curls Shampoo', 'waitrose_Qty': '250ml', 'waitrose_discounted_price': '£6.00', 'waitrose_offer_desc': None, 'waitrose_url': 'https://www.waitrose.com/ecom/shop/browse/groceries/toiletries_health_and_beauty/hair_care/shampoo', 'waitrose_rating': '5', 'waitrose_unit_price': '(£2.40/100ml)', 'waitrose_new_flag': None, 'waitrose_prod_name': 'Frizz Ease Dream Curls Shampoo 250ml', 'images': []}
DEBUG: Scraped from <200 https://www.waitrose.com/ecom/shop/browse/groceries/toiletries_health_and_beauty/hair_care/shampoo>
{'client': 'Waitrose', 'time': datetime.datetime(2020, 8, 19, 22, 54, 21, 790784), 'category': 'Shampoo', 'id': 'tPp563832-295347-295348', 'prod_name': 'Argan + Argan Oil 5Oil Miracle Shampoo', 'waitrose_Qty': '300ml', 'waitrose_discounted_price': '£6.00', 'waitrose_offer_desc': None, 'waitrose_url': 'https://www.waitrose.com/ecom/shop/browse/groceries/toiletries_health_and_beauty/hair_care/shampoo', 'waitrose_rating': '5', 'waitrose_unit_price': '(£2/100ml)', 'waitrose_new_flag': None, 'waitrose_prod_name': 'Argan + Argan Oil 5Oil Miracle Shampoo 300ml', 'images': []}
DEBUG: Scraped from <200 https://www.waitrose.com/ecom/shop/browse/groceries/toiletries_health_and_beauty/hair_care/shampoo>
{'client': 'Waitrose', 'time': datetime.datetime(2020, 8, 19, 22, 54, 21, 790784), 'category': 'Shampoo', 'id': 'tPp051100-25409-25410', 'prod_name': 'Sheer Blonde Moisturising Shampoo', 'waitrose_Qty': '250ml', 'waitrose_discounted_price': '£6.00', 'waitrose_offer_desc': None, 'waitrose_url': 'https://www.waitrose.com/ecom/shop/browse/groceries/toiletries_health_and_beauty/hair_care/shampoo', 'waitrose_rating': '3', 'waitrose_unit_price': '(£2.40/100ml)', 'waitrose_new_flag': None, 'waitrose_prod_name': 'Sheer Blonde Moisturising Shampoo 250ml', 'images': []}
DEBUG: Scraped from <200 https://www.waitrose.com/ecom/shop/browse/groceries/toiletries_health_and_beauty/hair_care/shampoo>
{'client': 'Waitrose', 'time': datetime.datetime(2020, 8, 19, 22, 54, 21, 790784), 'category': 'Shampoo', 'id': 'tPp583946-82773-82774', 'prod_name': "Neal's Yard Lavender Shampoo", 'waitrose_Qty': '200ml', 'waitrose_discounted_price': '£11.50', 'waitrose_offer_desc': None, 'waitrose_url': 'https://www.waitrose.com/ecom/shop/browse/groceries/toiletries_health_and_beauty/hair_care/shampoo', 'waitrose_rating': '2.3', 'waitrose_unit_price': '(£5.75/100ml)', 'waitrose_new_flag': None, 'waitrose_prod_name': "Neal's Yard Lavender Shampoo 200ml", 'images': []}
DEBUG: Scraped from <200 https://www.waitrose.com/ecom/shop/browse/groceries/toiletries_health_and_beauty/hair_care/shampoo>
{'client': 'Waitrose', 'time': datetime.datetime(2020, 8, 19, 22, 54, 21, 790784), 'category': 'Shampoo', 'id': 'tPp884562-720413-720414', 'prod_name': 'Maui Moisture Shea Butter Shampoo', 'waitrose_Qty': '385ml', 'waitrose_discounted_price': '£9.00', 'waitrose_offer_desc': None, 'waitrose_url': 'https://www.waitrose.com/ecom/shop/browse/groceries/toiletries_health_and_beauty/hair_care/shampoo', 'waitrose_rating': None, 'waitrose_unit_price': '(£2.34/100ml)', 'waitrose_new_flag': None, 'waitrose_prod_name': 'Maui Moisture Shea Butter Shampoo 385ml', 'images': []}
DEBUG: Scraped from <200 https://www.waitrose.com/ecom/shop/browse/groceries/toiletries_health_and_beauty/hair_care/shampoo>
{'client': 'Waitrose', 'time': datetime.datetime(2020, 8, 19, 22, 54, 21, 790784), 'category': 'Shampoo', 'id': 'tPp547359-720175-720176', 'prod_name': 'Maui Moisture Bamboo Shampoo', 'waitrose_Qty': '385ml', 'waitrose_discounted_price': '£9.00', 'waitrose_offer_desc': None, 'waitrose_url': 'https://www.waitrose.com/ecom/shop/browse/groceries/toiletries_health_and_beauty/hair_care/shampoo', 'waitrose_rating': '5', 'waitrose_unit_price': '(£2.34/100ml)', 'waitrose_new_flag': None, 'waitrose_prod_name': 'Maui Moisture Bamboo Shampoo 385ml', 'images': []}
DEBUG: Scraped from <200 https://www.waitrose.com/ecom/shop/browse/groceries/toiletries_health_and_beauty/hair_care/shampoo>
{'client': 'Waitrose', 'time': datetime.datetime(2020, 8, 19, 22, 54, 21, 790784), 'category': 'Shampoo', 'id': 'tPp703131-695681-695682', 'prod_name': 'Head & Shoulders Repair Shampoo', 'waitrose_Qty': '400ml', 'waitrose_discounted_price': '£5.00', 'waitrose_offer_desc': None, 'waitrose_url': 'https://www.waitrose.com/ecom/shop/browse/groceries/toiletries_health_and_beauty/hair_care/shampoo', 'waitrose_rating': '4', 'waitrose_unit_price': '(£1.25/100ml)', 'waitrose_new_flag': None, 'waitrose_prod_name': 'Head & Shoulders Repair Shampoo 400ml', 'images': []}
DEBUG: Scraped from <200 https://www.waitrose.com/ecom/shop/browse/groceries/toiletries_health_and_beauty/hair_care/shampoo>
{'client': 'Waitrose', 'time': datetime.datetime(2020, 8, 19, 22, 54, 21, 790784), 'category': 'Shampoo', 'id': 'tPp649492-695625-695626', 'prod_name': 'Vosene Kids 2in1 Melon Shampoo', 'waitrose_Qty': '250ml', 'waitrose_discounted_price': '£2.00', 'waitrose_offer_desc': None, 'waitrose_url': 'https://www.waitrose.com/ecom/shop/browse/groceries/toiletries_health_and_beauty/hair_care/shampoo', 'waitrose_rating': None, 'waitrose_unit_price': '(80p/100ml)', 'waitrose_new_flag': None, 'waitrose_prod_name': 'Vosene Kids 2in1 Melon Shampoo 250ml', 'images': []}
DEBUG: Scraped from <200 https://www.waitrose.com/ecom/shop/browse/groceries/toiletries_health_and_beauty/hair_care/shampoo>
{'client': 'Waitrose', 'time': datetime.datetime(2020, 8, 19, 22, 54, 21, 790784), 'category': 'Shampoo', 'id': 'tPp631829-695597-695598', 'prod_name': 'Noughty Detox Dynamo Shampoo', 'waitrose_Qty': '250ml', 'waitrose_discounted_price': '£7.00', 'waitrose_offer_desc': None, 'waitrose_url': 'https://www.waitrose.com/ecom/shop/browse/groceries/toiletries_health_and_beauty/hair_care/shampoo', 'waitrose_rating': None, 'waitrose_unit_price': '(£2.80/100ml)', 'waitrose_new_flag': None, 'waitrose_prod_name': 'Noughty Detox Dynamo Shampoo 250ml', 'images': []}
DEBUG: Scraped from <200 https://www.waitrose.com/ecom/shop/browse/groceries/toiletries_health_and_beauty/hair_care/shampoo>
{'client': 'Waitrose', 'time': datetime.datetime(2020, 8, 19, 22, 54, 21, 790784), 'category': 'Shampoo', 'id': 'tPp530991-695493-695494', 'prod_name': 'John Frieda Shampoo Detox & Repair', 'waitrose_Qty': '250ml', 'waitrose_discounted_price': '£6.00', 'waitrose_offer_desc': None, 'waitrose_url': 'https://www.waitrose.com/ecom/shop/browse/groceries/toiletries_health_and_beauty/hair_care/shampoo', 'waitrose_rating': None, 'waitrose_unit_price': '(£2.40/100ml)', 'waitrose_new_flag': None, 'waitrose_prod_name': 'John Frieda Shampoo Detox & Repair 250ml', 'images': []}
DEBUG: Scraped from <200 https://www.waitrose.com/ecom/shop/browse/groceries/toiletries_health_and_beauty/hair_care/shampoo>
{'client': 'Waitrose', 'time': datetime.datetime(2020, 8, 19, 22, 54, 21, 790784), 'category': 'Shampoo', 'id': 'tPp453160-695433-695434', 'prod_name': 'Argan+ Long & Strong Shampoo', 'waitrose_Qty': '300ml', 'waitrose_discounted_price': '£6.00', 'waitrose_offer_desc': None, 'waitrose_url': 'https://www.waitrose.com/ecom/shop/browse/groceries/toiletries_health_and_beauty/hair_care/shampoo', 'waitrose_rating': None, 'waitrose_unit_price': '(£2/100ml)', 'waitrose_new_flag': None, 'waitrose_prod_name': 'Argan+ Long & Strong Shampoo 300ml', 'images': []}
DEBUG: Scraped from <200 https://www.waitrose.com/ecom/shop/browse/groceries/toiletries_health_and_beauty/hair_care/shampoo>
{'client': 'Waitrose', 'time': datetime.datetime(2020, 8, 19, 22, 54, 21, 790784), 'category': 'Shampoo', 'id': 'tPp414862-695397-695398', 'prod_name': 'Noughty Wave Hello Shampoo', 'waitrose_Qty': '250ml', 'waitrose_discounted_price': '£7.00', 'waitrose_offer_desc': None, 'waitrose_url': 'https://www.waitrose.com/ecom/shop/browse/groceries/toiletries_health_and_beauty/hair_care/shampoo', 'waitrose_rating': None, 'waitrose_unit_price': '(£2.80/100ml)', 'waitrose_new_flag': None, 'waitrose_prod_name': 'Noughty Wave Hello Shampoo 250ml', 'images': []}
DEBUG: Scraped from <200 https://www.waitrose.com/ecom/shop/browse/groceries/toiletries_health_and_beauty/hair_care/shampoo>
{'client': 'Waitrose', 'time': datetime.datetime(2020, 8, 19, 22, 54, 21, 790784), 'category': 'Shampoo', 'id': 'tPp747801-683764-683765', 'prod_name': 'Aussie Shampoo Scent-sational', 'waitrose_Qty': '300ml', 'waitrose_discounted_price': '£4.00', 'waitrose_offer_desc': None, 'waitrose_url': 'https://www.waitrose.com/ecom/shop/browse/groceries/toiletries_health_and_beauty/hair_care/shampoo', 'waitrose_rating': '5', 'waitrose_unit_price': '(£1.34/100ml)', 'waitrose_new_flag': None, 'waitrose_prod_name': 'Aussie Shampoo Scent-sational 300ml', 'images': []}
DEBUG: Scraped from <200 https://www.waitrose.com/ecom/shop/browse/groceries/toiletries_health_and_beauty/hair_care/shampoo>
{'client': 'Waitrose', 'time': datetime.datetime(2020, 8, 19, 22, 54, 21, 790784), 'category': 'Shampoo', 'id': 'tPp725372-631511-631512', 'prod_name': 'Hask Moni Coconut Oil Shampoo', 'waitrose_Qty': '355ml', 'waitrose_discounted_price': '£7.00', 'waitrose_offer_desc': None, 'waitrose_url': 'https://www.waitrose.com/ecom/shop/browse/groceries/toiletries_health_and_beauty/hair_care/shampoo', 'waitrose_rating': None, 'waitrose_unit_price': '(£1.98/100ml)', 'waitrose_new_flag': None, 'waitrose_prod_name': 'Hask Moni Coconut Oil Shampoo 355ml', 'images': []}
DEBUG: Scraped from <200 https://www.waitrose.com/ecom/shop/browse/groceries/toiletries_health_and_beauty/hair_care/shampoo>
{'client': 'Waitrose', 'time': datetime.datetime(2020, 8, 19, 22, 54, 21, 790784), 'category': 'Shampoo', 'id': 'tPp807825-473364-473365', 'prod_name': 'SenSpa Deep Cleanse Shampoo', 'waitrose_Qty': '250ml', 'waitrose_discounted_price': '£6.00', 'waitrose_offer_desc': None, 'waitrose_url': 'https://www.waitrose.com/ecom/shop/browse/groceries/toiletries_health_and_beauty/hair_care/shampoo', 'waitrose_rating': '3.7', 'waitrose_unit_price': '(£2.40/100ml)', 'waitrose_new_flag': None, 'waitrose_prod_name': 'SenSpa Deep Cleanse Shampoo 250ml', 'images': []}
DEBUG: Scraped from <200 https://www.waitrose.com/ecom/shop/browse/groceries/toiletries_health_and_beauty/hair_care/shampoo>
{'client': 'Waitrose', 'time': datetime.datetime(2020, 8, 19, 22, 54, 21, 790784), 'category': 'Shampoo', 'id': 'tPp816738-442231-442232', 'prod_name': 'SensSpa Nourishing Shampoo', 'waitrose_Qty': '250ml', 'waitrose_discounted_price': '£6.00', 'waitrose_offer_desc': None, 'waitrose_url': 'https://www.waitrose.com/ecom/shop/browse/groceries/toiletries_health_and_beauty/hair_care/shampoo', 'waitrose_rating': '2.6', 'waitrose_unit_price': '(£2.40/100ml)', 'waitrose_new_flag': None, 'waitrose_prod_name': 'SensSpa Nourishing Shampoo 250ml', 'images': []}
DEBUG: Scraped from <200 https://www.waitrose.com/ecom/shop/browse/groceries/toiletries_health_and_beauty/hair_care/shampoo>
{'client': 'Waitrose', 'time': datetime.datetime(2020, 8, 19, 22, 54, 21, 790784), 'category': 'Shampoo', 'id': 'tPp687186-337057-337058', 'prod_name': 'Argan + Argan Oil Rejuvenating Shampoo', 'waitrose_Qty': '300ml', 'waitrose_discounted_price': '£6.00', 'waitrose_offer_desc': None, 'waitrose_url': 'https://www.waitrose.com/ecom/shop/browse/groceries/toiletries_health_and_beauty/hair_care/shampoo', 'waitrose_rating': '5', 'waitrose_unit_price': '(£2/100ml)', 'waitrose_new_flag': None, 'waitrose_prod_name': 'Argan + Argan Oil Rejuvenating Shampoo 300ml', 'images': []}
DEBUG: Scraped from <200 https://www.waitrose.com/ecom/shop/browse/groceries/toiletries_health_and_beauty/hair_care/shampoo>
{'client': 'Waitrose', 'time': datetime.datetime(2020, 8, 19, 22, 54, 21, 790784), 'category': 'Shampoo', 'id': 'tPp364793-255761-255762', 'prod_name': 'Aussie Miracle Shine Shampoo', 'waitrose_Qty': '300ml', 'waitrose_discounted_price': '£4.00', 'waitrose_offer_desc': None, 'waitrose_url': 'https://www.waitrose.com/ecom/shop/browse/groceries/toiletries_health_and_beauty/hair_care/shampoo', 'waitrose_rating': None, 'waitrose_unit_price': '(£1.34/100ml)', 'waitrose_new_flag': None, 'waitrose_prod_name': 'Aussie Miracle Shine Shampoo 300ml', 'images': []}
DEBUG: Scraped from <200 https://www.waitrose.com/ecom/shop/browse/groceries/toiletries_health_and_beauty/hair_care/shampoo>
{'client': 'Waitrose', 'time': datetime.datetime(2020, 8, 19, 22, 54, 21, 790784), 'category': 'Shampoo', 'id': 'tPp567481-719558-719559', 'prod_name': 'Fit Kit Gentle Shampoo &Conditioner', 'waitrose_Qty': '200ml', 'waitrose_discounted_price': '£3.99', 'waitrose_offer_desc': None, 'waitrose_url': 'https://www.waitrose.com/ecom/shop/browse/groceries/toiletries_health_and_beauty/hair_care/shampoo', 'waitrose_rating': '5', 'waitrose_unit_price': '(£2/100ml)', 'waitrose_new_flag': None, 'waitrose_prod_name': 'Fit Kit Gentle Shampoo &Conditioner 200ml', 'images': []}
DEBUG: Scraped from <200 https://www.waitrose.com/ecom/shop/browse/groceries/toiletries_health_and_beauty/hair_care/shampoo>
{'client': 'Waitrose', 'time': datetime.datetime(2020, 8, 19, 22, 54, 21, 790784), 'category': 'Shampoo', 'id': 'tPp657930-695639-695640', 'prod_name': 'Noughty Pumped Up Shampoo', 'waitrose_Qty': '250ml', 'waitrose_discounted_price': '£7.00', 'waitrose_offer_desc': None, 'waitrose_url': 'https://www.waitrose.com/ecom/shop/browse/groceries/toiletries_health_and_beauty/hair_care/shampoo', 'waitrose_rating': '5', 'waitrose_unit_price': '(£2.80/100ml)', 'waitrose_new_flag': None, 'waitrose_prod_name': 'Noughty Pumped Up Shampoo 250ml', 'images': []}
DEBUG: Scraped from <200 https://www.waitrose.com/ecom/shop/browse/groceries/toiletries_health_and_beauty/hair_care/shampoo>
{'client': 'Waitrose', 'time': datetime.datetime(2020, 8, 19, 22, 54, 21, 790784), 'category': 'Shampoo', 'id': 'tPp645178-695617-695618', 'prod_name': 'John Frieda Shampoo Weightless Wonder', 'waitrose_Qty': '250ml', 'waitrose_discounted_price': '£6.00', 'waitrose_offer_desc': None, 'waitrose_url': 'https://www.waitrose.com/ecom/shop/browse/groceries/toiletries_health_and_beauty/hair_care/shampoo', 'waitrose_rating': '4.6', 'waitrose_unit_price': '(£2.40/100ml)', 'waitrose_new_flag': None, 'waitrose_prod_name': 'John Frieda Shampoo Weightless Wonder 250ml', 'images': []}
DEBUG: Scraped from <200 https://www.waitrose.com/ecom/shop/browse/groceries/toiletries_health_and_beauty/hair_care/shampoo>
{'client': 'Waitrose', 'time': datetime.datetime(2020, 8, 19, 22, 54, 21, 790784), 'category': 'Shampoo', 'id': 'tPp623864-695587-695588', 'prod_name': 'Noughty Care Taker Shampoo', 'waitrose_Qty': '250ml', 'waitrose_discounted_price': '£7.00', 'waitrose_offer_desc': None, 'waitrose_url': 'https://www.waitrose.com/ecom/shop/browse/groceries/toiletries_health_and_beauty/hair_care/shampoo', 'waitrose_rating': '4', 'waitrose_unit_price': '(£2.80/100ml)', 'waitrose_new_flag': None, 'waitrose_prod_name': 'Noughty Care Taker Shampoo 250ml', 'images': []}
DEBUG: Scraped from <200 https://www.waitrose.com/ecom/shop/browse/groceries/toiletries_health_and_beauty/hair_care/shampoo>
{'client': 'Waitrose', 'time': datetime.datetime(2020, 8, 19, 22, 54, 21, 790784), 'category': 'Shampoo', 'id': 'tPp492466-631281-631282', 'prod_name': 'Hask Keratin Protein Smoothing Shampoo', 'waitrose_Qty': '355ml', 'waitrose_discounted_price': '£7.00', 'waitrose_offer_desc': None, 'waitrose_url': 'https://www.waitrose.com/ecom/shop/browse/groceries/toiletries_health_and_beauty/hair_care/shampoo', 'waitrose_rating': None, 'waitrose_unit_price': '(£1.98/100ml)', 'waitrose_new_flag': None, 'waitrose_prod_name': 'Hask Keratin Protein Smoothing Shampoo 355ml', 'images': []}
DEBUG: Scraped from <200 https://www.waitrose.com/ecom/shop/browse/groceries/toiletries_health_and_beauty/hair_care/shampoo>
{'client': 'Waitrose', 'time': datetime.datetime(2020, 8, 19, 22, 54, 21, 790784), 'category': 'Shampoo', 'id': 'tPp401660-588303-588304', 'prod_name': 'Richard Ward Brunette Shampoo', 'waitrose_Qty': '250ml', 'waitrose_discounted_price': '£6.00', 'waitrose_offer_desc': None, 'waitrose_url': 'https://www.waitrose.com/ecom/shop/browse/groceries/toiletries_health_and_beauty/hair_care/shampoo', 'waitrose_rating': '5', 'waitrose_unit_price': '(£2.40/100ml)', 'waitrose_new_flag': None, 'waitrose_prod_name': 'Richard Ward Brunette Shampoo 250ml', 'images': []}
DEBUG: Scraped from <200 https://www.waitrose.com/ecom/shop/browse/groceries/toiletries_health_and_beauty/hair_care/shampoo>
{'client': 'Waitrose', 'time': datetime.datetime(2020, 8, 19, 22, 54, 21, 790784), 'category': 'Shampoo', 'id': 'tPp895328-495224-495225', 'prod_name': 'DGJ Kids Detangle Shampoo', 'waitrose_Qty': '250ml', 'waitrose_discounted_price': '£3.50', 'waitrose_offer_desc': None, 'waitrose_url': 'https://www.waitrose.com/ecom/shop/browse/groceries/toiletries_health_and_beauty/hair_care/shampoo', 'waitrose_rating': None, 'waitrose_unit_price': '(£1.40/100ml)', 'waitrose_new_flag': None, 'waitrose_prod_name': 'DGJ Kids Detangle Shampoo 250ml', 'images': []}
DEBUG: Scraped from <200 https://www.waitrose.com/ecom/shop/browse/groceries/toiletries_health_and_beauty/hair_care/shampoo>
{'client': 'Waitrose', 'time': datetime.datetime(2020, 8, 19, 22, 54, 21, 790784), 'category': 'Shampoo', 'id': 'tPp755186-495024-495025', 'prod_name': 'DGJ Colour Save Shampoo', 'waitrose_Qty': '250ml', 'waitrose_discounted_price': '£5.00', 'waitrose_offer_desc': None, 'waitrose_url': 'https://www.waitrose.com/ecom/shop/browse/groceries/toiletries_health_and_beauty/hair_care/shampoo', 'waitrose_rating': None, 'waitrose_unit_price': '(£2/100ml)', 'waitrose_new_flag': None, 'waitrose_prod_name': 'DGJ Colour Save Shampoo 250ml', 'images': []}
DEBUG: Scraped from <200 https://www.waitrose.com/ecom/shop/browse/groceries/toiletries_health_and_beauty/hair_care/shampoo>
{'client': 'Waitrose', 'time': datetime.datetime(2020, 8, 19, 22, 54, 21, 790784), 'category': 'Shampoo', 'id': 'tPp702159-494964-494965', 'prod_name': 'DGJ Argan Oil Shampoo', 'waitrose_Qty': '250ml', 'waitrose_discounted_price': '£5.00', 'waitrose_offer_desc': None, 'waitrose_url': 'https://www.waitrose.com/ecom/shop/browse/groceries/toiletries_health_and_beauty/hair_care/shampoo', 'waitrose_rating': None, 'waitrose_unit_price': '(£2/100ml)', 'waitrose_new_flag': None, 'waitrose_prod_name': 'DGJ Argan Oil Shampoo 250ml', 'images': []}
DEBUG: Scraped from <200 https://www.waitrose.com/ecom/shop/browse/groceries/toiletries_health_and_beauty/hair_care/shampoo>
{'client': 'Waitrose', 'time': datetime.datetime(2020, 8, 19, 22, 54, 21, 790784), 'category': 'Shampoo', 'id': 'tPp407272-440973-440974', 'prod_name': 'Richard Ward Chelsea Cleanse & Condition', 'waitrose_Qty': '250ml', 'waitrose_discounted_price': '£6.00', 'waitrose_offer_desc': None, 'waitrose_url': 'https://www.waitrose.com/ecom/shop/browse/groceries/toiletries_health_and_beauty/hair_care/shampoo', 'waitrose_rating': '3.7', 'waitrose_unit_price': '(£2.40/100ml)', 'waitrose_new_flag': None, 'waitrose_prod_name': 'Richard Ward Chelsea Cleanse & Condition 250ml', 'images': []}
DEBUG: Scraped from <200 https://www.waitrose.com/ecom/shop/browse/groceries/toiletries_health_and_beauty/hair_care/shampoo>
{'client': 'Waitrose', 'time': datetime.datetime(2020, 8, 19, 22, 54, 21, 790784), 'category': 'Shampoo', 'id': 'tPp861587-154949-154950', 'prod_name': 'Batiste dark & deep brown dry shampoo', 'waitrose_Qty': '200ml', 'waitrose_discounted_price': '£4.00', 'waitrose_offer_desc': None, 'waitrose_url': 'https://www.waitrose.com/ecom/shop/browse/groceries/toiletries_health_and_beauty/hair_care/shampoo', 'waitrose_rating': None, 'waitrose_unit_price': '(£2/100ml)', 'waitrose_new_flag': None, 'waitrose_prod_name': 'Batiste dark & deep brown dry shampoo 200ml', 'images': []}
DEBUG: Scraped from <200 https://www.waitrose.com/ecom/shop/browse/groceries/toiletries_health_and_beauty/hair_care/shampoo>
{'client': 'Waitrose', 'time': datetime.datetime(2020, 8, 19, 22, 54, 21, 790784), 'category': 'Shampoo', 'id': 'tPp567431-729696-729697', 'prod_name': 'Batiste Dry Shampoo for Blondes', 'waitrose_Qty': '200ml', 'waitrose_discounted_price': '£4.00', 'waitrose_offer_desc': None, 'waitrose_url': 'https://www.waitrose.com/ecom/shop/browse/groceries/toiletries_health_and_beauty/hair_care/shampoo', 'waitrose_rating': None, 'waitrose_unit_price': '(£2/100ml)', 'waitrose_new_flag': 'NEW', 'waitrose_prod_name': 'Batiste Dry Shampoo for Blondes 200ml', 'images': []}
DEBUG: Scraped from <200 https://www.waitrose.com/ecom/shop/browse/groceries/toiletries_health_and_beauty/hair_care/shampoo>
{'client': 'Waitrose', 'time': datetime.datetime(2020, 8, 19, 22, 54, 21, 790784), 'category': 'Shampoo', 'id': 'tPp808436-720325-720326', 'prod_name': 'Hask Biotin Boost Shampoo', 'waitrose_Qty': '355ml', 'waitrose_discounted_price': '£7.00', 'waitrose_offer_desc': None, 'waitrose_url': 'https://www.waitrose.com/ecom/shop/browse/groceries/toiletries_health_and_beauty/hair_care/shampoo', 'waitrose_rating': None, 'waitrose_unit_price': '(£1.98/100ml)', 'waitrose_new_flag': None, 'waitrose_prod_name': 'Hask Biotin Boost Shampoo 355ml', 'images': []}
DEBUG: Scraped from <200 https://www.waitrose.com/ecom/shop/browse/groceries/toiletries_health_and_beauty/hair_care/shampoo>
{'client': 'Waitrose', 'time': datetime.datetime(2020, 8, 19, 22, 54, 21, 790784), 'category': 'Shampoo', 'id': 'tPp527154-720165-720166', 'prod_name': 'Maui Moisture Hibiscus Water', 'waitrose_Qty': '385ml', 'waitrose_discounted_price': '£9.00', 'waitrose_offer_desc': None, 'waitrose_url': 'https://www.waitrose.com/ecom/shop/browse/groceries/toiletries_health_and_beauty/hair_care/shampoo', 'waitrose_rating': None, 'waitrose_unit_price': '(£2.34/100ml)', 'waitrose_new_flag': None, 'waitrose_prod_name': 'Maui Moisture Hibiscus Water 385ml', 'images': []}
DEBUG: Scraped from <200 https://www.waitrose.com/ecom/shop/browse/groceries/toiletries_health_and_beauty/hair_care/shampoo>
{'client': 'Waitrose', 'time': datetime.datetime(2020, 8, 19, 22, 54, 21, 790784), 'category': 'Shampoo', 'id': 'tPp663502-695641-695642', 'prod_name': 'Noughty To The Rescue Shampoo', 'waitrose_Qty': '250ml', 'waitrose_discounted_price': '£7.00', 'waitrose_offer_desc': None, 'waitrose_url': 'https://www.waitrose.com/ecom/shop/browse/groceries/toiletries_health_and_beauty/hair_care/shampoo', 'waitrose_rating': '5', 'waitrose_unit_price': '(£2.80/100ml)', 'waitrose_new_flag': None, 'waitrose_prod_name': 'Noughty To The Rescue Shampoo 250ml', 'images': []}
DEBUG: Scraped from <200 https://www.waitrose.com/ecom/shop/browse/groceries/toiletries_health_and_beauty/hair_care/shampoo>
{'client': 'Waitrose', 'time': datetime.datetime(2020, 8, 19, 22, 54, 21, 790784), 'category': 'Shampoo', 'id': 'tPp603087-695555-695556', 'prod_name': 'Noughty Colour Bomb Shampoo', 'waitrose_Qty': '250ml', 'waitrose_discounted_price': '£7.00', 'waitrose_offer_desc': None, 'waitrose_url': 'https://www.waitrose.com/ecom/shop/browse/groceries/toiletries_health_and_beauty/hair_care/shampoo', 'waitrose_rating': '3', 'waitrose_unit_price': '(£2.80/100ml)', 'waitrose_new_flag': None, 'waitrose_prod_name': 'Noughty Colour Bomb Shampoo 250ml', 'images': []}
DEBUG: Scraped from <200 https://www.waitrose.com/ecom/shop/browse/groceries/toiletries_health_and_beauty/hair_care/shampoo>
{'client': 'Waitrose', 'time': datetime.datetime(2020, 8, 19, 22, 54, 21, 790784), 'category': 'Shampoo', 'id': 'tPp591666-681031-681032', 'prod_name': 'Pure Grace Shower Gel', 'waitrose_Qty': '480ml', 'waitrose_discounted_price': '£19.50', 'waitrose_offer_desc': None, 'waitrose_url': 'https://www.waitrose.com/ecom/shop/browse/groceries/toiletries_health_and_beauty/hair_care/shampoo', 'waitrose_rating': None, 'waitrose_unit_price': '(£4.07/100ml)', 'waitrose_new_flag': None, 'waitrose_prod_name': 'Pure Grace Shower Gel 480ml', 'images': []}
DEBUG: Scraped from <200 https://www.waitrose.com/ecom/shop/browse/groceries/toiletries_health_and_beauty/hair_care/shampoo>
{'client': 'Waitrose', 'time': datetime.datetime(2020, 8, 19, 22, 54, 21, 790784), 'category': 'Shampoo', 'id': 'tPp745828-495012-495013', 'prod_name': 'DGJ Kids Lice Repel Shampoo', 'waitrose_Qty': '250ml', 'waitrose_discounted_price': '£3.50', 'waitrose_offer_desc': None, 'waitrose_url': 'https://www.waitrose.com/ecom/shop/browse/groceries/toiletries_health_and_beauty/hair_care/shampoo', 'waitrose_rating': None, 'waitrose_unit_price': '(£1.40/100ml)', 'waitrose_new_flag': None, 'waitrose_prod_name': 'DGJ Kids Lice Repel Shampoo 250ml', 'images': []}
DEBUG: Scraped from <200 https://www.waitrose.com/ecom/shop/browse/groceries/toiletries_health_and_beauty/hair_care/shampoo>
{'client': 'Waitrose', 'time': datetime.datetime(2020, 8, 19, 22, 54, 21, 790784), 'category': 'Shampoo', 'id': 'tPp833802-337290-337291', 'prod_name': 'Aussie Miracle Moist Spray', 'waitrose_Qty': '250ml', 'waitrose_discounted_price': '£5.15', 'waitrose_offer_desc': None, 'waitrose_url': 'https://www.waitrose.com/ecom/shop/browse/groceries/toiletries_health_and_beauty/hair_care/shampoo', 'waitrose_rating': None, 'waitrose_unit_price': '(£2.06/100ml)', 'waitrose_new_flag': None, 'waitrose_prod_name': 'Aussie Miracle Moist Spray 250ml', 'images': []}
INFO: Closing spider (finished)
INFO: Stored json feed (139 items) in: waitrose_081920.json
INFO: Dumping Scrapy stats:
{'downloader/request_bytes': 2588,
 'downloader/request_count': 1,
 'downloader/request_method_count/POST': 1,
 'downloader/response_bytes': 1495381,
 'downloader/response_count': 1,
 'downloader/response_status_count/200': 1,
 'finish_reason': 'finished',
 'finish_time': datetime.datetime(2020, 8, 19, 17, 25, 41, 218223),
 'item_scraped_count': 139,
 'log_count/DEBUG': 140,
 'log_count/INFO': 11,
 'log_count/WARNING': 1,
 'response_received_count': 1,
 'scheduler/dequeued': 2,
 'scheduler/dequeued/memory': 2,
 'scheduler/enqueued': 2,
 'scheduler/enqueued/memory': 2,
 'splash/execute/request_count': 1,
 'splash/execute/response_count/200': 1,
 'start_time': datetime.datetime(2020, 8, 19, 17, 24, 22, 58890)}
INFO: Spider closed (finished)
INFO: Scrapy 1.6.0 started (bot: waitrose)
INFO: Versions: lxml 4.5.1.0, libxml2 2.9.10, cssselect 1.1.0, parsel 1.6.0, w3lib 1.22.0, Twisted 20.3.0, Python 3.7.7 (default, May  6 2020, 11:45:54) [MSC v.1916 64 bit (AMD64)], pyOpenSSL 19.1.0 (OpenSSL 1.1.1g  21 Apr 2020), cryptography 2.9.2, Platform Windows-10-10.0.18362-SP0
INFO: Overridden settings: {'BOT_NAME': 'waitrose', 'DOWNLOAD_TIMEOUT': 1200, 'DUPEFILTER_CLASS': 'scrapy_splash.SplashAwareDupeFilter', 'FEED_EXPORT_ENCODING': 'utf-8', 'FEED_FORMAT': 'json', 'FEED_URI': 'waitrose_082020.json', 'NEWSPIDER_MODULE': 'waitrose.spiders', 'SPIDER_MODULES': ['waitrose.spiders']}
INFO: Telnet Password: 890f41fa4cea96b7
INFO: Enabled extensions:
['scrapy.extensions.corestats.CoreStats',
 'scrapy.extensions.telnet.TelnetConsole',
 'scrapy.extensions.feedexport.FeedExporter',
 'scrapy.extensions.logstats.LogStats']
INFO: Enabled downloader middlewares:
['scrapy.downloadermiddlewares.httpauth.HttpAuthMiddleware',
 'scrapy.downloadermiddlewares.downloadtimeout.DownloadTimeoutMiddleware',
 'scrapy.downloadermiddlewares.defaultheaders.DefaultHeadersMiddleware',
 'scrapy.downloadermiddlewares.useragent.UserAgentMiddleware',
 'scrapy.downloadermiddlewares.retry.RetryMiddleware',
 'scrapy.downloadermiddlewares.redirect.MetaRefreshMiddleware',
 'scrapy.downloadermiddlewares.redirect.RedirectMiddleware',
 'scrapy.downloadermiddlewares.cookies.CookiesMiddleware',
 'scrapy_splash.SplashCookiesMiddleware',
 'scrapy_splash.SplashMiddleware',
 'scrapy.downloadermiddlewares.httpproxy.HttpProxyMiddleware',
 'scrapy.downloadermiddlewares.httpcompression.HttpCompressionMiddleware',
 'scrapy.downloadermiddlewares.stats.DownloaderStats']
INFO: Enabled spider middlewares:
['scrapy.spidermiddlewares.httperror.HttpErrorMiddleware',
 'scrapy_splash.SplashDeduplicateArgsMiddleware',
 'scrapy.spidermiddlewares.offsite.OffsiteMiddleware',
 'scrapy.spidermiddlewares.referer.RefererMiddleware',
 'scrapy.spidermiddlewares.urllength.UrlLengthMiddleware',
 'scrapy.spidermiddlewares.depth.DepthMiddleware']
INFO: Enabled item pipelines:
['waitrose.pipelines.ImageDownloaderPipeline',
 'waitrose.pipelines.SQLlitePipeline']
INFO: Spider opened
INFO: Crawled 0 pages (at 0 pages/min), scraped 0 items (at 0 items/min)
WARNING: C:\Users\sujithk\AppData\Local\Continuum\anaconda3\envs\Virtual_Env\lib\site-packages\scrapy\spidermiddlewares\offsite.py:61: URLWarning: allowed_domains accepts only domains, not URLs. Ignoring URL entry https://www.waitrose.com/ in allowed_domains.
  warnings.warn(message, URLWarning)

INFO: Telnet console listening on 127.0.0.1:6025
INFO: Crawled 0 pages (at 0 pages/min), scraped 0 items (at 0 items/min)
DEBUG: Crawled (200) <GET https://www.waitrose.com/ecom/shop/browse/groceries/toiletries_health_and_beauty/hair_care/shampoo via http://192.168.1.9:8050/execute> (referer: None)
DEBUG: Scraped from <200 https://www.waitrose.com/ecom/shop/browse/groceries/toiletries_health_and_beauty/hair_care/shampoo>
{'client': 'Waitrose', 'time': datetime.datetime(2020, 8, 20, 15, 41, 31, 566330), 'category': 'Shampoo', 'id': 'tPp639366-90822-90823', 'prod_name': 'Head & Shoulders Shampoo Classic', 'waitrose_Qty': '500ml', 'waitrose_discounted_price': '£3.43', 'waitrose_offer_desc': 'Save 1/3.', 'waitrose_url': 'https://www.waitrose.com/ecom/shop/browse/groceries/toiletries_health_and_beauty/hair_care/shampoo', 'waitrose_rating': '3.5', 'waitrose_unit_price': '(68.6p/100ml)', 'waitrose_new_flag': None, 'waitrose_prod_name': 'Head & Shoulders Shampoo Classic 500ml', 'images': []}
DEBUG: Scraped from <200 https://www.waitrose.com/ecom/shop/browse/groceries/toiletries_health_and_beauty/hair_care/shampoo>
{'client': 'Waitrose', 'time': datetime.datetime(2020, 8, 20, 15, 41, 31, 566330), 'category': 'Shampoo', 'id': 'tPp435635-694165-694166', 'prod_name': 'Pantene Classic Clean Shampoo', 'waitrose_Qty': '500ml', 'waitrose_discounted_price': '£5.15', 'waitrose_offer_desc': 'Add 2 for £5', 'waitrose_url': 'https://www.waitrose.com/ecom/shop/browse/groceries/toiletries_health_and_beauty/hair_care/shampoo', 'waitrose_rating': None, 'waitrose_unit_price': '(£1.03/100ml)', 'waitrose_new_flag': None, 'waitrose_prod_name': 'Pantene Classic Clean Shampoo 500ml', 'images': []}
DEBUG: Scraped from <200 https://www.waitrose.com/ecom/shop/browse/groceries/toiletries_health_and_beauty/hair_care/shampoo>
{'client': 'Waitrose', 'time': datetime.datetime(2020, 8, 20, 15, 41, 31, 566330), 'category': 'Shampoo', 'id': 'tPp455905-591789-591790', 'prod_name': 'Herbal Essences clean Shampoo', 'waitrose_Qty': '400ml', 'waitrose_discounted_price': '£4.50', 'waitrose_offer_desc': 'Add 2 for £6', 'waitrose_url': 'https://www.waitrose.com/ecom/shop/browse/groceries/toiletries_health_and_beauty/hair_care/shampoo', 'waitrose_rating': None, 'waitrose_unit_price': '(£1.13/100ml)', 'waitrose_new_flag': None, 'waitrose_prod_name': 'Herbal Essences clean Shampoo 400ml', 'images': []}
DEBUG: Scraped from <200 https://www.waitrose.com/ecom/shop/browse/groceries/toiletries_health_and_beauty/hair_care/shampoo>
{'client': 'Waitrose', 'time': datetime.datetime(2020, 8, 20, 15, 41, 31, 566330), 'category': 'Shampoo', 'id': 'tPp839781-154875-154876', 'prod_name': 'Aussie miracle moist shampoo', 'waitrose_Qty': '500ml', 'waitrose_discounted_price': '£6.15', 'waitrose_offer_desc': 'Add 2 for £9', 'waitrose_url': 'https://www.waitrose.com/ecom/shop/browse/groceries/toiletries_health_and_beauty/hair_care/shampoo', 'waitrose_rating': None, 'waitrose_unit_price': '(£1.23/100ml)', 'waitrose_new_flag': None, 'waitrose_prod_name': 'Aussie miracle moist shampoo 500ml', 'images': []}
DEBUG: Scraped from <200 https://www.waitrose.com/ecom/shop/browse/groceries/toiletries_health_and_beauty/hair_care/shampoo>
{'client': 'Waitrose', 'time': datetime.datetime(2020, 8, 20, 15, 41, 31, 566330), 'category': 'Shampoo', 'id': 'tPp757780-107799-107800', 'prod_name': 'Head & Shoulders 2in1 Classic Clean', 'waitrose_Qty': '450ml', 'waitrose_discounted_price': '£3.43', 'waitrose_offer_desc': 'Save 1/3.', 'waitrose_url': 'https://www.waitrose.com/ecom/shop/browse/groceries/toiletries_health_and_beauty/hair_care/shampoo', 'waitrose_rating': '4', 'waitrose_unit_price': '(76.2p/100ml)', 'waitrose_new_flag': None, 'waitrose_prod_name': 'Head & Shoulders 2in1 Classic Clean 450ml', 'images': []}
DEBUG: Scraped from <200 https://www.waitrose.com/ecom/shop/browse/groceries/toiletries_health_and_beauty/hair_care/shampoo>
{'client': 'Waitrose', 'time': datetime.datetime(2020, 8, 20, 15, 41, 31, 566330), 'category': 'Shampoo', 'id': 'tPp836753-694201-694202', 'prod_name': 'Pantene Volume & Body Shampoo', 'waitrose_Qty': '500ml', 'waitrose_discounted_price': '£5.15', 'waitrose_offer_desc': 'Add 2 for £5', 'waitrose_url': 'https://www.waitrose.com/ecom/shop/browse/groceries/toiletries_health_and_beauty/hair_care/shampoo', 'waitrose_rating': None, 'waitrose_unit_price': '(£1.03/100ml)', 'waitrose_new_flag': None, 'waitrose_prod_name': 'Pantene Volume & Body Shampoo 500ml', 'images': []}
DEBUG: Scraped from <200 https://www.waitrose.com/ecom/shop/browse/groceries/toiletries_health_and_beauty/hair_care/shampoo>
{'client': 'Waitrose', 'time': datetime.datetime(2020, 8, 20, 15, 41, 31, 566330), 'category': 'Shampoo', 'id': 'tPp824583-694195-694196', 'prod_name': 'Pantene Repair & Protect Shampoo', 'waitrose_Qty': '500ml', 'waitrose_discounted_price': '£3.75', 'waitrose_offer_desc': 'Add 2 for £5', 'waitrose_url': 'https://www.waitrose.com/ecom/shop/browse/groceries/toiletries_health_and_beauty/hair_care/shampoo', 'waitrose_rating': None, 'waitrose_unit_price': '(75p/100ml)', 'waitrose_new_flag': None, 'waitrose_prod_name': 'Pantene Repair & Protect Shampoo 500ml', 'images': []}
DEBUG: Scraped from <200 https://www.waitrose.com/ecom/shop/browse/groceries/toiletries_health_and_beauty/hair_care/shampoo>
{'client': 'Waitrose', 'time': datetime.datetime(2020, 8, 20, 15, 41, 31, 566330), 'category': 'Shampoo', 'id': 'tPp821139-694191-694192', 'prod_name': 'Pantene Smooth & Sleek Shampoo', 'waitrose_Qty': '500ml', 'waitrose_discounted_price': '£5.15', 'waitrose_offer_desc': 'Add 2 for £5', 'waitrose_url': 'https://www.waitrose.com/ecom/shop/browse/groceries/toiletries_health_and_beauty/hair_care/shampoo', 'waitrose_rating': None, 'waitrose_unit_price': '(£1.03/100ml)', 'waitrose_new_flag': None, 'waitrose_prod_name': 'Pantene Smooth & Sleek Shampoo 500ml', 'images': []}
DEBUG: Scraped from <200 https://www.waitrose.com/ecom/shop/browse/groceries/toiletries_health_and_beauty/hair_care/shampoo>
{'client': 'Waitrose', 'time': datetime.datetime(2020, 8, 20, 15, 41, 31, 566330), 'category': 'Shampoo', 'id': 'tPp882824-154983-154984', 'prod_name': 'Head & Shoulders itchy scalp shampoo', 'waitrose_Qty': '500ml', 'waitrose_discounted_price': '£3.43', 'waitrose_offer_desc': 'Save 1/3.', 'waitrose_url': 'https://www.waitrose.com/ecom/shop/browse/groceries/toiletries_health_and_beauty/hair_care/shampoo', 'waitrose_rating': '5', 'waitrose_unit_price': '(68.6p/100ml)', 'waitrose_new_flag': None, 'waitrose_prod_name': 'Head & Shoulders itchy scalp shampoo 500ml', 'images': []}
DEBUG: Scraped from <200 https://www.waitrose.com/ecom/shop/browse/groceries/toiletries_health_and_beauty/hair_care/shampoo>
{'client': 'Waitrose', 'time': datetime.datetime(2020, 8, 20, 15, 41, 31, 566330), 'category': 'Shampoo', 'id': 'tPp582132-472091-472092', 'prod_name': 'Ogx Argan Oil Morocco Shampoo', 'waitrose_Qty': '385ml', 'waitrose_discounted_price': '£7.00', 'waitrose_offer_desc': 'Add 2 for £10', 'waitrose_url': 'https://www.waitrose.com/ecom/shop/browse/groceries/toiletries_health_and_beauty/hair_care/shampoo', 'waitrose_rating': '4', 'waitrose_unit_price': '(£1.82/100ml)', 'waitrose_new_flag': None, 'waitrose_prod_name': 'Ogx Argan Oil Morocco Shampoo 385ml', 'images': []}
DEBUG: Scraped from <200 https://www.waitrose.com/ecom/shop/browse/groceries/toiletries_health_and_beauty/hair_care/shampoo>
{'client': 'Waitrose', 'time': datetime.datetime(2020, 8, 20, 15, 41, 31, 566330), 'category': 'Shampoo', 'id': 'tPp472240-591833-591834', 'prod_name': 'Herbal Essences Repair Shampoo', 'waitrose_Qty': '400ml', 'waitrose_discounted_price': '£4.50', 'waitrose_offer_desc': 'Add 2 for £6', 'waitrose_url': 'https://www.waitrose.com/ecom/shop/browse/groceries/toiletries_health_and_beauty/hair_care/shampoo', 'waitrose_rating': '5', 'waitrose_unit_price': '(£1.13/100ml)', 'waitrose_new_flag': None, 'waitrose_prod_name': 'Herbal Essences Repair Shampoo 400ml', 'images': []}
DEBUG: Scraped from <200 https://www.waitrose.com/ecom/shop/browse/groceries/toiletries_health_and_beauty/hair_care/shampoo>
{'client': 'Waitrose', 'time': datetime.datetime(2020, 8, 20, 15, 41, 31, 566330), 'category': 'Shampoo', 'id': 'tPp407453-471203-471204', 'prod_name': 'Ogx Biotin & Collagen Shampoo', 'waitrose_Qty': '385ml', 'waitrose_discounted_price': '£7.00', 'waitrose_offer_desc': 'Add 2 for £10', 'waitrose_url': 'https://www.waitrose.com/ecom/shop/browse/groceries/toiletries_health_and_beauty/hair_care/shampoo', 'waitrose_rating': None, 'waitrose_unit_price': '(£1.82/100ml)', 'waitrose_new_flag': None, 'waitrose_prod_name': 'Ogx Biotin & Collagen Shampoo 385ml', 'images': []}
DEBUG: Scraped from <200 https://www.waitrose.com/ecom/shop/browse/groceries/toiletries_health_and_beauty/hair_care/shampoo>
{'client': 'Waitrose', 'time': datetime.datetime(2020, 8, 20, 15, 41, 31, 566330), 'category': 'Shampoo', 'id': 'tPp701301-99532-99533', 'prod_name': 'Essential Daily Care Shampoo', 'waitrose_Qty': '300ml', 'waitrose_discounted_price': '80p', 'waitrose_offer_desc': None, 'waitrose_url': 'https://www.waitrose.com/ecom/shop/browse/groceries/toiletries_health_and_beauty/hair_care/shampoo', 'waitrose_rating': '4.1', 'waitrose_unit_price': '(26.7p/100ml)', 'waitrose_new_flag': None, 'waitrose_prod_name': 'Essential Daily Care Shampoo 300ml', 'images': []}
DEBUG: Scraped from <200 https://www.waitrose.com/ecom/shop/browse/groceries/toiletries_health_and_beauty/hair_care/shampoo>
{'client': 'Waitrose', 'time': datetime.datetime(2020, 8, 20, 15, 41, 31, 566330), 'category': 'Shampoo', 'id': 'tPp627460-154629-154630', 'prod_name': 'Aussie mega shampoo', 'waitrose_Qty': '500ml', 'waitrose_discounted_price': '£6.15', 'waitrose_offer_desc': 'Add 2 for £9', 'waitrose_url': 'https://www.waitrose.com/ecom/shop/browse/groceries/toiletries_health_and_beauty/hair_care/shampoo', 'waitrose_rating': '3.8', 'waitrose_unit_price': '(£1.23/100ml)', 'waitrose_new_flag': None, 'waitrose_prod_name': 'Aussie mega shampoo 500ml', 'images': []}
DEBUG: Scraped from <200 https://www.waitrose.com/ecom/shop/browse/groceries/toiletries_health_and_beauty/hair_care/shampoo>
{'client': 'Waitrose', 'time': datetime.datetime(2020, 8, 20, 15, 41, 31, 566330), 'category': 'Shampoo', 'id': 'tPp657721-694179-694180', 'prod_name': 'Pantene 3 in 1 Classic Clean', 'waitrose_Qty': '450ml', 'waitrose_discounted_price': '£3.75', 'waitrose_offer_desc': 'Add 2 for £5', 'waitrose_url': 'https://www.waitrose.com/ecom/shop/browse/groceries/toiletries_health_and_beauty/hair_care/shampoo', 'waitrose_rating': None, 'waitrose_unit_price': '(83.3p/100ml)', 'waitrose_new_flag': None, 'waitrose_prod_name': 'Pantene 3 in 1 Classic Clean 450ml', 'images': []}
DEBUG: Scraped from <200 https://www.waitrose.com/ecom/shop/browse/groceries/toiletries_health_and_beauty/hair_care/shampoo>
{'client': 'Waitrose', 'time': datetime.datetime(2020, 8, 20, 15, 41, 31, 566330), 'category': 'Shampoo', 'id': 'tPp535961-75786-75787', 'prod_name': 'essential Waitrose Nourishing Shampoo', 'waitrose_Qty': '300ml', 'waitrose_discounted_price': '80p', 'waitrose_offer_desc': None, 'waitrose_url': 'https://www.waitrose.com/ecom/shop/browse/groceries/toiletries_health_and_beauty/hair_care/shampoo', 'waitrose_rating': '4.4', 'waitrose_unit_price': '(26.7p/100ml)', 'waitrose_new_flag': None, 'waitrose_prod_name': 'essential Waitrose Nourishing Shampoo 300ml', 'images': []}
DEBUG: Scraped from <200 https://www.waitrose.com/ecom/shop/browse/groceries/toiletries_health_and_beauty/hair_care/shampoo>
{'client': 'Waitrose', 'time': datetime.datetime(2020, 8, 20, 15, 41, 31, 566330), 'category': 'Shampoo', 'id': 'tPp427668-591713-591714', 'prod_name': 'Herbal Essences Hydrate Shampoo', 'waitrose_Qty': '400ml', 'waitrose_discounted_price': '£4.50', 'waitrose_offer_desc': 'Add 2 for £6', 'waitrose_url': 'https://www.waitrose.com/ecom/shop/browse/groceries/toiletries_health_and_beauty/hair_care/shampoo', 'waitrose_rating': '5', 'waitrose_unit_price': '(£1.13/100ml)', 'waitrose_new_flag': None, 'waitrose_prod_name': 'Herbal Essences Hydrate Shampoo 400ml', 'images': []}
DEBUG: Scraped from <200 https://www.waitrose.com/ecom/shop/browse/groceries/toiletries_health_and_beauty/hair_care/shampoo>
{'client': 'Waitrose', 'time': datetime.datetime(2020, 8, 20, 15, 41, 31, 566330), 'category': 'Shampoo', 'id': 'tPp490113-591883-591884', 'prod_name': 'Herbal Essences Volume Shampoo', 'waitrose_Qty': '400ml', 'waitrose_discounted_price': '£4.50', 'waitrose_offer_desc': 'Add 2 for £6', 'waitrose_url': 'https://www.waitrose.com/ecom/shop/browse/groceries/toiletries_health_and_beauty/hair_care/shampoo', 'waitrose_rating': '5', 'waitrose_unit_price': '(£1.13/100ml)', 'waitrose_new_flag': None, 'waitrose_prod_name': 'Herbal Essences Volume Shampoo 400ml', 'images': []}
DEBUG: Scraped from <200 https://www.waitrose.com/ecom/shop/browse/groceries/toiletries_health_and_beauty/hair_care/shampoo>
{'client': 'Waitrose', 'time': datetime.datetime(2020, 8, 20, 15, 41, 31, 566330), 'category': 'Shampoo', 'id': 'tPp581617-694173-694174', 'prod_name': 'Pantene Colour Protect Shampoo', 'waitrose_Qty': '500ml', 'waitrose_discounted_price': '£5.15', 'waitrose_offer_desc': 'Add 2 for £5', 'waitrose_url': 'https://www.waitrose.com/ecom/shop/browse/groceries/toiletries_health_and_beauty/hair_care/shampoo', 'waitrose_rating': None, 'waitrose_unit_price': '(£1.03/100ml)', 'waitrose_new_flag': None, 'waitrose_prod_name': 'Pantene Colour Protect Shampoo 500ml', 'images': []}
DEBUG: Scraped from <200 https://www.waitrose.com/ecom/shop/browse/groceries/toiletries_health_and_beauty/hair_care/shampoo>
{'client': 'Waitrose', 'time': datetime.datetime(2020, 8, 20, 15, 41, 31, 566330), 'category': 'Shampoo', 'id': 'tPp791725-375655-375656', 'prod_name': 'Ogx Kukuí Oil Shampoo', 'waitrose_Qty': '385ml', 'waitrose_discounted_price': '£7.00', 'waitrose_offer_desc': 'Add 2 for £10', 'waitrose_url': 'https://www.waitrose.com/ecom/shop/browse/groceries/toiletries_health_and_beauty/hair_care/shampoo', 'waitrose_rating': '5', 'waitrose_unit_price': '(£1.82/100ml)', 'waitrose_new_flag': None, 'waitrose_prod_name': 'Ogx Kukuí Oil Shampoo 385ml', 'images': []}
DEBUG: Scraped from <200 https://www.waitrose.com/ecom/shop/browse/groceries/toiletries_health_and_beauty/hair_care/shampoo>
{'client': 'Waitrose', 'time': datetime.datetime(2020, 8, 20, 15, 41, 31, 566330), 'category': 'Shampoo', 'id': 'tPp432893-216691-216692', 'prod_name': 'Head & Shoulders Shampoo Apple Fresh', 'waitrose_Qty': '500ml', 'waitrose_discounted_price': '£3.43', 'waitrose_offer_desc': 'Save 1/3.', 'waitrose_url': 'https://www.waitrose.com/ecom/shop/browse/groceries/toiletries_health_and_beauty/hair_care/shampoo', 'waitrose_rating': None, 'waitrose_unit_price': '(68.6p/100ml)', 'waitrose_new_flag': None, 'waitrose_prod_name': 'Head & Shoulders Shampoo Apple Fresh 500ml', 'images': []}
DEBUG: Scraped from <200 https://www.waitrose.com/ecom/shop/browse/groceries/toiletries_health_and_beauty/hair_care/shampoo>
{'client': 'Waitrose', 'time': datetime.datetime(2020, 8, 20, 15, 41, 31, 566330), 'category': 'Shampoo', 'id': 'tPp855140-216863-216864', 'prod_name': 'Ogx Coconut Milk Shampoo', 'waitrose_Qty': '385ml', 'waitrose_discounted_price': '£7.00', 'waitrose_offer_desc': 'Add 2 for £10', 'waitrose_url': 'https://www.waitrose.com/ecom/shop/browse/groceries/toiletries_health_and_beauty/hair_care/shampoo', 'waitrose_rating': '5', 'waitrose_unit_price': '(£1.82/100ml)', 'waitrose_new_flag': None, 'waitrose_prod_name': 'Ogx Coconut Milk Shampoo 385ml', 'images': []}
DEBUG: Scraped from <200 https://www.waitrose.com/ecom/shop/browse/groceries/toiletries_health_and_beauty/hair_care/shampoo>
{'client': 'Waitrose', 'time': datetime.datetime(2020, 8, 20, 15, 41, 31, 566330), 'category': 'Shampoo', 'id': 'tPp755349-720291-720292', 'prod_name': 'Herbal Essences Aloe & Mango Shampoo', 'waitrose_Qty': '380ml', 'waitrose_discounted_price': '£4.50', 'waitrose_offer_desc': 'Add 2 for £6', 'waitrose_url': 'https://www.waitrose.com/ecom/shop/browse/groceries/toiletries_health_and_beauty/hair_care/shampoo', 'waitrose_rating': None, 'waitrose_unit_price': '(£1.19/100ml)', 'waitrose_new_flag': None, 'waitrose_prod_name': 'Herbal Essences Aloe & Mango Shampoo 380ml', 'images': []}
DEBUG: Scraped from <200 https://www.waitrose.com/ecom/shop/browse/groceries/toiletries_health_and_beauty/hair_care/shampoo>
{'client': 'Waitrose', 'time': datetime.datetime(2020, 8, 20, 15, 41, 31, 566330), 'category': 'Shampoo', 'id': 'tPp810201-352482-352483', 'prod_name': 'Essential Daily Care 2 in 1', 'waitrose_Qty': '300ml', 'waitrose_discounted_price': '80p', 'waitrose_offer_desc': None, 'waitrose_url': 'https://www.waitrose.com/ecom/shop/browse/groceries/toiletries_health_and_beauty/hair_care/shampoo', 'waitrose_rating': '4.3', 'waitrose_unit_price': '(26.7p/100ml)', 'waitrose_new_flag': None, 'waitrose_prod_name': 'Essential Daily Care 2 in 1 300ml', 'images': []}
DEBUG: Scraped from <200 https://www.waitrose.com/ecom/shop/browse/groceries/toiletries_health_and_beauty/hair_care/shampoo>
{'client': 'Waitrose', 'time': datetime.datetime(2020, 8, 20, 15, 41, 31, 566330), 'category': 'Shampoo', 'id': 'tPp626001-88825-88826', 'prod_name': 'Head & Shoulders Shampoo Citrus Fresh', 'waitrose_Qty': '500ml', 'waitrose_discounted_price': '£3.43', 'waitrose_offer_desc': 'Save 1/3.', 'waitrose_url': 'https://www.waitrose.com/ecom/shop/browse/groceries/toiletries_health_and_beauty/hair_care/shampoo', 'waitrose_rating': None, 'waitrose_unit_price': '(68.6p/100ml)', 'waitrose_new_flag': None, 'waitrose_prod_name': 'Head & Shoulders Shampoo Citrus Fresh 500ml', 'images': []}
DEBUG: Scraped from <200 https://www.waitrose.com/ecom/shop/browse/groceries/toiletries_health_and_beauty/hair_care/shampoo>
{'client': 'Waitrose', 'time': datetime.datetime(2020, 8, 20, 15, 41, 31, 566330), 'category': 'Shampoo', 'id': 'tPp820157-724089-724090', 'prod_name': 'Eco Warrior Shampoo Bar', 'waitrose_Qty': '100g', 'waitrose_discounted_price': '£3.00', 'waitrose_offer_desc': 'Save 1/3.', 'waitrose_url': 'https://www.waitrose.com/ecom/shop/browse/groceries/toiletries_health_and_beauty/hair_care/shampoo', 'waitrose_rating': None, 'waitrose_unit_price': '(£3/100g)', 'waitrose_new_flag': None, 'waitrose_prod_name': 'Eco Warrior Shampoo Bar 100g', 'images': []}
DEBUG: Scraped from <200 https://www.waitrose.com/ecom/shop/browse/groceries/toiletries_health_and_beauty/hair_care/shampoo>
{'client': 'Waitrose', 'time': datetime.datetime(2020, 8, 20, 15, 41, 31, 566330), 'category': 'Shampoo', 'id': 'tPp047805-23664-23665', 'prod_name': 'Avalon Organics tea tree shampoo', 'waitrose_Qty': '325ml', 'waitrose_discounted_price': '£7.00', 'waitrose_offer_desc': 'Add 2 for £11', 'waitrose_url': 'https://www.waitrose.com/ecom/shop/browse/groceries/toiletries_health_and_beauty/hair_care/shampoo', 'waitrose_rating': '4.9', 'waitrose_unit_price': '(£2.16/100ml)', 'waitrose_new_flag': None, 'waitrose_prod_name': 'Avalon Organics tea tree shampoo 325ml', 'images': []}
DEBUG: Scraped from <200 https://www.waitrose.com/ecom/shop/browse/groceries/toiletries_health_and_beauty/hair_care/shampoo>
{'client': 'Waitrose', 'time': datetime.datetime(2020, 8, 20, 15, 41, 31, 566330), 'category': 'Shampoo', 'id': 'tPp868154-695990-695991', 'prod_name': 'Hair Biology Purple Shampoo', 'waitrose_Qty': '250ml', 'waitrose_discounted_price': '£2.99', 'waitrose_offer_desc': 'Save 1/3.', 'waitrose_url': 'https://www.waitrose.com/ecom/shop/browse/groceries/toiletries_health_and_beauty/hair_care/shampoo', 'waitrose_rating': None, 'waitrose_unit_price': '(£1.20/100ml)', 'waitrose_new_flag': None, 'waitrose_prod_name': 'Hair Biology Purple Shampoo 250ml', 'images': []}
DEBUG: Scraped from <200 https://www.waitrose.com/ecom/shop/browse/groceries/toiletries_health_and_beauty/hair_care/shampoo>
{'client': 'Waitrose', 'time': datetime.datetime(2020, 8, 20, 15, 41, 31, 566330), 'category': 'Shampoo', 'id': 'tPp027940-13599-13600', 'prod_name': 'Avalon Organics lemon shampoo', 'waitrose_Qty': '325ml', 'waitrose_discounted_price': '£7.00', 'waitrose_offer_desc': 'Add 2 for £11', 'waitrose_url': 'https://www.waitrose.com/ecom/shop/browse/groceries/toiletries_health_and_beauty/hair_care/shampoo', 'waitrose_rating': '3.6', 'waitrose_unit_price': '(£2.16/100ml)', 'waitrose_new_flag': None, 'waitrose_prod_name': 'Avalon Organics lemon shampoo 325ml', 'images': []}
DEBUG: Scraped from <200 https://www.waitrose.com/ecom/shop/browse/groceries/toiletries_health_and_beauty/hair_care/shampoo>
{'client': 'Waitrose', 'time': datetime.datetime(2020, 8, 20, 15, 41, 31, 566330), 'category': 'Shampoo', 'id': 'tPp752186-631541-631542', 'prod_name': 'Ogx Coconut OIl Shampoo', 'waitrose_Qty': '385ml', 'waitrose_discounted_price': '£7.00', 'waitrose_offer_desc': 'Add 2 for £10', 'waitrose_url': 'https://www.waitrose.com/ecom/shop/browse/groceries/toiletries_health_and_beauty/hair_care/shampoo', 'waitrose_rating': None, 'waitrose_unit_price': '(£1.82/100ml)', 'waitrose_new_flag': None, 'waitrose_prod_name': 'Ogx Coconut OIl Shampoo 385ml', 'images': []}
DEBUG: Scraped from <200 https://www.waitrose.com/ecom/shop/browse/groceries/toiletries_health_and_beauty/hair_care/shampoo>
{'client': 'Waitrose', 'time': datetime.datetime(2020, 8, 20, 15, 41, 31, 566330), 'category': 'Shampoo', 'id': 'tPp721134-337091-337092', 'prod_name': 'Aussie miracle shine shampoo', 'waitrose_Qty': '500ml', 'waitrose_discounted_price': '£6.00', 'waitrose_offer_desc': 'Add 2 for £9', 'waitrose_url': 'https://www.waitrose.com/ecom/shop/browse/groceries/toiletries_health_and_beauty/hair_care/shampoo', 'waitrose_rating': None, 'waitrose_unit_price': '(£1.20/100ml)', 'waitrose_new_flag': None, 'waitrose_prod_name': 'Aussie miracle shine shampoo 500ml', 'images': []}
DEBUG: Scraped from <200 https://www.waitrose.com/ecom/shop/browse/groceries/toiletries_health_and_beauty/hair_care/shampoo>
{'client': 'Waitrose', 'time': datetime.datetime(2020, 8, 20, 15, 41, 31, 566330), 'category': 'Shampoo', 'id': 'tPp810302-683828-683829', 'prod_name': 'Herbal Essences Deep Repair Shampoo', 'waitrose_Qty': '400ml', 'waitrose_discounted_price': '£4.50', 'waitrose_offer_desc': 'Add 2 for £6', 'waitrose_url': 'https://www.waitrose.com/ecom/shop/browse/groceries/toiletries_health_and_beauty/hair_care/shampoo', 'waitrose_rating': None, 'waitrose_unit_price': '(£1.13/100ml)', 'waitrose_new_flag': None, 'waitrose_prod_name': 'Herbal Essences Deep Repair Shampoo 400ml', 'images': []}
DEBUG: Scraped from <200 https://www.waitrose.com/ecom/shop/browse/groceries/toiletries_health_and_beauty/hair_care/shampoo>
{'client': 'Waitrose', 'time': datetime.datetime(2020, 8, 20, 15, 41, 31, 566330), 'category': 'Shampoo', 'id': 'tPp426973-298983-298984', 'prod_name': 'Head & Shoulders 2in1 Apple Fresh', 'waitrose_Qty': '450ml', 'waitrose_discounted_price': '£3.33', 'waitrose_offer_desc': 'Save 1/3.', 'waitrose_url': 'https://www.waitrose.com/ecom/shop/browse/groceries/toiletries_health_and_beauty/hair_care/shampoo', 'waitrose_rating': None, 'waitrose_unit_price': '(74p/100ml)', 'waitrose_new_flag': None, 'waitrose_prod_name': 'Head & Shoulders 2in1 Apple Fresh 450ml', 'images': []}
DEBUG: Scraped from <200 https://www.waitrose.com/ecom/shop/browse/groceries/toiletries_health_and_beauty/hair_care/shampoo>
{'client': 'Waitrose', 'time': datetime.datetime(2020, 8, 20, 15, 41, 31, 566330), 'category': 'Shampoo', 'id': 'tPp886458-216893-216894', 'prod_name': 'Ogx Brazilian Keratin Shampoo', 'waitrose_Qty': '385ml', 'waitrose_discounted_price': '£7.00', 'waitrose_offer_desc': 'Add 2 for £10', 'waitrose_url': 'https://www.waitrose.com/ecom/shop/browse/groceries/toiletries_health_and_beauty/hair_care/shampoo', 'waitrose_rating': '5', 'waitrose_unit_price': '(£1.82/100ml)', 'waitrose_new_flag': None, 'waitrose_prod_name': 'Ogx Brazilian Keratin Shampoo 385ml', 'images': []}
DEBUG: Scraped from <200 https://www.waitrose.com/ecom/shop/browse/groceries/toiletries_health_and_beauty/hair_care/shampoo>
{'client': 'Waitrose', 'time': datetime.datetime(2020, 8, 20, 15, 41, 31, 566330), 'category': 'Shampoo', 'id': 'tPp480888-154495-154496', 'prod_name': 'Head & Shoulders Smooth Shampoo', 'waitrose_Qty': '500ml', 'waitrose_discounted_price': '£3.43', 'waitrose_offer_desc': 'Save 1/3.', 'waitrose_url': 'https://www.waitrose.com/ecom/shop/browse/groceries/toiletries_health_and_beauty/hair_care/shampoo', 'waitrose_rating': None, 'waitrose_unit_price': '(68.6p/100ml)', 'waitrose_new_flag': None, 'waitrose_prod_name': 'Head & Shoulders Smooth Shampoo 500ml', 'images': []}
DEBUG: Scraped from <200 https://www.waitrose.com/ecom/shop/browse/groceries/toiletries_health_and_beauty/hair_care/shampoo>
{'client': 'Waitrose', 'time': datetime.datetime(2020, 8, 20, 15, 41, 31, 566330), 'category': 'Shampoo', 'id': 'tPp799806-683814-683815', 'prod_name': 'Tresemmé Shampoo Moisture Rich', 'waitrose_Qty': '800ml', 'waitrose_discounted_price': '£5.50', 'waitrose_offer_desc': None, 'waitrose_url': 'https://www.waitrose.com/ecom/shop/browse/groceries/toiletries_health_and_beauty/hair_care/shampoo', 'waitrose_rating': None, 'waitrose_unit_price': '(68.8p/100ml)', 'waitrose_new_flag': None, 'waitrose_prod_name': 'Tresemmé Shampoo Moisture Rich 800ml', 'images': []}
DEBUG: Scraped from <200 https://www.waitrose.com/ecom/shop/browse/groceries/toiletries_health_and_beauty/hair_care/shampoo>
{'client': 'Waitrose', 'time': datetime.datetime(2020, 8, 20, 15, 41, 31, 566330), 'category': 'Shampoo', 'id': 'tPp867514-720387-720388', 'prod_name': 'Head & Shoulders Coconut Shampoo', 'waitrose_Qty': '500ml', 'waitrose_discounted_price': '£3.33', 'waitrose_offer_desc': 'Save 1/3.', 'waitrose_url': 'https://www.waitrose.com/ecom/shop/browse/groceries/toiletries_health_and_beauty/hair_care/shampoo', 'waitrose_rating': None, 'waitrose_unit_price': '(66.6p/100ml)', 'waitrose_new_flag': None, 'waitrose_prod_name': 'Head & Shoulders Coconut Shampoo 500ml', 'images': []}
DEBUG: Scraped from <200 https://www.waitrose.com/ecom/shop/browse/groceries/toiletries_health_and_beauty/hair_care/shampoo>
{'client': 'Waitrose', 'time': datetime.datetime(2020, 8, 20, 15, 41, 31, 566330), 'category': 'Shampoo', 'id': 'tPp778297-720309-720310', 'prod_name': 'Pantene Grow Strong Shampoo', 'waitrose_Qty': '400ml', 'waitrose_discounted_price': '£3.75', 'waitrose_offer_desc': 'Add 2 for £5', 'waitrose_url': 'https://www.waitrose.com/ecom/shop/browse/groceries/toiletries_health_and_beauty/hair_care/shampoo', 'waitrose_rating': None, 'waitrose_unit_price': '(93.8p/100ml)', 'waitrose_new_flag': None, 'waitrose_prod_name': 'Pantene Grow Strong Shampoo 400ml', 'images': []}
DEBUG: Scraped from <200 https://www.waitrose.com/ecom/shop/browse/groceries/toiletries_health_and_beauty/hair_care/shampoo>
{'client': 'Waitrose', 'time': datetime.datetime(2020, 8, 20, 15, 41, 31, 566330), 'category': 'Shampoo', 'id': 'tPp755068-720289-720290', 'prod_name': 'Herbal Essences Aloe Hemp Shampoo', 'waitrose_Qty': '380ml', 'waitrose_discounted_price': '£4.50', 'waitrose_offer_desc': 'Add 2 for £6', 'waitrose_url': 'https://www.waitrose.com/ecom/shop/browse/groceries/toiletries_health_and_beauty/hair_care/shampoo', 'waitrose_rating': None, 'waitrose_unit_price': '(£1.19/100ml)', 'waitrose_new_flag': None, 'waitrose_prod_name': 'Herbal Essences Aloe Hemp Shampoo 380ml', 'images': []}
DEBUG: Scraped from <200 https://www.waitrose.com/ecom/shop/browse/groceries/toiletries_health_and_beauty/hair_care/shampoo>
{'client': 'Waitrose', 'time': datetime.datetime(2020, 8, 20, 15, 41, 31, 566330), 'category': 'Shampoo', 'id': 'tPp735751-154731-154732', 'prod_name': 'Aussie aussome volume shampoo', 'waitrose_Qty': '500ml', 'waitrose_discounted_price': '£6.10', 'waitrose_offer_desc': 'Add 2 for £9', 'waitrose_url': 'https://www.waitrose.com/ecom/shop/browse/groceries/toiletries_health_and_beauty/hair_care/shampoo', 'waitrose_rating': None, 'waitrose_unit_price': '(£1.22/100ml)', 'waitrose_new_flag': None, 'waitrose_prod_name': 'Aussie aussome volume shampoo 500ml', 'images': []}
DEBUG: Scraped from <200 https://www.waitrose.com/ecom/shop/browse/groceries/toiletries_health_and_beauty/hair_care/shampoo>
{'client': 'Waitrose', 'time': datetime.datetime(2020, 8, 20, 15, 41, 31, 566330), 'category': 'Shampoo', 'id': 'tPp662395-154665-154666', 'prod_name': 'Aussie colour mate shampoo', 'waitrose_Qty': '500ml', 'waitrose_discounted_price': '£6.15', 'waitrose_offer_desc': 'Add 2 for £9', 'waitrose_url': 'https://www.waitrose.com/ecom/shop/browse/groceries/toiletries_health_and_beauty/hair_care/shampoo', 'waitrose_rating': None, 'waitrose_unit_price': '(£1.23/100ml)', 'waitrose_new_flag': None, 'waitrose_prod_name': 'Aussie colour mate shampoo 500ml', 'images': []}
DEBUG: Scraped from <200 https://www.waitrose.com/ecom/shop/browse/groceries/toiletries_health_and_beauty/hair_care/shampoo>
{'client': 'Waitrose', 'time': datetime.datetime(2020, 8, 20, 15, 41, 31, 566330), 'category': 'Shampoo', 'id': 'tPp011495-5706-5707', 'prod_name': 'John Frieda Shampoo Touchably Full', 'waitrose_Qty': '250ml', 'waitrose_discounted_price': '£6.00', 'waitrose_offer_desc': None, 'waitrose_url': 'https://www.waitrose.com/ecom/shop/browse/groceries/toiletries_health_and_beauty/hair_care/shampoo', 'waitrose_rating': '4', 'waitrose_unit_price': '(£2.40/100ml)', 'waitrose_new_flag': None, 'waitrose_prod_name': 'John Frieda Shampoo Touchably Full 250ml', 'images': []}
DEBUG: Scraped from <200 https://www.waitrose.com/ecom/shop/browse/groceries/toiletries_health_and_beauty/hair_care/shampoo>
{'client': 'Waitrose', 'time': datetime.datetime(2020, 8, 20, 15, 41, 31, 566330), 'category': 'Shampoo', 'id': 'tPp062495-31737-31738', 'prod_name': 'Neutrogena T/Gel shampoo dry hair', 'waitrose_Qty': '125ml', 'waitrose_discounted_price': '£5.15', 'waitrose_offer_desc': None, 'waitrose_url': 'https://www.waitrose.com/ecom/shop/browse/groceries/toiletries_health_and_beauty/hair_care/shampoo', 'waitrose_rating': None, 'waitrose_unit_price': '(£4.12/100ml)', 'waitrose_new_flag': None, 'waitrose_prod_name': 'Neutrogena T/Gel shampoo dry hair 125ml', 'images': []}
DEBUG: Scraped from <200 https://www.waitrose.com/ecom/shop/browse/groceries/toiletries_health_and_beauty/hair_care/shampoo>
{'client': 'Waitrose', 'time': datetime.datetime(2020, 8, 20, 15, 41, 31, 566330), 'category': 'Shampoo', 'id': 'tPp092708-47659-47660', 'prod_name': 'Vosene Original Shampoo', 'waitrose_Qty': '250ml', 'waitrose_discounted_price': '£2.05', 'waitrose_offer_desc': None, 'waitrose_url': 'https://www.waitrose.com/ecom/shop/browse/groceries/toiletries_health_and_beauty/hair_care/shampoo', 'waitrose_rating': '5', 'waitrose_unit_price': '(82p/100ml)', 'waitrose_new_flag': None, 'waitrose_prod_name': 'Vosene Original Shampoo 250ml', 'images': []}
DEBUG: Scraped from <200 https://www.waitrose.com/ecom/shop/browse/groceries/toiletries_health_and_beauty/hair_care/shampoo>
{'client': 'Waitrose', 'time': datetime.datetime(2020, 8, 20, 15, 41, 31, 566330), 'category': 'Shampoo', 'id': 'tPp863078-695988-695989', 'prod_name': 'Pantene Hair Biology Full & Vibrant', 'waitrose_Qty': '250ml', 'waitrose_discounted_price': '£2.99', 'waitrose_offer_desc': 'Save 1/3.', 'waitrose_url': 'https://www.waitrose.com/ecom/shop/browse/groceries/toiletries_health_and_beauty/hair_care/shampoo', 'waitrose_rating': None, 'waitrose_unit_price': '(£1.20/100ml)', 'waitrose_new_flag': None, 'waitrose_prod_name': 'Pantene Hair Biology Full & Vibrant 250ml', 'images': []}
DEBUG: Scraped from <200 https://www.waitrose.com/ecom/shop/browse/groceries/toiletries_health_and_beauty/hair_care/shampoo>
{'client': 'Waitrose', 'time': datetime.datetime(2020, 8, 20, 15, 41, 31, 566330), 'category': 'Shampoo', 'id': 'tPp076232-38732-38733', 'prod_name': 'AOrganic Lavender Shampoo', 'waitrose_Qty': '325ml', 'waitrose_discounted_price': '£7.00', 'waitrose_offer_desc': 'Add 2 for £11', 'waitrose_url': 'https://www.waitrose.com/ecom/shop/browse/groceries/toiletries_health_and_beauty/hair_care/shampoo', 'waitrose_rating': '3.8', 'waitrose_unit_price': '(£2.16/100ml)', 'waitrose_new_flag': None, 'waitrose_prod_name': 'AOrganic Lavender Shampoo 325ml', 'images': []}
DEBUG: Scraped from <200 https://www.waitrose.com/ecom/shop/browse/groceries/toiletries_health_and_beauty/hair_care/shampoo>
{'client': 'Waitrose', 'time': datetime.datetime(2020, 8, 20, 15, 41, 31, 566330), 'category': 'Shampoo', 'id': 'tPp740653-352034-352035', 'prod_name': 'essential Waitrose Anti-Dandruff 2 in 1', 'waitrose_Qty': '300ml', 'waitrose_discounted_price': '£1.00', 'waitrose_offer_desc': None, 'waitrose_url': 'https://www.waitrose.com/ecom/shop/browse/groceries/toiletries_health_and_beauty/hair_care/shampoo', 'waitrose_rating': '4', 'waitrose_unit_price': '(33.3p/100ml)', 'waitrose_new_flag': None, 'waitrose_prod_name': 'essential Waitrose Anti-Dandruff 2 in 1 300ml', 'images': []}
DEBUG: Scraped from <200 https://www.waitrose.com/ecom/shop/browse/groceries/toiletries_health_and_beauty/hair_care/shampoo>
{'client': 'Waitrose', 'time': datetime.datetime(2020, 8, 20, 15, 41, 31, 566330), 'category': 'Shampoo', 'id': 'tPp790782-694215-694216', 'prod_name': 'Pantene 3in1 Smooth & Sleek', 'waitrose_Qty': '450ml', 'waitrose_discounted_price': '£3.75', 'waitrose_offer_desc': 'Add 2 for £5', 'waitrose_url': 'https://www.waitrose.com/ecom/shop/browse/groceries/toiletries_health_and_beauty/hair_care/shampoo', 'waitrose_rating': None, 'waitrose_unit_price': '(83.3p/100ml)', 'waitrose_new_flag': None, 'waitrose_prod_name': 'Pantene 3in1 Smooth & Sleek 450ml', 'images': []}
DEBUG: Scraped from <200 https://www.waitrose.com/ecom/shop/browse/groceries/toiletries_health_and_beauty/hair_care/shampoo>
{'client': 'Waitrose', 'time': datetime.datetime(2020, 8, 20, 15, 41, 31, 566330), 'category': 'Shampoo', 'id': 'tPp724972-694185-694186', 'prod_name': 'Pantene 3in1 Repair & Protect', 'waitrose_Qty': '450ml', 'waitrose_discounted_price': '£3.75', 'waitrose_offer_desc': 'Add 2 for £5', 'waitrose_url': 'https://www.waitrose.com/ecom/shop/browse/groceries/toiletries_health_and_beauty/hair_care/shampoo', 'waitrose_rating': None, 'waitrose_unit_price': '(83.3p/100ml)', 'waitrose_new_flag': None, 'waitrose_prod_name': 'Pantene 3in1 Repair & Protect 450ml', 'images': []}
DEBUG: Scraped from <200 https://www.waitrose.com/ecom/shop/browse/groceries/toiletries_health_and_beauty/hair_care/shampoo>
{'client': 'Waitrose', 'time': datetime.datetime(2020, 8, 20, 15, 41, 31, 566330), 'category': 'Shampoo', 'id': 'tPp059421-29947-29948', 'prod_name': 'Aussie Aussome Volume Shampoo', 'waitrose_Qty': '300ml', 'waitrose_discounted_price': '£4.00', 'waitrose_offer_desc': None, 'waitrose_url': 'https://www.waitrose.com/ecom/shop/browse/groceries/toiletries_health_and_beauty/hair_care/shampoo', 'waitrose_rating': '5', 'waitrose_unit_price': '(£1.34/100ml)', 'waitrose_new_flag': None, 'waitrose_prod_name': 'Aussie Aussome Volume Shampoo 300ml', 'images': []}
DEBUG: Scraped from <200 https://www.waitrose.com/ecom/shop/browse/groceries/toiletries_health_and_beauty/hair_care/shampoo>
{'client': 'Waitrose', 'time': datetime.datetime(2020, 8, 20, 15, 41, 31, 566330), 'category': 'Shampoo', 'id': 'tPp464815-154487-154488', 'prod_name': 'Batiste original dry shampoo', 'waitrose_Qty': '200ml', 'waitrose_discounted_price': '£3.00', 'waitrose_offer_desc': None, 'waitrose_url': 'https://www.waitrose.com/ecom/shop/browse/groceries/toiletries_health_and_beauty/hair_care/shampoo', 'waitrose_rating': '5', 'waitrose_unit_price': '(£1.50/100ml)', 'waitrose_new_flag': None, 'waitrose_prod_name': 'Batiste original dry shampoo 200ml', 'images': []}
DEBUG: Scraped from <200 https://www.waitrose.com/ecom/shop/browse/groceries/toiletries_health_and_beauty/hair_care/shampoo>
{'client': 'Waitrose', 'time': datetime.datetime(2020, 8, 20, 15, 41, 31, 566330), 'category': 'Shampoo', 'id': 'tPp836383-271490-271491', 'prod_name': 'Head & Shoulders 2in1 citrus care', 'waitrose_Qty': '450ml', 'waitrose_discounted_price': '£3.43', 'waitrose_offer_desc': 'Save 1/3.', 'waitrose_url': 'https://www.waitrose.com/ecom/shop/browse/groceries/toiletries_health_and_beauty/hair_care/shampoo', 'waitrose_rating': None, 'waitrose_unit_price': '(76.2p/100ml)', 'waitrose_new_flag': None, 'waitrose_prod_name': 'Head & Shoulders 2in1 citrus care 450ml', 'images': []}
DEBUG: Scraped from <200 https://www.waitrose.com/ecom/shop/browse/groceries/toiletries_health_and_beauty/hair_care/shampoo>
{'client': 'Waitrose', 'time': datetime.datetime(2020, 8, 20, 15, 41, 31, 566330), 'category': 'Shampoo', 'id': 'tPp610920-86669-86670', 'prod_name': 'Sheer Blonde Go Blonder Shampoo', 'waitrose_Qty': '250ml', 'waitrose_discounted_price': '£6.00', 'waitrose_offer_desc': None, 'waitrose_url': 'https://www.waitrose.com/ecom/shop/browse/groceries/toiletries_health_and_beauty/hair_care/shampoo', 'waitrose_rating': '3.5', 'waitrose_unit_price': '(£2.40/100ml)', 'waitrose_new_flag': None, 'waitrose_prod_name': 'Sheer Blonde Go Blonder Shampoo 250ml', 'images': []}
DEBUG: Scraped from <200 https://www.waitrose.com/ecom/shop/browse/groceries/toiletries_health_and_beauty/hair_care/shampoo>
{'client': 'Waitrose', 'time': datetime.datetime(2020, 8, 20, 15, 41, 31, 566330), 'category': 'Shampoo', 'id': 'tPp855732-695986-695987', 'prod_name': 'Hair Biology De-Frizz Shampoo', 'waitrose_Qty': '250ml', 'waitrose_discounted_price': '£2.99', 'waitrose_offer_desc': 'Save 1/3.', 'waitrose_url': 'https://www.waitrose.com/ecom/shop/browse/groceries/toiletries_health_and_beauty/hair_care/shampoo', 'waitrose_rating': None, 'waitrose_unit_price': '(£1.20/100ml)', 'waitrose_new_flag': None, 'waitrose_prod_name': 'Hair Biology De-Frizz Shampoo 250ml', 'images': []}
DEBUG: Scraped from <200 https://www.waitrose.com/ecom/shop/browse/groceries/toiletries_health_and_beauty/hair_care/shampoo>
{'client': 'Waitrose', 'time': datetime.datetime(2020, 8, 20, 15, 41, 31, 566330), 'category': 'Shampoo', 'id': 'tPp480728-631267-631268', 'prod_name': 'Ogx Orchid Oil Shampoo', 'waitrose_Qty': '385ml', 'waitrose_discounted_price': '£7.00', 'waitrose_offer_desc': 'Add 2 for £10', 'waitrose_url': 'https://www.waitrose.com/ecom/shop/browse/groceries/toiletries_health_and_beauty/hair_care/shampoo', 'waitrose_rating': '5', 'waitrose_unit_price': '(£1.82/100ml)', 'waitrose_new_flag': None, 'waitrose_prod_name': 'Ogx Orchid Oil Shampoo 385ml', 'images': []}
DEBUG: Scraped from <200 https://www.waitrose.com/ecom/shop/browse/groceries/toiletries_health_and_beauty/hair_care/shampoo>
{'client': 'Waitrose', 'time': datetime.datetime(2020, 8, 20, 15, 41, 31, 566330), 'category': 'Shampoo', 'id': 'tPp834106-299691-299692', 'prod_name': 'Head & Shoulders 2in1 smooth & silky', 'waitrose_Qty': '450ml', 'waitrose_discounted_price': '£3.33', 'waitrose_offer_desc': 'Save 1/3.', 'waitrose_url': 'https://www.waitrose.com/ecom/shop/browse/groceries/toiletries_health_and_beauty/hair_care/shampoo', 'waitrose_rating': None, 'waitrose_unit_price': '(74p/100ml)', 'waitrose_new_flag': None, 'waitrose_prod_name': 'Head & Shoulders 2in1 smooth & silky 450ml', 'images': []}
DEBUG: Scraped from <200 https://www.waitrose.com/ecom/shop/browse/groceries/toiletries_health_and_beauty/hair_care/shampoo>
{'client': 'Waitrose', 'time': datetime.datetime(2020, 8, 20, 15, 41, 31, 566330), 'category': 'Shampoo', 'id': 'tPp639145-337007-337008', 'prod_name': 'Tresemmé Shampoo Deep Cleansing', 'waitrose_Qty': '800ml', 'waitrose_discounted_price': '£5.50', 'waitrose_offer_desc': None, 'waitrose_url': 'https://www.waitrose.com/ecom/shop/browse/groceries/toiletries_health_and_beauty/hair_care/shampoo', 'waitrose_rating': '5', 'waitrose_unit_price': '(68.8p/100ml)', 'waitrose_new_flag': None, 'waitrose_prod_name': 'Tresemmé Shampoo Deep Cleansing 800ml', 'images': []}
DEBUG: Scraped from <200 https://www.waitrose.com/ecom/shop/browse/groceries/toiletries_health_and_beauty/hair_care/shampoo>
{'client': 'Waitrose', 'time': datetime.datetime(2020, 8, 20, 15, 41, 31, 566330), 'category': 'Shampoo', 'id': 'tPp595050-720203-720204', 'prod_name': 'Herbal Essences Coconut Shampoo', 'waitrose_Qty': '250ml', 'waitrose_discounted_price': '£3.00', 'waitrose_offer_desc': None, 'waitrose_url': 'https://www.waitrose.com/ecom/shop/browse/groceries/toiletries_health_and_beauty/hair_care/shampoo', 'waitrose_rating': None, 'waitrose_unit_price': '(£1.20/100ml)', 'waitrose_new_flag': None, 'waitrose_prod_name': 'Herbal Essences Coconut Shampoo 250ml', 'images': []}
DEBUG: Scraped from <200 https://www.waitrose.com/ecom/shop/browse/groceries/toiletries_health_and_beauty/hair_care/shampoo>
{'client': 'Waitrose', 'time': datetime.datetime(2020, 8, 20, 15, 41, 31, 566330), 'category': 'Shampoo', 'id': 'tPp486943-68769-68770', 'prod_name': 'Head & Shoulders 2in1 classic clean', 'waitrose_Qty': '225ml', 'waitrose_discounted_price': '£3.00', 'waitrose_offer_desc': None, 'waitrose_url': 'https://www.waitrose.com/ecom/shop/browse/groceries/toiletries_health_and_beauty/hair_care/shampoo', 'waitrose_rating': '4', 'waitrose_unit_price': '(£1.34/100ml)', 'waitrose_new_flag': None, 'waitrose_prod_name': 'Head & Shoulders 2in1 classic clean 225ml', 'images': []}
DEBUG: Scraped from <200 https://www.waitrose.com/ecom/shop/browse/groceries/toiletries_health_and_beauty/hair_care/shampoo>
{'client': 'Waitrose', 'time': datetime.datetime(2020, 8, 20, 15, 41, 31, 566330), 'category': 'Shampoo', 'id': 'tPp575547-494836-494837', 'prod_name': 'DGJ Thickening Shampoo', 'waitrose_Qty': '250ml', 'waitrose_discounted_price': '£5.00', 'waitrose_offer_desc': None, 'waitrose_url': 'https://www.waitrose.com/ecom/shop/browse/groceries/toiletries_health_and_beauty/hair_care/shampoo', 'waitrose_rating': '5', 'waitrose_unit_price': '(£2/100ml)', 'waitrose_new_flag': None, 'waitrose_prod_name': 'DGJ Thickening Shampoo 250ml', 'images': []}
DEBUG: Scraped from <200 https://www.waitrose.com/ecom/shop/browse/groceries/toiletries_health_and_beauty/hair_care/shampoo>
{'client': 'Waitrose', 'time': datetime.datetime(2020, 8, 20, 15, 41, 31, 566330), 'category': 'Shampoo', 'id': 'tPp096508-49364-49365', 'prod_name': 'Aussie Miracle Moist Shampoo', 'waitrose_Qty': '300ml', 'waitrose_discounted_price': '£4.10', 'waitrose_offer_desc': None, 'waitrose_url': 'https://www.waitrose.com/ecom/shop/browse/groceries/toiletries_health_and_beauty/hair_care/shampoo', 'waitrose_rating': '3.7', 'waitrose_unit_price': '(£1.37/100ml)', 'waitrose_new_flag': None, 'waitrose_prod_name': 'Aussie Miracle Moist Shampoo 300ml', 'images': []}
DEBUG: Scraped from <200 https://www.waitrose.com/ecom/shop/browse/groceries/toiletries_health_and_beauty/hair_care/shampoo>
{'client': 'Waitrose', 'time': datetime.datetime(2020, 8, 20, 15, 41, 31, 566330), 'category': 'Shampoo', 'id': 'tPp425124-59787-59788', 'prod_name': 'Brilliant Brunette Protecting Shampoo', 'waitrose_Qty': '250ml', 'waitrose_discounted_price': '£6.00', 'waitrose_offer_desc': None, 'waitrose_url': 'https://www.waitrose.com/ecom/shop/browse/groceries/toiletries_health_and_beauty/hair_care/shampoo', 'waitrose_rating': None, 'waitrose_unit_price': '(£2.40/100ml)', 'waitrose_new_flag': None, 'waitrose_prod_name': 'Brilliant Brunette Protecting Shampoo 250ml', 'images': []}
DEBUG: Scraped from <200 https://www.waitrose.com/ecom/shop/browse/groceries/toiletries_health_and_beauty/hair_care/shampoo>
{'client': 'Waitrose', 'time': datetime.datetime(2020, 8, 20, 15, 41, 31, 566330), 'category': 'Shampoo', 'id': 'tPp714629-729752-729753', 'prod_name': 'OGX Keratin Oil Shampoo', 'waitrose_Qty': '385ml', 'waitrose_discounted_price': '£7.00', 'waitrose_offer_desc': 'Add 2 for £10', 'waitrose_url': 'https://www.waitrose.com/ecom/shop/browse/groceries/toiletries_health_and_beauty/hair_care/shampoo', 'waitrose_rating': None, 'waitrose_unit_price': '(£1.82/100ml)', 'waitrose_new_flag': 'NEW', 'waitrose_prod_name': 'OGX Keratin Oil Shampoo 385ml', 'images': []}
DEBUG: Scraped from <200 https://www.waitrose.com/ecom/shop/browse/groceries/toiletries_health_and_beauty/hair_care/shampoo>
{'client': 'Waitrose', 'time': datetime.datetime(2020, 8, 20, 15, 41, 31, 566330), 'category': 'Shampoo', 'id': 'tPp567427-683666-683667', 'prod_name': 'Ogx Charcoal Detox Shampoo', 'waitrose_Qty': '385ml', 'waitrose_discounted_price': '£7.00', 'waitrose_offer_desc': 'Add 2 for £10', 'waitrose_url': 'https://www.waitrose.com/ecom/shop/browse/groceries/toiletries_health_and_beauty/hair_care/shampoo', 'waitrose_rating': None, 'waitrose_unit_price': '(£1.82/100ml)', 'waitrose_new_flag': None, 'waitrose_prod_name': 'Ogx Charcoal Detox Shampoo 385ml', 'images': []}
DEBUG: Scraped from <200 https://www.waitrose.com/ecom/shop/browse/groceries/toiletries_health_and_beauty/hair_care/shampoo>
{'client': 'Waitrose', 'time': datetime.datetime(2020, 8, 20, 15, 41, 31, 566330), 'category': 'Shampoo', 'id': 'tPp433216-720111-720112', 'prod_name': 'John Frieda Hydrate & Recharge Shampoo', 'waitrose_Qty': '250ml', 'waitrose_discounted_price': '£5.99', 'waitrose_offer_desc': None, 'waitrose_url': 'https://www.waitrose.com/ecom/shop/browse/groceries/toiletries_health_and_beauty/hair_care/shampoo', 'waitrose_rating': None, 'waitrose_unit_price': '(£2.40/100ml)', 'waitrose_new_flag': None, 'waitrose_prod_name': 'John Frieda Hydrate & Recharge Shampoo 250ml', 'images': []}
DEBUG: Scraped from <200 https://www.waitrose.com/ecom/shop/browse/groceries/toiletries_health_and_beauty/hair_care/shampoo>
{'client': 'Waitrose', 'time': datetime.datetime(2020, 8, 20, 15, 41, 31, 566330), 'category': 'Shampoo', 'id': 'tPp494340-69860-69861', 'prod_name': "Neal's Yard Rose Shampoo", 'waitrose_Qty': '200ml', 'waitrose_discounted_price': '£11.50', 'waitrose_offer_desc': None, 'waitrose_url': 'https://www.waitrose.com/ecom/shop/browse/groceries/toiletries_health_and_beauty/hair_care/shampoo', 'waitrose_rating': '3.1', 'waitrose_unit_price': '(£5.75/100ml)', 'waitrose_new_flag': None, 'waitrose_prod_name': "Neal's Yard Rose Shampoo 200ml", 'images': []}
DEBUG: Scraped from <200 https://www.waitrose.com/ecom/shop/browse/groceries/toiletries_health_and_beauty/hair_care/shampoo>
{'client': 'Waitrose', 'time': datetime.datetime(2020, 8, 20, 15, 41, 31, 566330), 'category': 'Shampoo', 'id': 'tPp096232-49248-49249', 'prod_name': 'Aussie Mega Shampoo', 'waitrose_Qty': '300ml', 'waitrose_discounted_price': '£4.10', 'waitrose_offer_desc': None, 'waitrose_url': 'https://www.waitrose.com/ecom/shop/browse/groceries/toiletries_health_and_beauty/hair_care/shampoo', 'waitrose_rating': '2.5', 'waitrose_unit_price': '(£1.37/100ml)', 'waitrose_new_flag': None, 'waitrose_prod_name': 'Aussie Mega Shampoo 300ml', 'images': []}
DEBUG: Scraped from <200 https://www.waitrose.com/ecom/shop/browse/groceries/toiletries_health_and_beauty/hair_care/shampoo>
{'client': 'Waitrose', 'time': datetime.datetime(2020, 8, 20, 15, 41, 31, 566330), 'category': 'Shampoo', 'id': 'tPp032765-16025-16026', 'prod_name': "L'Oréal kids shampoo berry strawberry", 'waitrose_Qty': '250ml', 'waitrose_discounted_price': '£2.00', 'waitrose_offer_desc': None, 'waitrose_url': 'https://www.waitrose.com/ecom/shop/browse/groceries/toiletries_health_and_beauty/hair_care/shampoo', 'waitrose_rating': None, 'waitrose_unit_price': '(80p/100ml)', 'waitrose_new_flag': None, 'waitrose_prod_name': "L'Oréal kids shampoo berry strawberry 250ml", 'images': []}
DEBUG: Scraped from <200 https://www.waitrose.com/ecom/shop/browse/groceries/toiletries_health_and_beauty/hair_care/shampoo>
{'client': 'Waitrose', 'time': datetime.datetime(2020, 8, 20, 15, 41, 31, 566330), 'category': 'Shampoo', 'id': 'tPp425163-526469-526470', 'prod_name': 'Frizz Ease Shampoo Miraculous Recovery', 'waitrose_Qty': '250ml', 'waitrose_discounted_price': '£6.00', 'waitrose_offer_desc': None, 'waitrose_url': 'https://www.waitrose.com/ecom/shop/browse/groceries/toiletries_health_and_beauty/hair_care/shampoo', 'waitrose_rating': None, 'waitrose_unit_price': '(£2.40/100ml)', 'waitrose_new_flag': None, 'waitrose_prod_name': 'Frizz Ease Shampoo Miraculous Recovery 250ml', 'images': []}
DEBUG: Scraped from <200 https://www.waitrose.com/ecom/shop/browse/groceries/toiletries_health_and_beauty/hair_care/shampoo>
{'client': 'Waitrose', 'time': datetime.datetime(2020, 8, 20, 15, 41, 31, 566330), 'category': 'Shampoo', 'id': 'tPp402915-526384-526385', 'prod_name': 'John Frieda Violet Crush Shampoo', 'waitrose_Qty': '250ml', 'waitrose_discounted_price': '£6.00', 'waitrose_offer_desc': None, 'waitrose_url': 'https://www.waitrose.com/ecom/shop/browse/groceries/toiletries_health_and_beauty/hair_care/shampoo', 'waitrose_rating': '5', 'waitrose_unit_price': '(£2.40/100ml)', 'waitrose_new_flag': None, 'waitrose_prod_name': 'John Frieda Violet Crush Shampoo 250ml', 'images': []}
DEBUG: Scraped from <200 https://www.waitrose.com/ecom/shop/browse/groceries/toiletries_health_and_beauty/hair_care/shampoo>
{'client': 'Waitrose', 'time': datetime.datetime(2020, 8, 20, 15, 41, 31, 566330), 'category': 'Shampoo', 'id': 'tPp871494-495182-495183', 'prod_name': 'DGJ Hairjuice Shampoo', 'waitrose_Qty': '250ml', 'waitrose_discounted_price': '£5.00', 'waitrose_offer_desc': None, 'waitrose_url': 'https://www.waitrose.com/ecom/shop/browse/groceries/toiletries_health_and_beauty/hair_care/shampoo', 'waitrose_rating': '5', 'waitrose_unit_price': '(£2/100ml)', 'waitrose_new_flag': None, 'waitrose_prod_name': 'DGJ Hairjuice Shampoo 250ml', 'images': []}
DEBUG: Scraped from <200 https://www.waitrose.com/ecom/shop/browse/groceries/toiletries_health_and_beauty/hair_care/shampoo>
{'client': 'Waitrose', 'time': datetime.datetime(2020, 8, 20, 15, 41, 31, 566330), 'category': 'Shampoo', 'id': 'tPp853982-154925-154926', 'prod_name': 'Batiste blush dry shampoo', 'waitrose_Qty': '200ml', 'waitrose_discounted_price': '£3.00', 'waitrose_offer_desc': None, 'waitrose_url': 'https://www.waitrose.com/ecom/shop/browse/groceries/toiletries_health_and_beauty/hair_care/shampoo', 'waitrose_rating': '4', 'waitrose_unit_price': '(£1.50/100ml)', 'waitrose_new_flag': None, 'waitrose_prod_name': 'Batiste blush dry shampoo 200ml', 'images': []}
DEBUG: Scraped from <200 https://www.waitrose.com/ecom/shop/browse/groceries/toiletries_health_and_beauty/hair_care/shampoo>
{'client': 'Waitrose', 'time': datetime.datetime(2020, 8, 20, 15, 41, 31, 566330), 'category': 'Shampoo', 'id': 'tPp694392-98595-98596', 'prod_name': 'Head & Shoulders Shampoo Cool Menthol', 'waitrose_Qty': '500ml', 'waitrose_discounted_price': '£3.43', 'waitrose_offer_desc': 'Save 1/3.', 'waitrose_url': 'https://www.waitrose.com/ecom/shop/browse/groceries/toiletries_health_and_beauty/hair_care/shampoo', 'waitrose_rating': None, 'waitrose_unit_price': '(68.6p/100ml)', 'waitrose_new_flag': None, 'waitrose_prod_name': 'Head & Shoulders Shampoo Cool Menthol 500ml', 'images': []}
DEBUG: Scraped from <200 https://www.waitrose.com/ecom/shop/browse/groceries/toiletries_health_and_beauty/hair_care/shampoo>
{'client': 'Waitrose', 'time': datetime.datetime(2020, 8, 20, 15, 41, 31, 566330), 'category': 'Shampoo', 'id': 'tPp554742-695503-695504', 'prod_name': 'Umberto Giannini Violet Shampoo', 'waitrose_Qty': '250ml', 'waitrose_discounted_price': '£8.00', 'waitrose_offer_desc': None, 'waitrose_url': 'https://www.waitrose.com/ecom/shop/browse/groceries/toiletries_health_and_beauty/hair_care/shampoo', 'waitrose_rating': None, 'waitrose_unit_price': '(£3.20/100ml)', 'waitrose_new_flag': None, 'waitrose_prod_name': 'Umberto Giannini Violet Shampoo 250ml', 'images': []}
DEBUG: Scraped from <200 https://www.waitrose.com/ecom/shop/browse/groceries/toiletries_health_and_beauty/hair_care/shampoo>
{'client': 'Waitrose', 'time': datetime.datetime(2020, 8, 20, 15, 41, 31, 566330), 'category': 'Shampoo', 'id': 'tPp809690-337194-337195', 'prod_name': 'Head & Shoulders 2in1 Itchy Scalp', 'waitrose_Qty': '450ml', 'waitrose_discounted_price': '£3.43', 'waitrose_offer_desc': 'Save 1/3.', 'waitrose_url': 'https://www.waitrose.com/ecom/shop/browse/groceries/toiletries_health_and_beauty/hair_care/shampoo', 'waitrose_rating': '5', 'waitrose_unit_price': '(76.2p/100ml)', 'waitrose_new_flag': None, 'waitrose_prod_name': 'Head & Shoulders 2in1 Itchy Scalp 450ml', 'images': []}
DEBUG: Scraped from <200 https://www.waitrose.com/ecom/shop/browse/groceries/toiletries_health_and_beauty/hair_care/shampoo>
{'client': 'Waitrose', 'time': datetime.datetime(2020, 8, 20, 15, 41, 31, 566330), 'category': 'Shampoo', 'id': 'tPp725068-723986-723987', 'prod_name': 'Faith in Nature Lavender Shampoo', 'waitrose_Qty': '400ml', 'waitrose_discounted_price': '£5.79', 'waitrose_offer_desc': None, 'waitrose_url': 'https://www.waitrose.com/ecom/shop/browse/groceries/toiletries_health_and_beauty/hair_care/shampoo', 'waitrose_rating': None, 'waitrose_unit_price': '(£1.45/100ml)', 'waitrose_new_flag': None, 'waitrose_prod_name': 'Faith in Nature Lavender Shampoo 400ml', 'images': []}
DEBUG: Scraped from <200 https://www.waitrose.com/ecom/shop/browse/groceries/toiletries_health_and_beauty/hair_care/shampoo>
{'client': 'Waitrose', 'time': datetime.datetime(2020, 8, 20, 15, 41, 31, 566330), 'category': 'Shampoo', 'id': 'tPp819563-729788-729789', 'prod_name': 'Aussie Blonde Purple Shampoo', 'waitrose_Qty': '290ml', 'waitrose_discounted_price': '£5.99', 'waitrose_offer_desc': None, 'waitrose_url': 'https://www.waitrose.com/ecom/shop/browse/groceries/toiletries_health_and_beauty/hair_care/shampoo', 'waitrose_rating': None, 'waitrose_unit_price': '(£2.07/100ml)', 'waitrose_new_flag': 'NEW', 'waitrose_prod_name': 'Aussie Blonde Purple Shampoo 290ml', 'images': []}
DEBUG: Scraped from <200 https://www.waitrose.com/ecom/shop/browse/groceries/toiletries_health_and_beauty/hair_care/shampoo>
{'client': 'Waitrose', 'time': datetime.datetime(2020, 8, 20, 15, 41, 31, 566330), 'category': 'Shampoo', 'id': 'tPp847454-724141-724142', 'prod_name': 'Faith in Nature Grapefruit Shampoo', 'waitrose_Qty': '400ml', 'waitrose_discounted_price': '£5.79', 'waitrose_offer_desc': None, 'waitrose_url': 'https://www.waitrose.com/ecom/shop/browse/groceries/toiletries_health_and_beauty/hair_care/shampoo', 'waitrose_rating': None, 'waitrose_unit_price': '(£1.45/100ml)', 'waitrose_new_flag': None, 'waitrose_prod_name': 'Faith in Nature Grapefruit Shampoo 400ml', 'images': []}
DEBUG: Scraped from <200 https://www.waitrose.com/ecom/shop/browse/groceries/toiletries_health_and_beauty/hair_care/shampoo>
{'client': 'Waitrose', 'time': datetime.datetime(2020, 8, 20, 15, 41, 31, 566330), 'category': 'Shampoo', 'id': 'tPp775870-724036-724037', 'prod_name': 'Faith in Nature Wild Rose Shampoo', 'waitrose_Qty': '400ml', 'waitrose_discounted_price': '£5.79', 'waitrose_offer_desc': None, 'waitrose_url': 'https://www.waitrose.com/ecom/shop/browse/groceries/toiletries_health_and_beauty/hair_care/shampoo', 'waitrose_rating': '5', 'waitrose_unit_price': '(£1.45/100ml)', 'waitrose_new_flag': None, 'waitrose_prod_name': 'Faith in Nature Wild Rose Shampoo 400ml', 'images': []}
DEBUG: Scraped from <200 https://www.waitrose.com/ecom/shop/browse/groceries/toiletries_health_and_beauty/hair_care/shampoo>
{'client': 'Waitrose', 'time': datetime.datetime(2020, 8, 20, 15, 41, 31, 566330), 'category': 'Shampoo', 'id': 'tPp812614-707138-707139', 'prod_name': 'Beco Spring Meadow Shampoo Bar', 'waitrose_Qty': '90g', 'waitrose_discounted_price': '£4.00', 'waitrose_offer_desc': None, 'waitrose_url': 'https://www.waitrose.com/ecom/shop/browse/groceries/toiletries_health_and_beauty/hair_care/shampoo', 'waitrose_rating': '3.3', 'waitrose_unit_price': '(£4.45/100g)', 'waitrose_new_flag': None, 'waitrose_prod_name': 'Beco Spring Meadow Shampoo Bar 90g', 'images': []}
DEBUG: Scraped from <200 https://www.waitrose.com/ecom/shop/browse/groceries/toiletries_health_and_beauty/hair_care/shampoo>
{'client': 'Waitrose', 'time': datetime.datetime(2020, 8, 20, 15, 41, 31, 566330), 'category': 'Shampoo', 'id': 'tPp735040-695707-695708', 'prod_name': 'Vosene Kids 3in1 Tea Tree Shampoo', 'waitrose_Qty': '250ml', 'waitrose_discounted_price': '£2.50', 'waitrose_offer_desc': None, 'waitrose_url': 'https://www.waitrose.com/ecom/shop/browse/groceries/toiletries_health_and_beauty/hair_care/shampoo', 'waitrose_rating': None, 'waitrose_unit_price': '(£1/100ml)', 'waitrose_new_flag': None, 'waitrose_prod_name': 'Vosene Kids 3in1 Tea Tree Shampoo 250ml', 'images': []}
DEBUG: Scraped from <200 https://www.waitrose.com/ecom/shop/browse/groceries/toiletries_health_and_beauty/hair_care/shampoo>
{'client': 'Waitrose', 'time': datetime.datetime(2020, 8, 20, 15, 41, 31, 566330), 'category': 'Shampoo', 'id': 'tPp756229-563906-563907', 'prod_name': 'Head & Shoulders 2 in 1 Total Care', 'waitrose_Qty': '225ml', 'waitrose_discounted_price': '£3.00', 'waitrose_offer_desc': None, 'waitrose_url': 'https://www.waitrose.com/ecom/shop/browse/groceries/toiletries_health_and_beauty/hair_care/shampoo', 'waitrose_rating': None, 'waitrose_unit_price': '(£1.34/100ml)', 'waitrose_new_flag': None, 'waitrose_prod_name': 'Head & Shoulders 2 in 1 Total Care 225ml', 'images': []}
DEBUG: Scraped from <200 https://www.waitrose.com/ecom/shop/browse/groceries/toiletries_health_and_beauty/hair_care/shampoo>
{'client': 'Waitrose', 'time': datetime.datetime(2020, 8, 20, 15, 41, 31, 566330), 'category': 'Shampoo', 'id': 'tPp492090-729670-729671', 'prod_name': 'Percy & Reed Volumising Shampoo', 'waitrose_Qty': '250ml', 'waitrose_discounted_price': '£12.00', 'waitrose_offer_desc': 'Save 1/3.', 'waitrose_url': 'https://www.waitrose.com/ecom/shop/browse/groceries/toiletries_health_and_beauty/hair_care/shampoo', 'waitrose_rating': None, 'waitrose_unit_price': '(£4.80/100ml)', 'waitrose_new_flag': 'NEW', 'waitrose_prod_name': 'Percy & Reed Volumising Shampoo 250ml', 'images': []}
DEBUG: Scraped from <200 https://www.waitrose.com/ecom/shop/browse/groceries/toiletries_health_and_beauty/hair_care/shampoo>
{'client': 'Waitrose', 'time': datetime.datetime(2020, 8, 20, 15, 41, 31, 566330), 'category': 'Shampoo', 'id': 'tPp405353-729640-729641', 'prod_name': 'Percy & Reed No-Fuss Dry Shampoo', 'waitrose_Qty': '200ml', 'waitrose_discounted_price': '£10.00', 'waitrose_offer_desc': 'Save 1/3.', 'waitrose_url': 'https://www.waitrose.com/ecom/shop/browse/groceries/toiletries_health_and_beauty/hair_care/shampoo', 'waitrose_rating': None, 'waitrose_unit_price': '(£5/100ml)', 'waitrose_new_flag': 'NEW', 'waitrose_prod_name': 'Percy & Reed No-Fuss Dry Shampoo 200ml', 'images': []}
DEBUG: Scraped from <200 https://www.waitrose.com/ecom/shop/browse/groceries/toiletries_health_and_beauty/hair_care/shampoo>
{'client': 'Waitrose', 'time': datetime.datetime(2020, 8, 20, 15, 41, 31, 566330), 'category': 'Shampoo', 'id': 'tPp889100-330444-330445', 'prod_name': 'AOrganic Rosemary Shampoo', 'waitrose_Qty': '325ml', 'waitrose_discounted_price': '£7.00', 'waitrose_offer_desc': 'Add 2 for £11', 'waitrose_url': 'https://www.waitrose.com/ecom/shop/browse/groceries/toiletries_health_and_beauty/hair_care/shampoo', 'waitrose_rating': '2.5', 'waitrose_unit_price': '(£2.16/100ml)', 'waitrose_new_flag': None, 'waitrose_prod_name': 'AOrganic Rosemary Shampoo 325ml', 'images': []}
DEBUG: Scraped from <200 https://www.waitrose.com/ecom/shop/browse/groceries/toiletries_health_and_beauty/hair_care/shampoo>
{'client': 'Waitrose', 'time': datetime.datetime(2020, 8, 20, 15, 41, 31, 566330), 'category': 'Shampoo', 'id': 'tPp581644-729702-729703', 'prod_name': 'Percy & Reed Hydrating Shampoo', 'waitrose_Qty': '250ml', 'waitrose_discounted_price': '£12.00', 'waitrose_offer_desc': 'Save 1/3.', 'waitrose_url': 'https://www.waitrose.com/ecom/shop/browse/groceries/toiletries_health_and_beauty/hair_care/shampoo', 'waitrose_rating': None, 'waitrose_unit_price': '(£4.80/100ml)', 'waitrose_new_flag': 'NEW', 'waitrose_prod_name': 'Percy & Reed Hydrating Shampoo 250ml', 'images': []}
DEBUG: Scraped from <200 https://www.waitrose.com/ecom/shop/browse/groceries/toiletries_health_and_beauty/hair_care/shampoo>
{'client': 'Waitrose', 'time': datetime.datetime(2020, 8, 20, 15, 41, 31, 566330), 'category': 'Shampoo', 'id': 'tPp838287-695984-695985', 'prod_name': 'Pantene Hair Biology Illuminating Mask', 'waitrose_Qty': '160ml', 'waitrose_discounted_price': '£2.99', 'waitrose_offer_desc': 'Save 1/3.', 'waitrose_url': 'https://www.waitrose.com/ecom/shop/browse/groceries/toiletries_health_and_beauty/hair_care/shampoo', 'waitrose_rating': None, 'waitrose_unit_price': '(£1.87/100ml)', 'waitrose_new_flag': None, 'waitrose_prod_name': 'Pantene Hair Biology Illuminating Mask 160ml', 'images': []}
DEBUG: Scraped from <200 https://www.waitrose.com/ecom/shop/browse/groceries/toiletries_health_and_beauty/hair_care/shampoo>
{'client': 'Waitrose', 'time': datetime.datetime(2020, 8, 20, 15, 41, 31, 566330), 'category': 'Shampoo', 'id': 'tPp888765-695909-695910', 'prod_name': 'Umberto Giannini Curl Jelly Wash', 'waitrose_Qty': '250ml', 'waitrose_discounted_price': '£8.00', 'waitrose_offer_desc': None, 'waitrose_url': 'https://www.waitrose.com/ecom/shop/browse/groceries/toiletries_health_and_beauty/hair_care/shampoo', 'waitrose_rating': '2.5', 'waitrose_unit_price': '(£3.20/100ml)', 'waitrose_new_flag': None, 'waitrose_prod_name': 'Umberto Giannini Curl Jelly Wash 250ml', 'images': []}
DEBUG: Scraped from <200 https://www.waitrose.com/ecom/shop/browse/groceries/toiletries_health_and_beauty/hair_care/shampoo>
{'client': 'Waitrose', 'time': datetime.datetime(2020, 8, 20, 15, 41, 31, 566330), 'category': 'Shampoo', 'id': 'tPp829437-695831-695832', 'prod_name': 'Umberto Giannini Grow Long Shampoo', 'waitrose_Qty': '250ml', 'waitrose_discounted_price': '£8.00', 'waitrose_offer_desc': None, 'waitrose_url': 'https://www.waitrose.com/ecom/shop/browse/groceries/toiletries_health_and_beauty/hair_care/shampoo', 'waitrose_rating': '5', 'waitrose_unit_price': '(£3.20/100ml)', 'waitrose_new_flag': None, 'waitrose_prod_name': 'Umberto Giannini Grow Long Shampoo 250ml', 'images': []}
DEBUG: Scraped from <200 https://www.waitrose.com/ecom/shop/browse/groceries/toiletries_health_and_beauty/hair_care/shampoo>
{'client': 'Waitrose', 'time': datetime.datetime(2020, 8, 20, 15, 41, 31, 566330), 'category': 'Shampoo', 'id': 'tPp734002-695705-695706', 'prod_name': 'Percy & Reed Wonder Wash Shampoo', 'waitrose_Qty': '250ml', 'waitrose_discounted_price': '£12.00', 'waitrose_offer_desc': 'Save 1/3.', 'waitrose_url': 'https://www.waitrose.com/ecom/shop/browse/groceries/toiletries_health_and_beauty/hair_care/shampoo', 'waitrose_rating': None, 'waitrose_unit_price': '(£4.80/100ml)', 'waitrose_new_flag': None, 'waitrose_prod_name': 'Percy & Reed Wonder Wash Shampoo 250ml', 'images': []}
DEBUG: Scraped from <200 https://www.waitrose.com/ecom/shop/browse/groceries/toiletries_health_and_beauty/hair_care/shampoo>
{'client': 'Waitrose', 'time': datetime.datetime(2020, 8, 20, 15, 41, 31, 566330), 'category': 'Shampoo', 'id': 'tPp803275-329016-329017', 'prod_name': 'AOrganic Peppermint Shampoo', 'waitrose_Qty': '325ml', 'waitrose_discounted_price': '£7.00', 'waitrose_offer_desc': 'Add 2 for £11', 'waitrose_url': 'https://www.waitrose.com/ecom/shop/browse/groceries/toiletries_health_and_beauty/hair_care/shampoo', 'waitrose_rating': None, 'waitrose_unit_price': '(£2.16/100ml)', 'waitrose_new_flag': None, 'waitrose_prod_name': 'AOrganic Peppermint Shampoo 325ml', 'images': []}
DEBUG: Scraped from <200 https://www.waitrose.com/ecom/shop/browse/groceries/toiletries_health_and_beauty/hair_care/shampoo>
{'client': 'Waitrose', 'time': datetime.datetime(2020, 8, 20, 15, 41, 31, 566330), 'category': 'Shampoo', 'id': 'tPp844892-695845-695846', 'prod_name': 'Head & Shoulders Colour Protect', 'waitrose_Qty': '400ml', 'waitrose_discounted_price': '£5.00', 'waitrose_offer_desc': None, 'waitrose_url': 'https://www.waitrose.com/ecom/shop/browse/groceries/toiletries_health_and_beauty/hair_care/shampoo', 'waitrose_rating': None, 'waitrose_unit_price': '(£1.25/100ml)', 'waitrose_new_flag': None, 'waitrose_prod_name': 'Head & Shoulders Colour Protect 400ml', 'images': []}
DEBUG: Scraped from <200 https://www.waitrose.com/ecom/shop/browse/groceries/toiletries_health_and_beauty/hair_care/shampoo>
{'client': 'Waitrose', 'time': datetime.datetime(2020, 8, 20, 15, 41, 31, 566330), 'category': 'Shampoo', 'id': 'tPp711086-652694-652695', 'prod_name': 'Head & Shoulders Supreme Moisture', 'waitrose_Qty': '400ml', 'waitrose_discounted_price': '£5.15', 'waitrose_offer_desc': None, 'waitrose_url': 'https://www.waitrose.com/ecom/shop/browse/groceries/toiletries_health_and_beauty/hair_care/shampoo', 'waitrose_rating': None, 'waitrose_unit_price': '(£1.29/100ml)', 'waitrose_new_flag': None, 'waitrose_prod_name': 'Head & Shoulders Supreme Moisture 400ml', 'images': []}
DEBUG: Scraped from <200 https://www.waitrose.com/ecom/shop/browse/groceries/toiletries_health_and_beauty/hair_care/shampoo>
{'client': 'Waitrose', 'time': datetime.datetime(2020, 8, 20, 15, 41, 31, 566330), 'category': 'Shampoo', 'id': 'tPp895244-495222-495223', 'prod_name': 'DGJ Clarifying Shampoo', 'waitrose_Qty': '250ml', 'waitrose_discounted_price': '£5.00', 'waitrose_offer_desc': None, 'waitrose_url': 'https://www.waitrose.com/ecom/shop/browse/groceries/toiletries_health_and_beauty/hair_care/shampoo', 'waitrose_rating': None, 'waitrose_unit_price': '(£2/100ml)', 'waitrose_new_flag': None, 'waitrose_prod_name': 'DGJ Clarifying Shampoo 250ml', 'images': []}
DEBUG: Scraped from <200 https://www.waitrose.com/ecom/shop/browse/groceries/toiletries_health_and_beauty/hair_care/shampoo>
{'client': 'Waitrose', 'time': datetime.datetime(2020, 8, 20, 15, 41, 31, 566330), 'category': 'Shampoo', 'id': 'tPp083596-42439-42440', 'prod_name': 'Aussie Colour Mate Shampoo', 'waitrose_Qty': '300ml', 'waitrose_discounted_price': '£4.10', 'waitrose_offer_desc': None, 'waitrose_url': 'https://www.waitrose.com/ecom/shop/browse/groceries/toiletries_health_and_beauty/hair_care/shampoo', 'waitrose_rating': '5', 'waitrose_unit_price': '(£1.37/100ml)', 'waitrose_new_flag': None, 'waitrose_prod_name': 'Aussie Colour Mate Shampoo 300ml', 'images': []}
DEBUG: Scraped from <200 https://www.waitrose.com/ecom/shop/browse/groceries/toiletries_health_and_beauty/hair_care/shampoo>
{'client': 'Waitrose', 'time': datetime.datetime(2020, 8, 20, 15, 41, 31, 566330), 'category': 'Shampoo', 'id': 'tPp686838-346630-346631', 'prod_name': 'Richard Ward argan antiageing shampoo', 'waitrose_Qty': '250ml', 'waitrose_discounted_price': '£6.00', 'waitrose_offer_desc': None, 'waitrose_url': 'https://www.waitrose.com/ecom/shop/browse/groceries/toiletries_health_and_beauty/hair_care/shampoo', 'waitrose_rating': '4.1', 'waitrose_unit_price': '(£2.40/100ml)', 'waitrose_new_flag': None, 'waitrose_prod_name': 'Richard Ward argan antiageing shampoo 250ml', 'images': []}
DEBUG: Scraped from <200 https://www.waitrose.com/ecom/shop/browse/groceries/toiletries_health_and_beauty/hair_care/shampoo>
{'client': 'Waitrose', 'time': datetime.datetime(2020, 8, 20, 15, 41, 31, 566330), 'category': 'Shampoo', 'id': 'tPp819340-720339-720340', 'prod_name': 'Head & Shoulders Supreme Shampoo', 'waitrose_Qty': '400ml', 'waitrose_discounted_price': '£5.00', 'waitrose_offer_desc': None, 'waitrose_url': 'https://www.waitrose.com/ecom/shop/browse/groceries/toiletries_health_and_beauty/hair_care/shampoo', 'waitrose_rating': None, 'waitrose_unit_price': '(£1.25/100ml)', 'waitrose_new_flag': None, 'waitrose_prod_name': 'Head & Shoulders Supreme Shampoo 400ml', 'images': []}
DEBUG: Scraped from <200 https://www.waitrose.com/ecom/shop/browse/groceries/toiletries_health_and_beauty/hair_care/shampoo>
{'client': 'Waitrose', 'time': datetime.datetime(2020, 8, 20, 15, 41, 31, 566330), 'category': 'Shampoo', 'id': 'tPp538896-720173-720174', 'prod_name': 'Herbal Essences Argan Oil Shampoo', 'waitrose_Qty': '250ml', 'waitrose_discounted_price': '£3.00', 'waitrose_offer_desc': None, 'waitrose_url': 'https://www.waitrose.com/ecom/shop/browse/groceries/toiletries_health_and_beauty/hair_care/shampoo', 'waitrose_rating': None, 'waitrose_unit_price': '(£1.20/100ml)', 'waitrose_new_flag': None, 'waitrose_prod_name': 'Herbal Essences Argan Oil Shampoo 250ml', 'images': []}
DEBUG: Scraped from <200 https://www.waitrose.com/ecom/shop/browse/groceries/toiletries_health_and_beauty/hair_care/shampoo>
{'client': 'Waitrose', 'time': datetime.datetime(2020, 8, 20, 15, 41, 31, 566330), 'category': 'Shampoo', 'id': 'tPp502437-720153-720154', 'prod_name': 'Aussie Calm The Frizz Shampoo', 'waitrose_Qty': '300ml', 'waitrose_discounted_price': '£4.00', 'waitrose_offer_desc': None, 'waitrose_url': 'https://www.waitrose.com/ecom/shop/browse/groceries/toiletries_health_and_beauty/hair_care/shampoo', 'waitrose_rating': None, 'waitrose_unit_price': '(£1.34/100ml)', 'waitrose_new_flag': None, 'waitrose_prod_name': 'Aussie Calm The Frizz Shampoo 300ml', 'images': []}
DEBUG: Scraped from <200 https://www.waitrose.com/ecom/shop/browse/groceries/toiletries_health_and_beauty/hair_care/shampoo>
{'client': 'Waitrose', 'time': datetime.datetime(2020, 8, 20, 15, 41, 31, 566330), 'category': 'Shampoo', 'id': 'tPp852396-695857-695858', 'prod_name': 'BECO. Honey Blossom Shampoo Bar', 'waitrose_Qty': '90g', 'waitrose_discounted_price': '£4.00', 'waitrose_offer_desc': None, 'waitrose_url': 'https://www.waitrose.com/ecom/shop/browse/groceries/toiletries_health_and_beauty/hair_care/shampoo', 'waitrose_rating': '4.9', 'waitrose_unit_price': '(£4.45/100g)', 'waitrose_new_flag': None, 'waitrose_prod_name': 'BECO. Honey Blossom Shampoo Bar 90g', 'images': []}
DEBUG: Scraped from <200 https://www.waitrose.com/ecom/shop/browse/groceries/toiletries_health_and_beauty/hair_care/shampoo>
{'client': 'Waitrose', 'time': datetime.datetime(2020, 8, 20, 15, 41, 31, 566330), 'category': 'Shampoo', 'id': 'tPp584599-695531-695532', 'prod_name': 'Batiste Dry Shampoo Volume', 'waitrose_Qty': '200ml', 'waitrose_discounted_price': '£4.25', 'waitrose_offer_desc': None, 'waitrose_url': 'https://www.waitrose.com/ecom/shop/browse/groceries/toiletries_health_and_beauty/hair_care/shampoo', 'waitrose_rating': None, 'waitrose_unit_price': '(£2.13/100ml)', 'waitrose_new_flag': None, 'waitrose_prod_name': 'Batiste Dry Shampoo Volume 200ml', 'images': []}
DEBUG: Scraped from <200 https://www.waitrose.com/ecom/shop/browse/groceries/toiletries_health_and_beauty/hair_care/shampoo>
{'client': 'Waitrose', 'time': datetime.datetime(2020, 8, 20, 15, 41, 31, 566330), 'category': 'Shampoo', 'id': 'tPp502050-631293-631294', 'prod_name': 'Hask Argan Oil Repairing Shampoo', 'waitrose_Qty': '355ml', 'waitrose_discounted_price': '£7.00', 'waitrose_offer_desc': None, 'waitrose_url': 'https://www.waitrose.com/ecom/shop/browse/groceries/toiletries_health_and_beauty/hair_care/shampoo', 'waitrose_rating': '3.7', 'waitrose_unit_price': '(£1.98/100ml)', 'waitrose_new_flag': None, 'waitrose_prod_name': 'Hask Argan Oil Repairing Shampoo 355ml', 'images': []}
DEBUG: Scraped from <200 https://www.waitrose.com/ecom/shop/browse/groceries/toiletries_health_and_beauty/hair_care/shampoo>
{'client': 'Waitrose', 'time': datetime.datetime(2020, 8, 20, 15, 41, 31, 566330), 'category': 'Shampoo', 'id': 'tPp065299-33095-33096', 'prod_name': 'Frizz Ease Dream Curls Shampoo', 'waitrose_Qty': '250ml', 'waitrose_discounted_price': '£6.00', 'waitrose_offer_desc': None, 'waitrose_url': 'https://www.waitrose.com/ecom/shop/browse/groceries/toiletries_health_and_beauty/hair_care/shampoo', 'waitrose_rating': '5', 'waitrose_unit_price': '(£2.40/100ml)', 'waitrose_new_flag': None, 'waitrose_prod_name': 'Frizz Ease Dream Curls Shampoo 250ml', 'images': []}
DEBUG: Scraped from <200 https://www.waitrose.com/ecom/shop/browse/groceries/toiletries_health_and_beauty/hair_care/shampoo>
{'client': 'Waitrose', 'time': datetime.datetime(2020, 8, 20, 15, 41, 31, 566330), 'category': 'Shampoo', 'id': 'tPp563832-295347-295348', 'prod_name': 'Argan + Argan Oil 5Oil Miracle Shampoo', 'waitrose_Qty': '300ml', 'waitrose_discounted_price': '£6.00', 'waitrose_offer_desc': None, 'waitrose_url': 'https://www.waitrose.com/ecom/shop/browse/groceries/toiletries_health_and_beauty/hair_care/shampoo', 'waitrose_rating': '5', 'waitrose_unit_price': '(£2/100ml)', 'waitrose_new_flag': None, 'waitrose_prod_name': 'Argan + Argan Oil 5Oil Miracle Shampoo 300ml', 'images': []}
DEBUG: Scraped from <200 https://www.waitrose.com/ecom/shop/browse/groceries/toiletries_health_and_beauty/hair_care/shampoo>
{'client': 'Waitrose', 'time': datetime.datetime(2020, 8, 20, 15, 41, 31, 566330), 'category': 'Shampoo', 'id': 'tPp051100-25409-25410', 'prod_name': 'Sheer Blonde Moisturising Shampoo', 'waitrose_Qty': '250ml', 'waitrose_discounted_price': '£6.00', 'waitrose_offer_desc': None, 'waitrose_url': 'https://www.waitrose.com/ecom/shop/browse/groceries/toiletries_health_and_beauty/hair_care/shampoo', 'waitrose_rating': '3', 'waitrose_unit_price': '(£2.40/100ml)', 'waitrose_new_flag': None, 'waitrose_prod_name': 'Sheer Blonde Moisturising Shampoo 250ml', 'images': []}
DEBUG: Scraped from <200 https://www.waitrose.com/ecom/shop/browse/groceries/toiletries_health_and_beauty/hair_care/shampoo>
{'client': 'Waitrose', 'time': datetime.datetime(2020, 8, 20, 15, 41, 31, 566330), 'category': 'Shampoo', 'id': 'tPp583946-82773-82774', 'prod_name': "Neal's Yard Lavender Shampoo", 'waitrose_Qty': '200ml', 'waitrose_discounted_price': '£11.50', 'waitrose_offer_desc': None, 'waitrose_url': 'https://www.waitrose.com/ecom/shop/browse/groceries/toiletries_health_and_beauty/hair_care/shampoo', 'waitrose_rating': '2.3', 'waitrose_unit_price': '(£5.75/100ml)', 'waitrose_new_flag': None, 'waitrose_prod_name': "Neal's Yard Lavender Shampoo 200ml", 'images': []}
DEBUG: Scraped from <200 https://www.waitrose.com/ecom/shop/browse/groceries/toiletries_health_and_beauty/hair_care/shampoo>
{'client': 'Waitrose', 'time': datetime.datetime(2020, 8, 20, 15, 41, 31, 566330), 'category': 'Shampoo', 'id': 'tPp884562-720413-720414', 'prod_name': 'Maui Moisture Shea Butter Shampoo', 'waitrose_Qty': '385ml', 'waitrose_discounted_price': '£9.00', 'waitrose_offer_desc': None, 'waitrose_url': 'https://www.waitrose.com/ecom/shop/browse/groceries/toiletries_health_and_beauty/hair_care/shampoo', 'waitrose_rating': None, 'waitrose_unit_price': '(£2.34/100ml)', 'waitrose_new_flag': None, 'waitrose_prod_name': 'Maui Moisture Shea Butter Shampoo 385ml', 'images': []}
DEBUG: Scraped from <200 https://www.waitrose.com/ecom/shop/browse/groceries/toiletries_health_and_beauty/hair_care/shampoo>
{'client': 'Waitrose', 'time': datetime.datetime(2020, 8, 20, 15, 41, 31, 566330), 'category': 'Shampoo', 'id': 'tPp547359-720175-720176', 'prod_name': 'Maui Moisture Bamboo Shampoo', 'waitrose_Qty': '385ml', 'waitrose_discounted_price': '£9.00', 'waitrose_offer_desc': None, 'waitrose_url': 'https://www.waitrose.com/ecom/shop/browse/groceries/toiletries_health_and_beauty/hair_care/shampoo', 'waitrose_rating': '5', 'waitrose_unit_price': '(£2.34/100ml)', 'waitrose_new_flag': None, 'waitrose_prod_name': 'Maui Moisture Bamboo Shampoo 385ml', 'images': []}
DEBUG: Scraped from <200 https://www.waitrose.com/ecom/shop/browse/groceries/toiletries_health_and_beauty/hair_care/shampoo>
{'client': 'Waitrose', 'time': datetime.datetime(2020, 8, 20, 15, 41, 31, 566330), 'category': 'Shampoo', 'id': 'tPp703131-695681-695682', 'prod_name': 'Head & Shoulders Repair Shampoo', 'waitrose_Qty': '400ml', 'waitrose_discounted_price': '£5.00', 'waitrose_offer_desc': None, 'waitrose_url': 'https://www.waitrose.com/ecom/shop/browse/groceries/toiletries_health_and_beauty/hair_care/shampoo', 'waitrose_rating': '4', 'waitrose_unit_price': '(£1.25/100ml)', 'waitrose_new_flag': None, 'waitrose_prod_name': 'Head & Shoulders Repair Shampoo 400ml', 'images': []}
DEBUG: Scraped from <200 https://www.waitrose.com/ecom/shop/browse/groceries/toiletries_health_and_beauty/hair_care/shampoo>
{'client': 'Waitrose', 'time': datetime.datetime(2020, 8, 20, 15, 41, 31, 566330), 'category': 'Shampoo', 'id': 'tPp649492-695625-695626', 'prod_name': 'Vosene Kids 2in1 Melon Shampoo', 'waitrose_Qty': '250ml', 'waitrose_discounted_price': '£2.00', 'waitrose_offer_desc': None, 'waitrose_url': 'https://www.waitrose.com/ecom/shop/browse/groceries/toiletries_health_and_beauty/hair_care/shampoo', 'waitrose_rating': None, 'waitrose_unit_price': '(80p/100ml)', 'waitrose_new_flag': None, 'waitrose_prod_name': 'Vosene Kids 2in1 Melon Shampoo 250ml', 'images': []}
DEBUG: Scraped from <200 https://www.waitrose.com/ecom/shop/browse/groceries/toiletries_health_and_beauty/hair_care/shampoo>
{'client': 'Waitrose', 'time': datetime.datetime(2020, 8, 20, 15, 41, 31, 566330), 'category': 'Shampoo', 'id': 'tPp631829-695597-695598', 'prod_name': 'Noughty Detox Dynamo Shampoo', 'waitrose_Qty': '250ml', 'waitrose_discounted_price': '£7.00', 'waitrose_offer_desc': None, 'waitrose_url': 'https://www.waitrose.com/ecom/shop/browse/groceries/toiletries_health_and_beauty/hair_care/shampoo', 'waitrose_rating': None, 'waitrose_unit_price': '(£2.80/100ml)', 'waitrose_new_flag': None, 'waitrose_prod_name': 'Noughty Detox Dynamo Shampoo 250ml', 'images': []}
DEBUG: Scraped from <200 https://www.waitrose.com/ecom/shop/browse/groceries/toiletries_health_and_beauty/hair_care/shampoo>
{'client': 'Waitrose', 'time': datetime.datetime(2020, 8, 20, 15, 41, 31, 566330), 'category': 'Shampoo', 'id': 'tPp530991-695493-695494', 'prod_name': 'John Frieda Shampoo Detox & Repair', 'waitrose_Qty': '250ml', 'waitrose_discounted_price': '£6.00', 'waitrose_offer_desc': None, 'waitrose_url': 'https://www.waitrose.com/ecom/shop/browse/groceries/toiletries_health_and_beauty/hair_care/shampoo', 'waitrose_rating': None, 'waitrose_unit_price': '(£2.40/100ml)', 'waitrose_new_flag': None, 'waitrose_prod_name': 'John Frieda Shampoo Detox & Repair 250ml', 'images': []}
DEBUG: Scraped from <200 https://www.waitrose.com/ecom/shop/browse/groceries/toiletries_health_and_beauty/hair_care/shampoo>
{'client': 'Waitrose', 'time': datetime.datetime(2020, 8, 20, 15, 41, 31, 566330), 'category': 'Shampoo', 'id': 'tPp453160-695433-695434', 'prod_name': 'Argan+ Long & Strong Shampoo', 'waitrose_Qty': '300ml', 'waitrose_discounted_price': '£6.00', 'waitrose_offer_desc': None, 'waitrose_url': 'https://www.waitrose.com/ecom/shop/browse/groceries/toiletries_health_and_beauty/hair_care/shampoo', 'waitrose_rating': None, 'waitrose_unit_price': '(£2/100ml)', 'waitrose_new_flag': None, 'waitrose_prod_name': 'Argan+ Long & Strong Shampoo 300ml', 'images': []}
DEBUG: Scraped from <200 https://www.waitrose.com/ecom/shop/browse/groceries/toiletries_health_and_beauty/hair_care/shampoo>
{'client': 'Waitrose', 'time': datetime.datetime(2020, 8, 20, 15, 41, 31, 566330), 'category': 'Shampoo', 'id': 'tPp414862-695397-695398', 'prod_name': 'Noughty Wave Hello Shampoo', 'waitrose_Qty': '250ml', 'waitrose_discounted_price': '£7.00', 'waitrose_offer_desc': None, 'waitrose_url': 'https://www.waitrose.com/ecom/shop/browse/groceries/toiletries_health_and_beauty/hair_care/shampoo', 'waitrose_rating': None, 'waitrose_unit_price': '(£2.80/100ml)', 'waitrose_new_flag': None, 'waitrose_prod_name': 'Noughty Wave Hello Shampoo 250ml', 'images': []}
DEBUG: Scraped from <200 https://www.waitrose.com/ecom/shop/browse/groceries/toiletries_health_and_beauty/hair_care/shampoo>
{'client': 'Waitrose', 'time': datetime.datetime(2020, 8, 20, 15, 41, 31, 566330), 'category': 'Shampoo', 'id': 'tPp747801-683764-683765', 'prod_name': 'Aussie Shampoo Scent-sational', 'waitrose_Qty': '300ml', 'waitrose_discounted_price': '£4.00', 'waitrose_offer_desc': None, 'waitrose_url': 'https://www.waitrose.com/ecom/shop/browse/groceries/toiletries_health_and_beauty/hair_care/shampoo', 'waitrose_rating': '5', 'waitrose_unit_price': '(£1.34/100ml)', 'waitrose_new_flag': None, 'waitrose_prod_name': 'Aussie Shampoo Scent-sational 300ml', 'images': []}
DEBUG: Scraped from <200 https://www.waitrose.com/ecom/shop/browse/groceries/toiletries_health_and_beauty/hair_care/shampoo>
{'client': 'Waitrose', 'time': datetime.datetime(2020, 8, 20, 15, 41, 31, 566330), 'category': 'Shampoo', 'id': 'tPp725372-631511-631512', 'prod_name': 'Hask Moni Coconut Oil Shampoo', 'waitrose_Qty': '355ml', 'waitrose_discounted_price': '£7.00', 'waitrose_offer_desc': None, 'waitrose_url': 'https://www.waitrose.com/ecom/shop/browse/groceries/toiletries_health_and_beauty/hair_care/shampoo', 'waitrose_rating': None, 'waitrose_unit_price': '(£1.98/100ml)', 'waitrose_new_flag': None, 'waitrose_prod_name': 'Hask Moni Coconut Oil Shampoo 355ml', 'images': []}
DEBUG: Scraped from <200 https://www.waitrose.com/ecom/shop/browse/groceries/toiletries_health_and_beauty/hair_care/shampoo>
{'client': 'Waitrose', 'time': datetime.datetime(2020, 8, 20, 15, 41, 31, 566330), 'category': 'Shampoo', 'id': 'tPp807825-473364-473365', 'prod_name': 'SenSpa Deep Cleanse Shampoo', 'waitrose_Qty': '250ml', 'waitrose_discounted_price': '£6.00', 'waitrose_offer_desc': None, 'waitrose_url': 'https://www.waitrose.com/ecom/shop/browse/groceries/toiletries_health_and_beauty/hair_care/shampoo', 'waitrose_rating': '3.7', 'waitrose_unit_price': '(£2.40/100ml)', 'waitrose_new_flag': None, 'waitrose_prod_name': 'SenSpa Deep Cleanse Shampoo 250ml', 'images': []}
DEBUG: Scraped from <200 https://www.waitrose.com/ecom/shop/browse/groceries/toiletries_health_and_beauty/hair_care/shampoo>
{'client': 'Waitrose', 'time': datetime.datetime(2020, 8, 20, 15, 41, 31, 566330), 'category': 'Shampoo', 'id': 'tPp816738-442231-442232', 'prod_name': 'SensSpa Nourishing Shampoo', 'waitrose_Qty': '250ml', 'waitrose_discounted_price': '£6.00', 'waitrose_offer_desc': None, 'waitrose_url': 'https://www.waitrose.com/ecom/shop/browse/groceries/toiletries_health_and_beauty/hair_care/shampoo', 'waitrose_rating': '2.6', 'waitrose_unit_price': '(£2.40/100ml)', 'waitrose_new_flag': None, 'waitrose_prod_name': 'SensSpa Nourishing Shampoo 250ml', 'images': []}
DEBUG: Scraped from <200 https://www.waitrose.com/ecom/shop/browse/groceries/toiletries_health_and_beauty/hair_care/shampoo>
{'client': 'Waitrose', 'time': datetime.datetime(2020, 8, 20, 15, 41, 31, 566330), 'category': 'Shampoo', 'id': 'tPp687186-337057-337058', 'prod_name': 'Argan + Argan Oil Rejuvenating Shampoo', 'waitrose_Qty': '300ml', 'waitrose_discounted_price': '£6.00', 'waitrose_offer_desc': None, 'waitrose_url': 'https://www.waitrose.com/ecom/shop/browse/groceries/toiletries_health_and_beauty/hair_care/shampoo', 'waitrose_rating': '5', 'waitrose_unit_price': '(£2/100ml)', 'waitrose_new_flag': None, 'waitrose_prod_name': 'Argan + Argan Oil Rejuvenating Shampoo 300ml', 'images': []}
DEBUG: Scraped from <200 https://www.waitrose.com/ecom/shop/browse/groceries/toiletries_health_and_beauty/hair_care/shampoo>
{'client': 'Waitrose', 'time': datetime.datetime(2020, 8, 20, 15, 41, 31, 566330), 'category': 'Shampoo', 'id': 'tPp364793-255761-255762', 'prod_name': 'Aussie Miracle Shine Shampoo', 'waitrose_Qty': '300ml', 'waitrose_discounted_price': '£4.00', 'waitrose_offer_desc': None, 'waitrose_url': 'https://www.waitrose.com/ecom/shop/browse/groceries/toiletries_health_and_beauty/hair_care/shampoo', 'waitrose_rating': None, 'waitrose_unit_price': '(£1.34/100ml)', 'waitrose_new_flag': None, 'waitrose_prod_name': 'Aussie Miracle Shine Shampoo 300ml', 'images': []}
DEBUG: Scraped from <200 https://www.waitrose.com/ecom/shop/browse/groceries/toiletries_health_and_beauty/hair_care/shampoo>
{'client': 'Waitrose', 'time': datetime.datetime(2020, 8, 20, 15, 41, 31, 566330), 'category': 'Shampoo', 'id': 'tPp567481-719558-719559', 'prod_name': 'Fit Kit Gentle Shampoo &Conditioner', 'waitrose_Qty': '200ml', 'waitrose_discounted_price': '£3.99', 'waitrose_offer_desc': None, 'waitrose_url': 'https://www.waitrose.com/ecom/shop/browse/groceries/toiletries_health_and_beauty/hair_care/shampoo', 'waitrose_rating': '5', 'waitrose_unit_price': '(£2/100ml)', 'waitrose_new_flag': None, 'waitrose_prod_name': 'Fit Kit Gentle Shampoo &Conditioner 200ml', 'images': []}
DEBUG: Scraped from <200 https://www.waitrose.com/ecom/shop/browse/groceries/toiletries_health_and_beauty/hair_care/shampoo>
{'client': 'Waitrose', 'time': datetime.datetime(2020, 8, 20, 15, 41, 31, 566330), 'category': 'Shampoo', 'id': 'tPp657930-695639-695640', 'prod_name': 'Noughty Pumped Up Shampoo', 'waitrose_Qty': '250ml', 'waitrose_discounted_price': '£7.00', 'waitrose_offer_desc': None, 'waitrose_url': 'https://www.waitrose.com/ecom/shop/browse/groceries/toiletries_health_and_beauty/hair_care/shampoo', 'waitrose_rating': '5', 'waitrose_unit_price': '(£2.80/100ml)', 'waitrose_new_flag': None, 'waitrose_prod_name': 'Noughty Pumped Up Shampoo 250ml', 'images': []}
DEBUG: Scraped from <200 https://www.waitrose.com/ecom/shop/browse/groceries/toiletries_health_and_beauty/hair_care/shampoo>
{'client': 'Waitrose', 'time': datetime.datetime(2020, 8, 20, 15, 41, 31, 566330), 'category': 'Shampoo', 'id': 'tPp645178-695617-695618', 'prod_name': 'John Frieda Shampoo Weightless Wonder', 'waitrose_Qty': '250ml', 'waitrose_discounted_price': '£6.00', 'waitrose_offer_desc': None, 'waitrose_url': 'https://www.waitrose.com/ecom/shop/browse/groceries/toiletries_health_and_beauty/hair_care/shampoo', 'waitrose_rating': '4.6', 'waitrose_unit_price': '(£2.40/100ml)', 'waitrose_new_flag': None, 'waitrose_prod_name': 'John Frieda Shampoo Weightless Wonder 250ml', 'images': []}
DEBUG: Scraped from <200 https://www.waitrose.com/ecom/shop/browse/groceries/toiletries_health_and_beauty/hair_care/shampoo>
{'client': 'Waitrose', 'time': datetime.datetime(2020, 8, 20, 15, 41, 31, 566330), 'category': 'Shampoo', 'id': 'tPp623864-695587-695588', 'prod_name': 'Noughty Care Taker Shampoo', 'waitrose_Qty': '250ml', 'waitrose_discounted_price': '£7.00', 'waitrose_offer_desc': None, 'waitrose_url': 'https://www.waitrose.com/ecom/shop/browse/groceries/toiletries_health_and_beauty/hair_care/shampoo', 'waitrose_rating': '4', 'waitrose_unit_price': '(£2.80/100ml)', 'waitrose_new_flag': None, 'waitrose_prod_name': 'Noughty Care Taker Shampoo 250ml', 'images': []}
DEBUG: Scraped from <200 https://www.waitrose.com/ecom/shop/browse/groceries/toiletries_health_and_beauty/hair_care/shampoo>
{'client': 'Waitrose', 'time': datetime.datetime(2020, 8, 20, 15, 41, 31, 566330), 'category': 'Shampoo', 'id': 'tPp492466-631281-631282', 'prod_name': 'Hask Keratin Protein Smoothing Shampoo', 'waitrose_Qty': '355ml', 'waitrose_discounted_price': '£7.00', 'waitrose_offer_desc': None, 'waitrose_url': 'https://www.waitrose.com/ecom/shop/browse/groceries/toiletries_health_and_beauty/hair_care/shampoo', 'waitrose_rating': None, 'waitrose_unit_price': '(£1.98/100ml)', 'waitrose_new_flag': None, 'waitrose_prod_name': 'Hask Keratin Protein Smoothing Shampoo 355ml', 'images': []}
DEBUG: Scraped from <200 https://www.waitrose.com/ecom/shop/browse/groceries/toiletries_health_and_beauty/hair_care/shampoo>
{'client': 'Waitrose', 'time': datetime.datetime(2020, 8, 20, 15, 41, 31, 566330), 'category': 'Shampoo', 'id': 'tPp401660-588303-588304', 'prod_name': 'Richard Ward Brunette Shampoo', 'waitrose_Qty': '250ml', 'waitrose_discounted_price': '£6.00', 'waitrose_offer_desc': None, 'waitrose_url': 'https://www.waitrose.com/ecom/shop/browse/groceries/toiletries_health_and_beauty/hair_care/shampoo', 'waitrose_rating': '5', 'waitrose_unit_price': '(£2.40/100ml)', 'waitrose_new_flag': None, 'waitrose_prod_name': 'Richard Ward Brunette Shampoo 250ml', 'images': []}
DEBUG: Scraped from <200 https://www.waitrose.com/ecom/shop/browse/groceries/toiletries_health_and_beauty/hair_care/shampoo>
{'client': 'Waitrose', 'time': datetime.datetime(2020, 8, 20, 15, 41, 31, 566330), 'category': 'Shampoo', 'id': 'tPp895328-495224-495225', 'prod_name': 'DGJ Kids Detangle Shampoo', 'waitrose_Qty': '250ml', 'waitrose_discounted_price': '£3.50', 'waitrose_offer_desc': None, 'waitrose_url': 'https://www.waitrose.com/ecom/shop/browse/groceries/toiletries_health_and_beauty/hair_care/shampoo', 'waitrose_rating': None, 'waitrose_unit_price': '(£1.40/100ml)', 'waitrose_new_flag': None, 'waitrose_prod_name': 'DGJ Kids Detangle Shampoo 250ml', 'images': []}
DEBUG: Scraped from <200 https://www.waitrose.com/ecom/shop/browse/groceries/toiletries_health_and_beauty/hair_care/shampoo>
{'client': 'Waitrose', 'time': datetime.datetime(2020, 8, 20, 15, 41, 31, 566330), 'category': 'Shampoo', 'id': 'tPp755186-495024-495025', 'prod_name': 'DGJ Colour Save Shampoo', 'waitrose_Qty': '250ml', 'waitrose_discounted_price': '£5.00', 'waitrose_offer_desc': None, 'waitrose_url': 'https://www.waitrose.com/ecom/shop/browse/groceries/toiletries_health_and_beauty/hair_care/shampoo', 'waitrose_rating': None, 'waitrose_unit_price': '(£2/100ml)', 'waitrose_new_flag': None, 'waitrose_prod_name': 'DGJ Colour Save Shampoo 250ml', 'images': []}
DEBUG: Scraped from <200 https://www.waitrose.com/ecom/shop/browse/groceries/toiletries_health_and_beauty/hair_care/shampoo>
{'client': 'Waitrose', 'time': datetime.datetime(2020, 8, 20, 15, 41, 31, 566330), 'category': 'Shampoo', 'id': 'tPp702159-494964-494965', 'prod_name': 'DGJ Argan Oil Shampoo', 'waitrose_Qty': '250ml', 'waitrose_discounted_price': '£5.00', 'waitrose_offer_desc': None, 'waitrose_url': 'https://www.waitrose.com/ecom/shop/browse/groceries/toiletries_health_and_beauty/hair_care/shampoo', 'waitrose_rating': None, 'waitrose_unit_price': '(£2/100ml)', 'waitrose_new_flag': None, 'waitrose_prod_name': 'DGJ Argan Oil Shampoo 250ml', 'images': []}
DEBUG: Scraped from <200 https://www.waitrose.com/ecom/shop/browse/groceries/toiletries_health_and_beauty/hair_care/shampoo>
{'client': 'Waitrose', 'time': datetime.datetime(2020, 8, 20, 15, 41, 31, 566330), 'category': 'Shampoo', 'id': 'tPp407272-440973-440974', 'prod_name': 'Richard Ward Chelsea Cleanse & Condition', 'waitrose_Qty': '250ml', 'waitrose_discounted_price': '£6.00', 'waitrose_offer_desc': None, 'waitrose_url': 'https://www.waitrose.com/ecom/shop/browse/groceries/toiletries_health_and_beauty/hair_care/shampoo', 'waitrose_rating': '3.7', 'waitrose_unit_price': '(£2.40/100ml)', 'waitrose_new_flag': None, 'waitrose_prod_name': 'Richard Ward Chelsea Cleanse & Condition 250ml', 'images': []}
DEBUG: Scraped from <200 https://www.waitrose.com/ecom/shop/browse/groceries/toiletries_health_and_beauty/hair_care/shampoo>
{'client': 'Waitrose', 'time': datetime.datetime(2020, 8, 20, 15, 41, 31, 566330), 'category': 'Shampoo', 'id': 'tPp861587-154949-154950', 'prod_name': 'Batiste dark & deep brown dry shampoo', 'waitrose_Qty': '200ml', 'waitrose_discounted_price': '£4.00', 'waitrose_offer_desc': None, 'waitrose_url': 'https://www.waitrose.com/ecom/shop/browse/groceries/toiletries_health_and_beauty/hair_care/shampoo', 'waitrose_rating': None, 'waitrose_unit_price': '(£2/100ml)', 'waitrose_new_flag': None, 'waitrose_prod_name': 'Batiste dark & deep brown dry shampoo 200ml', 'images': []}
DEBUG: Scraped from <200 https://www.waitrose.com/ecom/shop/browse/groceries/toiletries_health_and_beauty/hair_care/shampoo>
{'client': 'Waitrose', 'time': datetime.datetime(2020, 8, 20, 15, 41, 31, 566330), 'category': 'Shampoo', 'id': 'tPp567431-729696-729697', 'prod_name': 'Batiste Dry Shampoo for Blondes', 'waitrose_Qty': '200ml', 'waitrose_discounted_price': '£4.00', 'waitrose_offer_desc': None, 'waitrose_url': 'https://www.waitrose.com/ecom/shop/browse/groceries/toiletries_health_and_beauty/hair_care/shampoo', 'waitrose_rating': None, 'waitrose_unit_price': '(£2/100ml)', 'waitrose_new_flag': 'NEW', 'waitrose_prod_name': 'Batiste Dry Shampoo for Blondes 200ml', 'images': []}
DEBUG: Scraped from <200 https://www.waitrose.com/ecom/shop/browse/groceries/toiletries_health_and_beauty/hair_care/shampoo>
{'client': 'Waitrose', 'time': datetime.datetime(2020, 8, 20, 15, 41, 31, 566330), 'category': 'Shampoo', 'id': 'tPp808436-720325-720326', 'prod_name': 'Hask Biotin Boost Shampoo', 'waitrose_Qty': '355ml', 'waitrose_discounted_price': '£7.00', 'waitrose_offer_desc': None, 'waitrose_url': 'https://www.waitrose.com/ecom/shop/browse/groceries/toiletries_health_and_beauty/hair_care/shampoo', 'waitrose_rating': None, 'waitrose_unit_price': '(£1.98/100ml)', 'waitrose_new_flag': None, 'waitrose_prod_name': 'Hask Biotin Boost Shampoo 355ml', 'images': []}
DEBUG: Scraped from <200 https://www.waitrose.com/ecom/shop/browse/groceries/toiletries_health_and_beauty/hair_care/shampoo>
{'client': 'Waitrose', 'time': datetime.datetime(2020, 8, 20, 15, 41, 31, 566330), 'category': 'Shampoo', 'id': 'tPp527154-720165-720166', 'prod_name': 'Maui Moisture Hibiscus Water', 'waitrose_Qty': '385ml', 'waitrose_discounted_price': '£9.00', 'waitrose_offer_desc': None, 'waitrose_url': 'https://www.waitrose.com/ecom/shop/browse/groceries/toiletries_health_and_beauty/hair_care/shampoo', 'waitrose_rating': None, 'waitrose_unit_price': '(£2.34/100ml)', 'waitrose_new_flag': None, 'waitrose_prod_name': 'Maui Moisture Hibiscus Water 385ml', 'images': []}
DEBUG: Scraped from <200 https://www.waitrose.com/ecom/shop/browse/groceries/toiletries_health_and_beauty/hair_care/shampoo>
{'client': 'Waitrose', 'time': datetime.datetime(2020, 8, 20, 15, 41, 31, 566330), 'category': 'Shampoo', 'id': 'tPp663502-695641-695642', 'prod_name': 'Noughty To The Rescue Shampoo', 'waitrose_Qty': '250ml', 'waitrose_discounted_price': '£7.00', 'waitrose_offer_desc': None, 'waitrose_url': 'https://www.waitrose.com/ecom/shop/browse/groceries/toiletries_health_and_beauty/hair_care/shampoo', 'waitrose_rating': '5', 'waitrose_unit_price': '(£2.80/100ml)', 'waitrose_new_flag': None, 'waitrose_prod_name': 'Noughty To The Rescue Shampoo 250ml', 'images': []}
DEBUG: Scraped from <200 https://www.waitrose.com/ecom/shop/browse/groceries/toiletries_health_and_beauty/hair_care/shampoo>
{'client': 'Waitrose', 'time': datetime.datetime(2020, 8, 20, 15, 41, 31, 566330), 'category': 'Shampoo', 'id': 'tPp603087-695555-695556', 'prod_name': 'Noughty Colour Bomb Shampoo', 'waitrose_Qty': '250ml', 'waitrose_discounted_price': '£7.00', 'waitrose_offer_desc': None, 'waitrose_url': 'https://www.waitrose.com/ecom/shop/browse/groceries/toiletries_health_and_beauty/hair_care/shampoo', 'waitrose_rating': '3', 'waitrose_unit_price': '(£2.80/100ml)', 'waitrose_new_flag': None, 'waitrose_prod_name': 'Noughty Colour Bomb Shampoo 250ml', 'images': []}
DEBUG: Scraped from <200 https://www.waitrose.com/ecom/shop/browse/groceries/toiletries_health_and_beauty/hair_care/shampoo>
{'client': 'Waitrose', 'time': datetime.datetime(2020, 8, 20, 15, 41, 31, 566330), 'category': 'Shampoo', 'id': 'tPp591666-681031-681032', 'prod_name': 'Pure Grace Shower Gel', 'waitrose_Qty': '480ml', 'waitrose_discounted_price': '£19.50', 'waitrose_offer_desc': None, 'waitrose_url': 'https://www.waitrose.com/ecom/shop/browse/groceries/toiletries_health_and_beauty/hair_care/shampoo', 'waitrose_rating': None, 'waitrose_unit_price': '(£4.07/100ml)', 'waitrose_new_flag': None, 'waitrose_prod_name': 'Pure Grace Shower Gel 480ml', 'images': []}
DEBUG: Scraped from <200 https://www.waitrose.com/ecom/shop/browse/groceries/toiletries_health_and_beauty/hair_care/shampoo>
{'client': 'Waitrose', 'time': datetime.datetime(2020, 8, 20, 15, 41, 31, 566330), 'category': 'Shampoo', 'id': 'tPp745828-495012-495013', 'prod_name': 'DGJ Kids Lice Repel Shampoo', 'waitrose_Qty': '250ml', 'waitrose_discounted_price': '£3.50', 'waitrose_offer_desc': None, 'waitrose_url': 'https://www.waitrose.com/ecom/shop/browse/groceries/toiletries_health_and_beauty/hair_care/shampoo', 'waitrose_rating': None, 'waitrose_unit_price': '(£1.40/100ml)', 'waitrose_new_flag': None, 'waitrose_prod_name': 'DGJ Kids Lice Repel Shampoo 250ml', 'images': []}
DEBUG: Scraped from <200 https://www.waitrose.com/ecom/shop/browse/groceries/toiletries_health_and_beauty/hair_care/shampoo>
{'client': 'Waitrose', 'time': datetime.datetime(2020, 8, 20, 15, 41, 31, 566330), 'category': 'Shampoo', 'id': 'tPp833802-337290-337291', 'prod_name': 'Aussie Miracle Moist Spray', 'waitrose_Qty': '250ml', 'waitrose_discounted_price': '£5.15', 'waitrose_offer_desc': None, 'waitrose_url': 'https://www.waitrose.com/ecom/shop/browse/groceries/toiletries_health_and_beauty/hair_care/shampoo', 'waitrose_rating': None, 'waitrose_unit_price': '(£2.06/100ml)', 'waitrose_new_flag': None, 'waitrose_prod_name': 'Aussie Miracle Moist Spray 250ml', 'images': []}
INFO: Closing spider (finished)
INFO: Stored json feed (139 items) in: waitrose_082020.json
INFO: Dumping Scrapy stats:
{'downloader/request_bytes': 2588,
 'downloader/request_count': 1,
 'downloader/request_method_count/POST': 1,
 'downloader/response_bytes': 1486577,
 'downloader/response_count': 1,
 'downloader/response_status_count/200': 1,
 'finish_reason': 'finished',
 'finish_time': datetime.datetime(2020, 8, 20, 10, 12, 55, 629401),
 'item_scraped_count': 139,
 'log_count/DEBUG': 140,
 'log_count/INFO': 11,
 'log_count/WARNING': 1,
 'response_received_count': 1,
 'scheduler/dequeued': 2,
 'scheduler/dequeued/memory': 2,
 'scheduler/enqueued': 2,
 'scheduler/enqueued/memory': 2,
 'splash/execute/request_count': 1,
 'splash/execute/response_count/200': 1,
 'start_time': datetime.datetime(2020, 8, 20, 10, 11, 31, 919745)}
INFO: Spider closed (finished)
INFO: Scrapy 1.6.0 started (bot: waitrose)
INFO: Versions: lxml 4.5.1.0, libxml2 2.9.10, cssselect 1.1.0, parsel 1.6.0, w3lib 1.22.0, Twisted 20.3.0, Python 3.7.7 (default, May  6 2020, 11:45:54) [MSC v.1916 64 bit (AMD64)], pyOpenSSL 19.1.0 (OpenSSL 1.1.1g  21 Apr 2020), cryptography 2.9.2, Platform Windows-10-10.0.18362-SP0
INFO: Overridden settings: {'BOT_NAME': 'waitrose', 'DOWNLOAD_TIMEOUT': 1200, 'DUPEFILTER_CLASS': 'scrapy_splash.SplashAwareDupeFilter', 'FEED_EXPORT_ENCODING': 'utf-8', 'FEED_FORMAT': 'json', 'FEED_URI': 'waitrose_082120.json', 'NEWSPIDER_MODULE': 'waitrose.spiders', 'SPIDER_MODULES': ['waitrose.spiders']}
INFO: Telnet Password: 64fa3e196db85ea0
INFO: Enabled extensions:
['scrapy.extensions.corestats.CoreStats',
 'scrapy.extensions.telnet.TelnetConsole',
 'scrapy.extensions.feedexport.FeedExporter',
 'scrapy.extensions.logstats.LogStats']
INFO: Enabled downloader middlewares:
['scrapy.downloadermiddlewares.httpauth.HttpAuthMiddleware',
 'scrapy.downloadermiddlewares.downloadtimeout.DownloadTimeoutMiddleware',
 'scrapy.downloadermiddlewares.defaultheaders.DefaultHeadersMiddleware',
 'scrapy.downloadermiddlewares.useragent.UserAgentMiddleware',
 'scrapy.downloadermiddlewares.retry.RetryMiddleware',
 'scrapy.downloadermiddlewares.redirect.MetaRefreshMiddleware',
 'scrapy.downloadermiddlewares.redirect.RedirectMiddleware',
 'scrapy.downloadermiddlewares.cookies.CookiesMiddleware',
 'scrapy_splash.SplashCookiesMiddleware',
 'scrapy_splash.SplashMiddleware',
 'scrapy.downloadermiddlewares.httpproxy.HttpProxyMiddleware',
 'scrapy.downloadermiddlewares.httpcompression.HttpCompressionMiddleware',
 'scrapy.downloadermiddlewares.stats.DownloaderStats']
INFO: Enabled spider middlewares:
['scrapy.spidermiddlewares.httperror.HttpErrorMiddleware',
 'scrapy_splash.SplashDeduplicateArgsMiddleware',
 'scrapy.spidermiddlewares.offsite.OffsiteMiddleware',
 'scrapy.spidermiddlewares.referer.RefererMiddleware',
 'scrapy.spidermiddlewares.urllength.UrlLengthMiddleware',
 'scrapy.spidermiddlewares.depth.DepthMiddleware']
INFO: Enabled item pipelines:
['waitrose.pipelines.ImageDownloaderPipeline',
 'waitrose.pipelines.SQLlitePipeline']
INFO: Spider opened
INFO: Crawled 0 pages (at 0 pages/min), scraped 0 items (at 0 items/min)
WARNING: C:\Users\sujithk\AppData\Local\Continuum\anaconda3\envs\Virtual_Env\lib\site-packages\scrapy\spidermiddlewares\offsite.py:61: URLWarning: allowed_domains accepts only domains, not URLs. Ignoring URL entry https://www.waitrose.com/ in allowed_domains.
  warnings.warn(message, URLWarning)

INFO: Telnet console listening on 127.0.0.1:6025
INFO: Crawled 0 pages (at 0 pages/min), scraped 0 items (at 0 items/min)
INFO: Crawled 0 pages (at 0 pages/min), scraped 0 items (at 0 items/min)
INFO: Crawled 0 pages (at 0 pages/min), scraped 0 items (at 0 items/min)
INFO: Crawled 0 pages (at 0 pages/min), scraped 0 items (at 0 items/min)
INFO: Crawled 0 pages (at 0 pages/min), scraped 0 items (at 0 items/min)
INFO: Crawled 0 pages (at 0 pages/min), scraped 0 items (at 0 items/min)
INFO: Crawled 0 pages (at 0 pages/min), scraped 0 items (at 0 items/min)
INFO: Crawled 0 pages (at 0 pages/min), scraped 0 items (at 0 items/min)
INFO: Crawled 0 pages (at 0 pages/min), scraped 0 items (at 0 items/min)
INFO: Crawled 0 pages (at 0 pages/min), scraped 0 items (at 0 items/min)
INFO: Crawled 0 pages (at 0 pages/min), scraped 0 items (at 0 items/min)
INFO: Crawled 0 pages (at 0 pages/min), scraped 0 items (at 0 items/min)
INFO: Crawled 0 pages (at 0 pages/min), scraped 0 items (at 0 items/min)
INFO: Crawled 0 pages (at 0 pages/min), scraped 0 items (at 0 items/min)
INFO: Crawled 0 pages (at 0 pages/min), scraped 0 items (at 0 items/min)
INFO: Crawled 0 pages (at 0 pages/min), scraped 0 items (at 0 items/min)
INFO: Crawled 0 pages (at 0 pages/min), scraped 0 items (at 0 items/min)
INFO: Crawled 0 pages (at 0 pages/min), scraped 0 items (at 0 items/min)
INFO: Crawled 0 pages (at 0 pages/min), scraped 0 items (at 0 items/min)
INFO: Crawled 0 pages (at 0 pages/min), scraped 0 items (at 0 items/min)
INFO: Crawled 0 pages (at 0 pages/min), scraped 0 items (at 0 items/min)
INFO: Crawled 0 pages (at 0 pages/min), scraped 0 items (at 0 items/min)
INFO: Crawled 0 pages (at 0 pages/min), scraped 0 items (at 0 items/min)
INFO: Crawled 0 pages (at 0 pages/min), scraped 0 items (at 0 items/min)
INFO: Crawled 0 pages (at 0 pages/min), scraped 0 items (at 0 items/min)
INFO: Crawled 0 pages (at 0 pages/min), scraped 0 items (at 0 items/min)
INFO: Crawled 0 pages (at 0 pages/min), scraped 0 items (at 0 items/min)
INFO: Crawled 0 pages (at 0 pages/min), scraped 0 items (at 0 items/min)
INFO: Crawled 0 pages (at 0 pages/min), scraped 0 items (at 0 items/min)
INFO: Crawled 0 pages (at 0 pages/min), scraped 0 items (at 0 items/min)
DEBUG: Retrying <GET https://www.waitrose.com/ecom/shop/browse/groceries/toiletries_health_and_beauty/hair_care/shampoo via http://192.168.1.9:8050/execute> (failed 1 times): 504 Gateway Time-out
INFO: Crawled 0 pages (at 0 pages/min), scraped 0 items (at 0 items/min)
DEBUG: Crawled (200) <GET https://www.waitrose.com/ecom/shop/browse/groceries/toiletries_health_and_beauty/hair_care/shampoo via http://192.168.1.9:8050/execute> (referer: None)
DEBUG: Scraped from <200 https://www.waitrose.com/ecom/shop/browse/groceries/toiletries_health_and_beauty/hair_care/shampoo>
{'client': 'Waitrose', 'time': datetime.datetime(2020, 8, 21, 19, 11, 50, 356023), 'category': 'Shampoo', 'id': 'tPp639366-90822-90823', 'prod_name': 'Head & Shoulders Shampoo Classic', 'waitrose_Qty': '500ml', 'waitrose_discounted_price': '£3.43', 'waitrose_offer_desc': 'Save 1/3.', 'waitrose_url': 'https://www.waitrose.com/ecom/shop/browse/groceries/toiletries_health_and_beauty/hair_care/shampoo', 'waitrose_rating': '3.5', 'waitrose_unit_price': '(68.6p/100ml)', 'waitrose_new_flag': None, 'waitrose_prod_name': 'Head & Shoulders Shampoo Classic 500ml', 'images': []}
DEBUG: Scraped from <200 https://www.waitrose.com/ecom/shop/browse/groceries/toiletries_health_and_beauty/hair_care/shampoo>
{'client': 'Waitrose', 'time': datetime.datetime(2020, 8, 21, 19, 11, 50, 356023), 'category': 'Shampoo', 'id': 'tPp435635-694165-694166', 'prod_name': 'Pantene Classic Clean Shampoo', 'waitrose_Qty': '500ml', 'waitrose_discounted_price': '£5.15', 'waitrose_offer_desc': 'Add 2 for £5', 'waitrose_url': 'https://www.waitrose.com/ecom/shop/browse/groceries/toiletries_health_and_beauty/hair_care/shampoo', 'waitrose_rating': None, 'waitrose_unit_price': '(£1.03/100ml)', 'waitrose_new_flag': None, 'waitrose_prod_name': 'Pantene Classic Clean Shampoo 500ml', 'images': []}
DEBUG: Scraped from <200 https://www.waitrose.com/ecom/shop/browse/groceries/toiletries_health_and_beauty/hair_care/shampoo>
{'client': 'Waitrose', 'time': datetime.datetime(2020, 8, 21, 19, 11, 50, 356023), 'category': 'Shampoo', 'id': 'tPp455905-591789-591790', 'prod_name': 'Herbal Essences clean Shampoo', 'waitrose_Qty': '400ml', 'waitrose_discounted_price': '£4.50', 'waitrose_offer_desc': 'Add 2 for £6', 'waitrose_url': 'https://www.waitrose.com/ecom/shop/browse/groceries/toiletries_health_and_beauty/hair_care/shampoo', 'waitrose_rating': None, 'waitrose_unit_price': '(£1.13/100ml)', 'waitrose_new_flag': None, 'waitrose_prod_name': 'Herbal Essences clean Shampoo 400ml', 'images': []}
DEBUG: Scraped from <200 https://www.waitrose.com/ecom/shop/browse/groceries/toiletries_health_and_beauty/hair_care/shampoo>
{'client': 'Waitrose', 'time': datetime.datetime(2020, 8, 21, 19, 11, 50, 356023), 'category': 'Shampoo', 'id': 'tPp757780-107799-107800', 'prod_name': 'Head & Shoulders 2in1 Classic Clean', 'waitrose_Qty': '450ml', 'waitrose_discounted_price': '£3.43', 'waitrose_offer_desc': 'Save 1/3.', 'waitrose_url': 'https://www.waitrose.com/ecom/shop/browse/groceries/toiletries_health_and_beauty/hair_care/shampoo', 'waitrose_rating': '4', 'waitrose_unit_price': '(76.2p/100ml)', 'waitrose_new_flag': None, 'waitrose_prod_name': 'Head & Shoulders 2in1 Classic Clean 450ml', 'images': []}
DEBUG: Scraped from <200 https://www.waitrose.com/ecom/shop/browse/groceries/toiletries_health_and_beauty/hair_care/shampoo>
{'client': 'Waitrose', 'time': datetime.datetime(2020, 8, 21, 19, 11, 50, 356023), 'category': 'Shampoo', 'id': 'tPp824583-694195-694196', 'prod_name': 'Pantene Repair & Protect Shampoo', 'waitrose_Qty': '500ml', 'waitrose_discounted_price': '£3.75', 'waitrose_offer_desc': 'Add 2 for £5', 'waitrose_url': 'https://www.waitrose.com/ecom/shop/browse/groceries/toiletries_health_and_beauty/hair_care/shampoo', 'waitrose_rating': None, 'waitrose_unit_price': '(75p/100ml)', 'waitrose_new_flag': None, 'waitrose_prod_name': 'Pantene Repair & Protect Shampoo 500ml', 'images': []}
DEBUG: Scraped from <200 https://www.waitrose.com/ecom/shop/browse/groceries/toiletries_health_and_beauty/hair_care/shampoo>
{'client': 'Waitrose', 'time': datetime.datetime(2020, 8, 21, 19, 11, 50, 356023), 'category': 'Shampoo', 'id': 'tPp839781-154875-154876', 'prod_name': 'Aussie miracle moist shampoo', 'waitrose_Qty': '500ml', 'waitrose_discounted_price': '£6.15', 'waitrose_offer_desc': 'Add 2 for £9', 'waitrose_url': 'https://www.waitrose.com/ecom/shop/browse/groceries/toiletries_health_and_beauty/hair_care/shampoo', 'waitrose_rating': None, 'waitrose_unit_price': '(£1.23/100ml)', 'waitrose_new_flag': None, 'waitrose_prod_name': 'Aussie miracle moist shampoo 500ml', 'images': []}
DEBUG: Scraped from <200 https://www.waitrose.com/ecom/shop/browse/groceries/toiletries_health_and_beauty/hair_care/shampoo>
{'client': 'Waitrose', 'time': datetime.datetime(2020, 8, 21, 19, 11, 50, 356023), 'category': 'Shampoo', 'id': 'tPp836753-694201-694202', 'prod_name': 'Pantene Volume & Body Shampoo', 'waitrose_Qty': '500ml', 'waitrose_discounted_price': '£5.15', 'waitrose_offer_desc': 'Add 2 for £5', 'waitrose_url': 'https://www.waitrose.com/ecom/shop/browse/groceries/toiletries_health_and_beauty/hair_care/shampoo', 'waitrose_rating': None, 'waitrose_unit_price': '(£1.03/100ml)', 'waitrose_new_flag': None, 'waitrose_prod_name': 'Pantene Volume & Body Shampoo 500ml', 'images': []}
DEBUG: Scraped from <200 https://www.waitrose.com/ecom/shop/browse/groceries/toiletries_health_and_beauty/hair_care/shampoo>
{'client': 'Waitrose', 'time': datetime.datetime(2020, 8, 21, 19, 11, 50, 356023), 'category': 'Shampoo', 'id': 'tPp882824-154983-154984', 'prod_name': 'Head & Shoulders itchy scalp shampoo', 'waitrose_Qty': '500ml', 'waitrose_discounted_price': '£3.43', 'waitrose_offer_desc': 'Save 1/3.', 'waitrose_url': 'https://www.waitrose.com/ecom/shop/browse/groceries/toiletries_health_and_beauty/hair_care/shampoo', 'waitrose_rating': '5', 'waitrose_unit_price': '(68.6p/100ml)', 'waitrose_new_flag': None, 'waitrose_prod_name': 'Head & Shoulders itchy scalp shampoo 500ml', 'images': []}
DEBUG: Scraped from <200 https://www.waitrose.com/ecom/shop/browse/groceries/toiletries_health_and_beauty/hair_care/shampoo>
{'client': 'Waitrose', 'time': datetime.datetime(2020, 8, 21, 19, 11, 50, 356023), 'category': 'Shampoo', 'id': 'tPp582132-472091-472092', 'prod_name': 'Ogx Argan Oil Morocco Shampoo', 'waitrose_Qty': '385ml', 'waitrose_discounted_price': '£7.00', 'waitrose_offer_desc': 'Add 2 for £10', 'waitrose_url': 'https://www.waitrose.com/ecom/shop/browse/groceries/toiletries_health_and_beauty/hair_care/shampoo', 'waitrose_rating': '4', 'waitrose_unit_price': '(£1.82/100ml)', 'waitrose_new_flag': None, 'waitrose_prod_name': 'Ogx Argan Oil Morocco Shampoo 385ml', 'images': []}
DEBUG: Scraped from <200 https://www.waitrose.com/ecom/shop/browse/groceries/toiletries_health_and_beauty/hair_care/shampoo>
{'client': 'Waitrose', 'time': datetime.datetime(2020, 8, 21, 19, 11, 50, 356023), 'category': 'Shampoo', 'id': 'tPp701301-99532-99533', 'prod_name': 'Essential Daily Care Shampoo', 'waitrose_Qty': '300ml', 'waitrose_discounted_price': '80p', 'waitrose_offer_desc': None, 'waitrose_url': 'https://www.waitrose.com/ecom/shop/browse/groceries/toiletries_health_and_beauty/hair_care/shampoo', 'waitrose_rating': '4.1', 'waitrose_unit_price': '(26.7p/100ml)', 'waitrose_new_flag': None, 'waitrose_prod_name': 'Essential Daily Care Shampoo 300ml', 'images': []}
DEBUG: Scraped from <200 https://www.waitrose.com/ecom/shop/browse/groceries/toiletries_health_and_beauty/hair_care/shampoo>
{'client': 'Waitrose', 'time': datetime.datetime(2020, 8, 21, 19, 11, 50, 356023), 'category': 'Shampoo', 'id': 'tPp657721-694179-694180', 'prod_name': 'Pantene 3 in 1 Classic Clean', 'waitrose_Qty': '450ml', 'waitrose_discounted_price': '£3.75', 'waitrose_offer_desc': 'Add 2 for £5', 'waitrose_url': 'https://www.waitrose.com/ecom/shop/browse/groceries/toiletries_health_and_beauty/hair_care/shampoo', 'waitrose_rating': None, 'waitrose_unit_price': '(83.3p/100ml)', 'waitrose_new_flag': None, 'waitrose_prod_name': 'Pantene 3 in 1 Classic Clean 450ml', 'images': []}
DEBUG: Scraped from <200 https://www.waitrose.com/ecom/shop/browse/groceries/toiletries_health_and_beauty/hair_care/shampoo>
{'client': 'Waitrose', 'time': datetime.datetime(2020, 8, 21, 19, 11, 50, 356023), 'category': 'Shampoo', 'id': 'tPp407453-471203-471204', 'prod_name': 'Ogx Biotin & Collagen Shampoo', 'waitrose_Qty': '385ml', 'waitrose_discounted_price': '£7.00', 'waitrose_offer_desc': 'Add 2 for £10', 'waitrose_url': 'https://www.waitrose.com/ecom/shop/browse/groceries/toiletries_health_and_beauty/hair_care/shampoo', 'waitrose_rating': None, 'waitrose_unit_price': '(£1.82/100ml)', 'waitrose_new_flag': None, 'waitrose_prod_name': 'Ogx Biotin & Collagen Shampoo 385ml', 'images': []}
DEBUG: Scraped from <200 https://www.waitrose.com/ecom/shop/browse/groceries/toiletries_health_and_beauty/hair_care/shampoo>
{'client': 'Waitrose', 'time': datetime.datetime(2020, 8, 21, 19, 11, 50, 356023), 'category': 'Shampoo', 'id': 'tPp821139-694191-694192', 'prod_name': 'Pantene Smooth & Sleek Shampoo', 'waitrose_Qty': '500ml', 'waitrose_discounted_price': '£5.15', 'waitrose_offer_desc': 'Add 2 for £5', 'waitrose_url': 'https://www.waitrose.com/ecom/shop/browse/groceries/toiletries_health_and_beauty/hair_care/shampoo', 'waitrose_rating': None, 'waitrose_unit_price': '(£1.03/100ml)', 'waitrose_new_flag': None, 'waitrose_prod_name': 'Pantene Smooth & Sleek Shampoo 500ml', 'images': []}
DEBUG: Scraped from <200 https://www.waitrose.com/ecom/shop/browse/groceries/toiletries_health_and_beauty/hair_care/shampoo>
{'client': 'Waitrose', 'time': datetime.datetime(2020, 8, 21, 19, 11, 50, 356023), 'category': 'Shampoo', 'id': 'tPp472240-591833-591834', 'prod_name': 'Herbal Essences Repair Shampoo', 'waitrose_Qty': '400ml', 'waitrose_discounted_price': '£4.50', 'waitrose_offer_desc': 'Add 2 for £6', 'waitrose_url': 'https://www.waitrose.com/ecom/shop/browse/groceries/toiletries_health_and_beauty/hair_care/shampoo', 'waitrose_rating': '5', 'waitrose_unit_price': '(£1.13/100ml)', 'waitrose_new_flag': None, 'waitrose_prod_name': 'Herbal Essences Repair Shampoo 400ml', 'images': []}
DEBUG: Scraped from <200 https://www.waitrose.com/ecom/shop/browse/groceries/toiletries_health_and_beauty/hair_care/shampoo>
{'client': 'Waitrose', 'time': datetime.datetime(2020, 8, 21, 19, 11, 50, 356023), 'category': 'Shampoo', 'id': 'tPp490113-591883-591884', 'prod_name': 'Herbal Essences Volume Shampoo', 'waitrose_Qty': '400ml', 'waitrose_discounted_price': '£4.50', 'waitrose_offer_desc': 'Add 2 for £6', 'waitrose_url': 'https://www.waitrose.com/ecom/shop/browse/groceries/toiletries_health_and_beauty/hair_care/shampoo', 'waitrose_rating': '5', 'waitrose_unit_price': '(£1.13/100ml)', 'waitrose_new_flag': None, 'waitrose_prod_name': 'Herbal Essences Volume Shampoo 400ml', 'images': []}
DEBUG: Scraped from <200 https://www.waitrose.com/ecom/shop/browse/groceries/toiletries_health_and_beauty/hair_care/shampoo>
{'client': 'Waitrose', 'time': datetime.datetime(2020, 8, 21, 19, 11, 50, 356023), 'category': 'Shampoo', 'id': 'tPp581617-694173-694174', 'prod_name': 'Pantene Colour Protect Shampoo', 'waitrose_Qty': '500ml', 'waitrose_discounted_price': '£5.15', 'waitrose_offer_desc': 'Add 2 for £5', 'waitrose_url': 'https://www.waitrose.com/ecom/shop/browse/groceries/toiletries_health_and_beauty/hair_care/shampoo', 'waitrose_rating': None, 'waitrose_unit_price': '(£1.03/100ml)', 'waitrose_new_flag': None, 'waitrose_prod_name': 'Pantene Colour Protect Shampoo 500ml', 'images': []}
DEBUG: Scraped from <200 https://www.waitrose.com/ecom/shop/browse/groceries/toiletries_health_and_beauty/hair_care/shampoo>
{'client': 'Waitrose', 'time': datetime.datetime(2020, 8, 21, 19, 11, 50, 356023), 'category': 'Shampoo', 'id': 'tPp535961-75786-75787', 'prod_name': 'essential Waitrose Nourishing Shampoo', 'waitrose_Qty': '300ml', 'waitrose_discounted_price': '80p', 'waitrose_offer_desc': None, 'waitrose_url': 'https://www.waitrose.com/ecom/shop/browse/groceries/toiletries_health_and_beauty/hair_care/shampoo', 'waitrose_rating': '4.4', 'waitrose_unit_price': '(26.7p/100ml)', 'waitrose_new_flag': None, 'waitrose_prod_name': 'essential Waitrose Nourishing Shampoo 300ml', 'images': []}
DEBUG: Scraped from <200 https://www.waitrose.com/ecom/shop/browse/groceries/toiletries_health_and_beauty/hair_care/shampoo>
{'client': 'Waitrose', 'time': datetime.datetime(2020, 8, 21, 19, 11, 50, 356023), 'category': 'Shampoo', 'id': 'tPp627460-154629-154630', 'prod_name': 'Aussie mega shampoo', 'waitrose_Qty': '500ml', 'waitrose_discounted_price': '£6.15', 'waitrose_offer_desc': 'Add 2 for £9', 'waitrose_url': 'https://www.waitrose.com/ecom/shop/browse/groceries/toiletries_health_and_beauty/hair_care/shampoo', 'waitrose_rating': '3.8', 'waitrose_unit_price': '(£1.23/100ml)', 'waitrose_new_flag': None, 'waitrose_prod_name': 'Aussie mega shampoo 500ml', 'images': []}
DEBUG: Scraped from <200 https://www.waitrose.com/ecom/shop/browse/groceries/toiletries_health_and_beauty/hair_care/shampoo>
{'client': 'Waitrose', 'time': datetime.datetime(2020, 8, 21, 19, 11, 50, 356023), 'category': 'Shampoo', 'id': 'tPp427668-591713-591714', 'prod_name': 'Herbal Essences Hydrate Shampoo', 'waitrose_Qty': '400ml', 'waitrose_discounted_price': '£4.50', 'waitrose_offer_desc': 'Add 2 for £6', 'waitrose_url': 'https://www.waitrose.com/ecom/shop/browse/groceries/toiletries_health_and_beauty/hair_care/shampoo', 'waitrose_rating': '5', 'waitrose_unit_price': '(£1.13/100ml)', 'waitrose_new_flag': None, 'waitrose_prod_name': 'Herbal Essences Hydrate Shampoo 400ml', 'images': []}
DEBUG: Scraped from <200 https://www.waitrose.com/ecom/shop/browse/groceries/toiletries_health_and_beauty/hair_care/shampoo>
{'client': 'Waitrose', 'time': datetime.datetime(2020, 8, 21, 19, 11, 50, 356023), 'category': 'Shampoo', 'id': 'tPp791725-375655-375656', 'prod_name': 'Ogx Kukuí Oil Shampoo', 'waitrose_Qty': '385ml', 'waitrose_discounted_price': '£7.00', 'waitrose_offer_desc': 'Add 2 for £10', 'waitrose_url': 'https://www.waitrose.com/ecom/shop/browse/groceries/toiletries_health_and_beauty/hair_care/shampoo', 'waitrose_rating': '5', 'waitrose_unit_price': '(£1.82/100ml)', 'waitrose_new_flag': None, 'waitrose_prod_name': 'Ogx Kukuí Oil Shampoo 385ml', 'images': []}
DEBUG: Scraped from <200 https://www.waitrose.com/ecom/shop/browse/groceries/toiletries_health_and_beauty/hair_care/shampoo>
{'client': 'Waitrose', 'time': datetime.datetime(2020, 8, 21, 19, 11, 50, 356023), 'category': 'Shampoo', 'id': 'tPp855140-216863-216864', 'prod_name': 'Ogx Coconut Milk Shampoo', 'waitrose_Qty': '385ml', 'waitrose_discounted_price': '£7.00', 'waitrose_offer_desc': 'Add 2 for £10', 'waitrose_url': 'https://www.waitrose.com/ecom/shop/browse/groceries/toiletries_health_and_beauty/hair_care/shampoo', 'waitrose_rating': '5', 'waitrose_unit_price': '(£1.82/100ml)', 'waitrose_new_flag': None, 'waitrose_prod_name': 'Ogx Coconut Milk Shampoo 385ml', 'images': []}
DEBUG: Scraped from <200 https://www.waitrose.com/ecom/shop/browse/groceries/toiletries_health_and_beauty/hair_care/shampoo>
{'client': 'Waitrose', 'time': datetime.datetime(2020, 8, 21, 19, 11, 50, 356023), 'category': 'Shampoo', 'id': 'tPp432893-216691-216692', 'prod_name': 'Head & Shoulders Shampoo Apple Fresh', 'waitrose_Qty': '500ml', 'waitrose_discounted_price': '£3.43', 'waitrose_offer_desc': 'Save 1/3.', 'waitrose_url': 'https://www.waitrose.com/ecom/shop/browse/groceries/toiletries_health_and_beauty/hair_care/shampoo', 'waitrose_rating': None, 'waitrose_unit_price': '(68.6p/100ml)', 'waitrose_new_flag': None, 'waitrose_prod_name': 'Head & Shoulders Shampoo Apple Fresh 500ml', 'images': []}
DEBUG: Scraped from <200 https://www.waitrose.com/ecom/shop/browse/groceries/toiletries_health_and_beauty/hair_care/shampoo>
{'client': 'Waitrose', 'time': datetime.datetime(2020, 8, 21, 19, 11, 50, 356023), 'category': 'Shampoo', 'id': 'tPp820157-724089-724090', 'prod_name': 'Eco Warrior Shampoo Bar', 'waitrose_Qty': '100g', 'waitrose_discounted_price': '£3.00', 'waitrose_offer_desc': 'Save 1/3.', 'waitrose_url': 'https://www.waitrose.com/ecom/shop/browse/groceries/toiletries_health_and_beauty/hair_care/shampoo', 'waitrose_rating': None, 'waitrose_unit_price': '(£3/100g)', 'waitrose_new_flag': None, 'waitrose_prod_name': 'Eco Warrior Shampoo Bar 100g', 'images': []}
DEBUG: Scraped from <200 https://www.waitrose.com/ecom/shop/browse/groceries/toiletries_health_and_beauty/hair_care/shampoo>
{'client': 'Waitrose', 'time': datetime.datetime(2020, 8, 21, 19, 11, 50, 356023), 'category': 'Shampoo', 'id': 'tPp755349-720291-720292', 'prod_name': 'Herbal Essences Aloe & Mango Shampoo', 'waitrose_Qty': '380ml', 'waitrose_discounted_price': '£4.50', 'waitrose_offer_desc': 'Add 2 for £6', 'waitrose_url': 'https://www.waitrose.com/ecom/shop/browse/groceries/toiletries_health_and_beauty/hair_care/shampoo', 'waitrose_rating': None, 'waitrose_unit_price': '(£1.19/100ml)', 'waitrose_new_flag': None, 'waitrose_prod_name': 'Herbal Essences Aloe & Mango Shampoo 380ml', 'images': []}
DEBUG: Scraped from <200 https://www.waitrose.com/ecom/shop/browse/groceries/toiletries_health_and_beauty/hair_care/shampoo>
{'client': 'Waitrose', 'time': datetime.datetime(2020, 8, 21, 19, 11, 50, 356023), 'category': 'Shampoo', 'id': 'tPp047805-23664-23665', 'prod_name': 'Avalon Organics tea tree shampoo', 'waitrose_Qty': '325ml', 'waitrose_discounted_price': '£7.00', 'waitrose_offer_desc': 'Add 2 for £11', 'waitrose_url': 'https://www.waitrose.com/ecom/shop/browse/groceries/toiletries_health_and_beauty/hair_care/shampoo', 'waitrose_rating': '4.9', 'waitrose_unit_price': '(£2.16/100ml)', 'waitrose_new_flag': None, 'waitrose_prod_name': 'Avalon Organics tea tree shampoo 325ml', 'images': []}
DEBUG: Scraped from <200 https://www.waitrose.com/ecom/shop/browse/groceries/toiletries_health_and_beauty/hair_care/shampoo>
{'client': 'Waitrose', 'time': datetime.datetime(2020, 8, 21, 19, 11, 50, 356023), 'category': 'Shampoo', 'id': 'tPp810201-352482-352483', 'prod_name': 'Essential Daily Care 2 in 1', 'waitrose_Qty': '300ml', 'waitrose_discounted_price': '80p', 'waitrose_offer_desc': None, 'waitrose_url': 'https://www.waitrose.com/ecom/shop/browse/groceries/toiletries_health_and_beauty/hair_care/shampoo', 'waitrose_rating': '4.3', 'waitrose_unit_price': '(26.7p/100ml)', 'waitrose_new_flag': None, 'waitrose_prod_name': 'Essential Daily Care 2 in 1 300ml', 'images': []}
DEBUG: Scraped from <200 https://www.waitrose.com/ecom/shop/browse/groceries/toiletries_health_and_beauty/hair_care/shampoo>
{'client': 'Waitrose', 'time': datetime.datetime(2020, 8, 21, 19, 11, 50, 356023), 'category': 'Shampoo', 'id': 'tPp868154-695990-695991', 'prod_name': 'Hair Biology Purple Shampoo', 'waitrose_Qty': '250ml', 'waitrose_discounted_price': '£2.99', 'waitrose_offer_desc': 'Save 1/3.', 'waitrose_url': 'https://www.waitrose.com/ecom/shop/browse/groceries/toiletries_health_and_beauty/hair_care/shampoo', 'waitrose_rating': None, 'waitrose_unit_price': '(£1.20/100ml)', 'waitrose_new_flag': None, 'waitrose_prod_name': 'Hair Biology Purple Shampoo 250ml', 'images': []}
DEBUG: Scraped from <200 https://www.waitrose.com/ecom/shop/browse/groceries/toiletries_health_and_beauty/hair_care/shampoo>
{'client': 'Waitrose', 'time': datetime.datetime(2020, 8, 21, 19, 11, 50, 356023), 'category': 'Shampoo', 'id': 'tPp752186-631541-631542', 'prod_name': 'Ogx Coconut OIl Shampoo', 'waitrose_Qty': '385ml', 'waitrose_discounted_price': '£7.00', 'waitrose_offer_desc': 'Add 2 for £10', 'waitrose_url': 'https://www.waitrose.com/ecom/shop/browse/groceries/toiletries_health_and_beauty/hair_care/shampoo', 'waitrose_rating': None, 'waitrose_unit_price': '(£1.82/100ml)', 'waitrose_new_flag': None, 'waitrose_prod_name': 'Ogx Coconut OIl Shampoo 385ml', 'images': []}
DEBUG: Scraped from <200 https://www.waitrose.com/ecom/shop/browse/groceries/toiletries_health_and_beauty/hair_care/shampoo>
{'client': 'Waitrose', 'time': datetime.datetime(2020, 8, 21, 19, 11, 50, 356023), 'category': 'Shampoo', 'id': 'tPp626001-88825-88826', 'prod_name': 'Head & Shoulders Shampoo Citrus Fresh', 'waitrose_Qty': '500ml', 'waitrose_discounted_price': '£3.43', 'waitrose_offer_desc': 'Save 1/3.', 'waitrose_url': 'https://www.waitrose.com/ecom/shop/browse/groceries/toiletries_health_and_beauty/hair_care/shampoo', 'waitrose_rating': None, 'waitrose_unit_price': '(68.6p/100ml)', 'waitrose_new_flag': None, 'waitrose_prod_name': 'Head & Shoulders Shampoo Citrus Fresh 500ml', 'images': []}
DEBUG: Scraped from <200 https://www.waitrose.com/ecom/shop/browse/groceries/toiletries_health_and_beauty/hair_care/shampoo>
{'client': 'Waitrose', 'time': datetime.datetime(2020, 8, 21, 19, 11, 50, 356023), 'category': 'Shampoo', 'id': 'tPp810302-683828-683829', 'prod_name': 'Herbal Essences Deep Repair Shampoo', 'waitrose_Qty': '400ml', 'waitrose_discounted_price': '£4.50', 'waitrose_offer_desc': 'Add 2 for £6', 'waitrose_url': 'https://www.waitrose.com/ecom/shop/browse/groceries/toiletries_health_and_beauty/hair_care/shampoo', 'waitrose_rating': None, 'waitrose_unit_price': '(£1.13/100ml)', 'waitrose_new_flag': None, 'waitrose_prod_name': 'Herbal Essences Deep Repair Shampoo 400ml', 'images': []}
DEBUG: Scraped from <200 https://www.waitrose.com/ecom/shop/browse/groceries/toiletries_health_and_beauty/hair_care/shampoo>
{'client': 'Waitrose', 'time': datetime.datetime(2020, 8, 21, 19, 11, 50, 356023), 'category': 'Shampoo', 'id': 'tPp027940-13599-13600', 'prod_name': 'Avalon Organics lemon shampoo', 'waitrose_Qty': '325ml', 'waitrose_discounted_price': '£7.00', 'waitrose_offer_desc': 'Add 2 for £11', 'waitrose_url': 'https://www.waitrose.com/ecom/shop/browse/groceries/toiletries_health_and_beauty/hair_care/shampoo', 'waitrose_rating': '3.6', 'waitrose_unit_price': '(£2.16/100ml)', 'waitrose_new_flag': None, 'waitrose_prod_name': 'Avalon Organics lemon shampoo 325ml', 'images': []}
DEBUG: Scraped from <200 https://www.waitrose.com/ecom/shop/browse/groceries/toiletries_health_and_beauty/hair_care/shampoo>
{'client': 'Waitrose', 'time': datetime.datetime(2020, 8, 21, 19, 11, 50, 356023), 'category': 'Shampoo', 'id': 'tPp755068-720289-720290', 'prod_name': 'Herbal Essences Aloe Hemp Shampoo', 'waitrose_Qty': '380ml', 'waitrose_discounted_price': '£4.50', 'waitrose_offer_desc': 'Add 2 for £6', 'waitrose_url': 'https://www.waitrose.com/ecom/shop/browse/groceries/toiletries_health_and_beauty/hair_care/shampoo', 'waitrose_rating': None, 'waitrose_unit_price': '(£1.19/100ml)', 'waitrose_new_flag': None, 'waitrose_prod_name': 'Herbal Essences Aloe Hemp Shampoo 380ml', 'images': []}
DEBUG: Scraped from <200 https://www.waitrose.com/ecom/shop/browse/groceries/toiletries_health_and_beauty/hair_care/shampoo>
{'client': 'Waitrose', 'time': datetime.datetime(2020, 8, 21, 19, 11, 50, 356023), 'category': 'Shampoo', 'id': 'tPp426973-298983-298984', 'prod_name': 'Head & Shoulders 2in1 Apple Fresh', 'waitrose_Qty': '450ml', 'waitrose_discounted_price': '£3.33', 'waitrose_offer_desc': 'Save 1/3.', 'waitrose_url': 'https://www.waitrose.com/ecom/shop/browse/groceries/toiletries_health_and_beauty/hair_care/shampoo', 'waitrose_rating': None, 'waitrose_unit_price': '(74p/100ml)', 'waitrose_new_flag': None, 'waitrose_prod_name': 'Head & Shoulders 2in1 Apple Fresh 450ml', 'images': []}
DEBUG: Scraped from <200 https://www.waitrose.com/ecom/shop/browse/groceries/toiletries_health_and_beauty/hair_care/shampoo>
{'client': 'Waitrose', 'time': datetime.datetime(2020, 8, 21, 19, 11, 50, 356023), 'category': 'Shampoo', 'id': 'tPp886458-216893-216894', 'prod_name': 'Ogx Brazilian Keratin Shampoo', 'waitrose_Qty': '385ml', 'waitrose_discounted_price': '£7.00', 'waitrose_offer_desc': 'Add 2 for £10', 'waitrose_url': 'https://www.waitrose.com/ecom/shop/browse/groceries/toiletries_health_and_beauty/hair_care/shampoo', 'waitrose_rating': '5', 'waitrose_unit_price': '(£1.82/100ml)', 'waitrose_new_flag': None, 'waitrose_prod_name': 'Ogx Brazilian Keratin Shampoo 385ml', 'images': []}
DEBUG: Scraped from <200 https://www.waitrose.com/ecom/shop/browse/groceries/toiletries_health_and_beauty/hair_care/shampoo>
{'client': 'Waitrose', 'time': datetime.datetime(2020, 8, 21, 19, 11, 50, 356023), 'category': 'Shampoo', 'id': 'tPp735751-154731-154732', 'prod_name': 'Aussie aussome volume shampoo', 'waitrose_Qty': '500ml', 'waitrose_discounted_price': '£6.10', 'waitrose_offer_desc': 'Add 2 for £9', 'waitrose_url': 'https://www.waitrose.com/ecom/shop/browse/groceries/toiletries_health_and_beauty/hair_care/shampoo', 'waitrose_rating': None, 'waitrose_unit_price': '(£1.22/100ml)', 'waitrose_new_flag': None, 'waitrose_prod_name': 'Aussie aussome volume shampoo 500ml', 'images': []}
DEBUG: Scraped from <200 https://www.waitrose.com/ecom/shop/browse/groceries/toiletries_health_and_beauty/hair_care/shampoo>
{'client': 'Waitrose', 'time': datetime.datetime(2020, 8, 21, 19, 11, 50, 356023), 'category': 'Shampoo', 'id': 'tPp778297-720309-720310', 'prod_name': 'Pantene Grow Strong Shampoo', 'waitrose_Qty': '400ml', 'waitrose_discounted_price': '£3.75', 'waitrose_offer_desc': 'Add 2 for £5', 'waitrose_url': 'https://www.waitrose.com/ecom/shop/browse/groceries/toiletries_health_and_beauty/hair_care/shampoo', 'waitrose_rating': None, 'waitrose_unit_price': '(93.8p/100ml)', 'waitrose_new_flag': None, 'waitrose_prod_name': 'Pantene Grow Strong Shampoo 400ml', 'images': []}
DEBUG: Scraped from <200 https://www.waitrose.com/ecom/shop/browse/groceries/toiletries_health_and_beauty/hair_care/shampoo>
{'client': 'Waitrose', 'time': datetime.datetime(2020, 8, 21, 19, 11, 50, 356023), 'category': 'Shampoo', 'id': 'tPp721134-337091-337092', 'prod_name': 'Aussie miracle shine shampoo', 'waitrose_Qty': '500ml', 'waitrose_discounted_price': '£6.00', 'waitrose_offer_desc': 'Add 2 for £9', 'waitrose_url': 'https://www.waitrose.com/ecom/shop/browse/groceries/toiletries_health_and_beauty/hair_care/shampoo', 'waitrose_rating': None, 'waitrose_unit_price': '(£1.20/100ml)', 'waitrose_new_flag': None, 'waitrose_prod_name': 'Aussie miracle shine shampoo 500ml', 'images': []}
DEBUG: Scraped from <200 https://www.waitrose.com/ecom/shop/browse/groceries/toiletries_health_and_beauty/hair_care/shampoo>
{'client': 'Waitrose', 'time': datetime.datetime(2020, 8, 21, 19, 11, 50, 356023), 'category': 'Shampoo', 'id': 'tPp799806-683814-683815', 'prod_name': 'Tresemmé Shampoo Moisture Rich', 'waitrose_Qty': '800ml', 'waitrose_discounted_price': '£5.50', 'waitrose_offer_desc': None, 'waitrose_url': 'https://www.waitrose.com/ecom/shop/browse/groceries/toiletries_health_and_beauty/hair_care/shampoo', 'waitrose_rating': None, 'waitrose_unit_price': '(68.8p/100ml)', 'waitrose_new_flag': None, 'waitrose_prod_name': 'Tresemmé Shampoo Moisture Rich 800ml', 'images': []}
DEBUG: Scraped from <200 https://www.waitrose.com/ecom/shop/browse/groceries/toiletries_health_and_beauty/hair_care/shampoo>
{'client': 'Waitrose', 'time': datetime.datetime(2020, 8, 21, 19, 11, 50, 356023), 'category': 'Shampoo', 'id': 'tPp867514-720387-720388', 'prod_name': 'Head & Shoulders Coconut Shampoo', 'waitrose_Qty': '500ml', 'waitrose_discounted_price': '£3.33', 'waitrose_offer_desc': 'Save 1/3.', 'waitrose_url': 'https://www.waitrose.com/ecom/shop/browse/groceries/toiletries_health_and_beauty/hair_care/shampoo', 'waitrose_rating': None, 'waitrose_unit_price': '(66.6p/100ml)', 'waitrose_new_flag': None, 'waitrose_prod_name': 'Head & Shoulders Coconut Shampoo 500ml', 'images': []}
DEBUG: Scraped from <200 https://www.waitrose.com/ecom/shop/browse/groceries/toiletries_health_and_beauty/hair_care/shampoo>
{'client': 'Waitrose', 'time': datetime.datetime(2020, 8, 21, 19, 11, 50, 356023), 'category': 'Shampoo', 'id': 'tPp662395-154665-154666', 'prod_name': 'Aussie colour mate shampoo', 'waitrose_Qty': '500ml', 'waitrose_discounted_price': '£6.15', 'waitrose_offer_desc': 'Add 2 for £9', 'waitrose_url': 'https://www.waitrose.com/ecom/shop/browse/groceries/toiletries_health_and_beauty/hair_care/shampoo', 'waitrose_rating': None, 'waitrose_unit_price': '(£1.23/100ml)', 'waitrose_new_flag': None, 'waitrose_prod_name': 'Aussie colour mate shampoo 500ml', 'images': []}
DEBUG: Scraped from <200 https://www.waitrose.com/ecom/shop/browse/groceries/toiletries_health_and_beauty/hair_care/shampoo>
{'client': 'Waitrose', 'time': datetime.datetime(2020, 8, 21, 19, 11, 50, 356023), 'category': 'Shampoo', 'id': 'tPp740653-352034-352035', 'prod_name': 'essential Waitrose Anti-Dandruff 2 in 1', 'waitrose_Qty': '300ml', 'waitrose_discounted_price': '£1.00', 'waitrose_offer_desc': None, 'waitrose_url': 'https://www.waitrose.com/ecom/shop/browse/groceries/toiletries_health_and_beauty/hair_care/shampoo', 'waitrose_rating': '4', 'waitrose_unit_price': '(33.3p/100ml)', 'waitrose_new_flag': None, 'waitrose_prod_name': 'essential Waitrose Anti-Dandruff 2 in 1 300ml', 'images': []}
DEBUG: Scraped from <200 https://www.waitrose.com/ecom/shop/browse/groceries/toiletries_health_and_beauty/hair_care/shampoo>
{'client': 'Waitrose', 'time': datetime.datetime(2020, 8, 21, 19, 11, 50, 356023), 'category': 'Shampoo', 'id': 'tPp863078-695988-695989', 'prod_name': 'Pantene Hair Biology Full & Vibrant', 'waitrose_Qty': '250ml', 'waitrose_discounted_price': '£2.99', 'waitrose_offer_desc': 'Save 1/3.', 'waitrose_url': 'https://www.waitrose.com/ecom/shop/browse/groceries/toiletries_health_and_beauty/hair_care/shampoo', 'waitrose_rating': None, 'waitrose_unit_price': '(£1.20/100ml)', 'waitrose_new_flag': None, 'waitrose_prod_name': 'Pantene Hair Biology Full & Vibrant 250ml', 'images': []}
DEBUG: Scraped from <200 https://www.waitrose.com/ecom/shop/browse/groceries/toiletries_health_and_beauty/hair_care/shampoo>
{'client': 'Waitrose', 'time': datetime.datetime(2020, 8, 21, 19, 11, 50, 356023), 'category': 'Shampoo', 'id': 'tPp480888-154495-154496', 'prod_name': 'Head & Shoulders Smooth Shampoo', 'waitrose_Qty': '500ml', 'waitrose_discounted_price': '£3.43', 'waitrose_offer_desc': 'Save 1/3.', 'waitrose_url': 'https://www.waitrose.com/ecom/shop/browse/groceries/toiletries_health_and_beauty/hair_care/shampoo', 'waitrose_rating': None, 'waitrose_unit_price': '(68.6p/100ml)', 'waitrose_new_flag': None, 'waitrose_prod_name': 'Head & Shoulders Smooth Shampoo 500ml', 'images': []}
DEBUG: Scraped from <200 https://www.waitrose.com/ecom/shop/browse/groceries/toiletries_health_and_beauty/hair_care/shampoo>
{'client': 'Waitrose', 'time': datetime.datetime(2020, 8, 21, 19, 11, 50, 356023), 'category': 'Shampoo', 'id': 'tPp092708-47659-47660', 'prod_name': 'Vosene Original Shampoo', 'waitrose_Qty': '250ml', 'waitrose_discounted_price': '£2.05', 'waitrose_offer_desc': None, 'waitrose_url': 'https://www.waitrose.com/ecom/shop/browse/groceries/toiletries_health_and_beauty/hair_care/shampoo', 'waitrose_rating': '5', 'waitrose_unit_price': '(82p/100ml)', 'waitrose_new_flag': None, 'waitrose_prod_name': 'Vosene Original Shampoo 250ml', 'images': []}
DEBUG: Scraped from <200 https://www.waitrose.com/ecom/shop/browse/groceries/toiletries_health_and_beauty/hair_care/shampoo>
{'client': 'Waitrose', 'time': datetime.datetime(2020, 8, 21, 19, 11, 50, 356023), 'category': 'Shampoo', 'id': 'tPp062495-31737-31738', 'prod_name': 'Neutrogena T/Gel shampoo dry hair', 'waitrose_Qty': '125ml', 'waitrose_discounted_price': '£5.15', 'waitrose_offer_desc': None, 'waitrose_url': 'https://www.waitrose.com/ecom/shop/browse/groceries/toiletries_health_and_beauty/hair_care/shampoo', 'waitrose_rating': None, 'waitrose_unit_price': '(£4.12/100ml)', 'waitrose_new_flag': None, 'waitrose_prod_name': 'Neutrogena T/Gel shampoo dry hair 125ml', 'images': []}
DEBUG: Scraped from <200 https://www.waitrose.com/ecom/shop/browse/groceries/toiletries_health_and_beauty/hair_care/shampoo>
{'client': 'Waitrose', 'time': datetime.datetime(2020, 8, 21, 19, 11, 50, 356023), 'category': 'Shampoo', 'id': 'tPp011495-5706-5707', 'prod_name': 'John Frieda Shampoo Touchably Full', 'waitrose_Qty': '250ml', 'waitrose_discounted_price': '£6.00', 'waitrose_offer_desc': None, 'waitrose_url': 'https://www.waitrose.com/ecom/shop/browse/groceries/toiletries_health_and_beauty/hair_care/shampoo', 'waitrose_rating': '4', 'waitrose_unit_price': '(£2.40/100ml)', 'waitrose_new_flag': None, 'waitrose_prod_name': 'John Frieda Shampoo Touchably Full 250ml', 'images': []}
DEBUG: Scraped from <200 https://www.waitrose.com/ecom/shop/browse/groceries/toiletries_health_and_beauty/hair_care/shampoo>
{'client': 'Waitrose', 'time': datetime.datetime(2020, 8, 21, 19, 11, 50, 356023), 'category': 'Shampoo', 'id': 'tPp059421-29947-29948', 'prod_name': 'Aussie Aussome Volume Shampoo', 'waitrose_Qty': '300ml', 'waitrose_discounted_price': '£4.00', 'waitrose_offer_desc': None, 'waitrose_url': 'https://www.waitrose.com/ecom/shop/browse/groceries/toiletries_health_and_beauty/hair_care/shampoo', 'waitrose_rating': '5', 'waitrose_unit_price': '(£1.34/100ml)', 'waitrose_new_flag': None, 'waitrose_prod_name': 'Aussie Aussome Volume Shampoo 300ml', 'images': []}
DEBUG: Scraped from <200 https://www.waitrose.com/ecom/shop/browse/groceries/toiletries_health_and_beauty/hair_care/shampoo>
{'client': 'Waitrose', 'time': datetime.datetime(2020, 8, 21, 19, 11, 50, 356023), 'category': 'Shampoo', 'id': 'tPp790782-694215-694216', 'prod_name': 'Pantene 3in1 Smooth & Sleek', 'waitrose_Qty': '450ml', 'waitrose_discounted_price': '£3.75', 'waitrose_offer_desc': 'Add 2 for £5', 'waitrose_url': 'https://www.waitrose.com/ecom/shop/browse/groceries/toiletries_health_and_beauty/hair_care/shampoo', 'waitrose_rating': None, 'waitrose_unit_price': '(83.3p/100ml)', 'waitrose_new_flag': None, 'waitrose_prod_name': 'Pantene 3in1 Smooth & Sleek 450ml', 'images': []}
DEBUG: Scraped from <200 https://www.waitrose.com/ecom/shop/browse/groceries/toiletries_health_and_beauty/hair_care/shampoo>
{'client': 'Waitrose', 'time': datetime.datetime(2020, 8, 21, 19, 11, 50, 356023), 'category': 'Shampoo', 'id': 'tPp724972-694185-694186', 'prod_name': 'Pantene 3in1 Repair & Protect', 'waitrose_Qty': '450ml', 'waitrose_discounted_price': '£3.75', 'waitrose_offer_desc': 'Add 2 for £5', 'waitrose_url': 'https://www.waitrose.com/ecom/shop/browse/groceries/toiletries_health_and_beauty/hair_care/shampoo', 'waitrose_rating': None, 'waitrose_unit_price': '(83.3p/100ml)', 'waitrose_new_flag': None, 'waitrose_prod_name': 'Pantene 3in1 Repair & Protect 450ml', 'images': []}
DEBUG: Scraped from <200 https://www.waitrose.com/ecom/shop/browse/groceries/toiletries_health_and_beauty/hair_care/shampoo>
{'client': 'Waitrose', 'time': datetime.datetime(2020, 8, 21, 19, 11, 50, 356023), 'category': 'Shampoo', 'id': 'tPp076232-38732-38733', 'prod_name': 'AOrganic Lavender Shampoo', 'waitrose_Qty': '325ml', 'waitrose_discounted_price': '£7.00', 'waitrose_offer_desc': 'Add 2 for £11', 'waitrose_url': 'https://www.waitrose.com/ecom/shop/browse/groceries/toiletries_health_and_beauty/hair_care/shampoo', 'waitrose_rating': '3.8', 'waitrose_unit_price': '(£2.16/100ml)', 'waitrose_new_flag': None, 'waitrose_prod_name': 'AOrganic Lavender Shampoo 325ml', 'images': []}
DEBUG: Scraped from <200 https://www.waitrose.com/ecom/shop/browse/groceries/toiletries_health_and_beauty/hair_care/shampoo>
{'client': 'Waitrose', 'time': datetime.datetime(2020, 8, 21, 19, 11, 50, 356023), 'category': 'Shampoo', 'id': 'tPp836383-271490-271491', 'prod_name': 'Head & Shoulders 2in1 citrus care', 'waitrose_Qty': '450ml', 'waitrose_discounted_price': '£3.43', 'waitrose_offer_desc': 'Save 1/3.', 'waitrose_url': 'https://www.waitrose.com/ecom/shop/browse/groceries/toiletries_health_and_beauty/hair_care/shampoo', 'waitrose_rating': None, 'waitrose_unit_price': '(76.2p/100ml)', 'waitrose_new_flag': None, 'waitrose_prod_name': 'Head & Shoulders 2in1 citrus care 450ml', 'images': []}
DEBUG: Scraped from <200 https://www.waitrose.com/ecom/shop/browse/groceries/toiletries_health_and_beauty/hair_care/shampoo>
{'client': 'Waitrose', 'time': datetime.datetime(2020, 8, 21, 19, 11, 50, 356023), 'category': 'Shampoo', 'id': 'tPp610920-86669-86670', 'prod_name': 'Sheer Blonde Go Blonder Shampoo', 'waitrose_Qty': '250ml', 'waitrose_discounted_price': '£6.00', 'waitrose_offer_desc': None, 'waitrose_url': 'https://www.waitrose.com/ecom/shop/browse/groceries/toiletries_health_and_beauty/hair_care/shampoo', 'waitrose_rating': '3.5', 'waitrose_unit_price': '(£2.40/100ml)', 'waitrose_new_flag': None, 'waitrose_prod_name': 'Sheer Blonde Go Blonder Shampoo 250ml', 'images': []}
DEBUG: Scraped from <200 https://www.waitrose.com/ecom/shop/browse/groceries/toiletries_health_and_beauty/hair_care/shampoo>
{'client': 'Waitrose', 'time': datetime.datetime(2020, 8, 21, 19, 11, 50, 356023), 'category': 'Shampoo', 'id': 'tPp639145-337007-337008', 'prod_name': 'Tresemmé Shampoo Deep Cleansing', 'waitrose_Qty': '800ml', 'waitrose_discounted_price': '£5.50', 'waitrose_offer_desc': None, 'waitrose_url': 'https://www.waitrose.com/ecom/shop/browse/groceries/toiletries_health_and_beauty/hair_care/shampoo', 'waitrose_rating': '5', 'waitrose_unit_price': '(68.8p/100ml)', 'waitrose_new_flag': None, 'waitrose_prod_name': 'Tresemmé Shampoo Deep Cleansing 800ml', 'images': []}
DEBUG: Scraped from <200 https://www.waitrose.com/ecom/shop/browse/groceries/toiletries_health_and_beauty/hair_care/shampoo>
{'client': 'Waitrose', 'time': datetime.datetime(2020, 8, 21, 19, 11, 50, 356023), 'category': 'Shampoo', 'id': 'tPp464815-154487-154488', 'prod_name': 'Batiste original dry shampoo', 'waitrose_Qty': '200ml', 'waitrose_discounted_price': '£3.00', 'waitrose_offer_desc': None, 'waitrose_url': 'https://www.waitrose.com/ecom/shop/browse/groceries/toiletries_health_and_beauty/hair_care/shampoo', 'waitrose_rating': '5', 'waitrose_unit_price': '(£1.50/100ml)', 'waitrose_new_flag': None, 'waitrose_prod_name': 'Batiste original dry shampoo 200ml', 'images': []}
DEBUG: Scraped from <200 https://www.waitrose.com/ecom/shop/browse/groceries/toiletries_health_and_beauty/hair_care/shampoo>
{'client': 'Waitrose', 'time': datetime.datetime(2020, 8, 21, 19, 11, 50, 356023), 'category': 'Shampoo', 'id': 'tPp694392-98595-98596', 'prod_name': 'Head & Shoulders Shampoo Cool Menthol', 'waitrose_Qty': '500ml', 'waitrose_discounted_price': '£3.43', 'waitrose_offer_desc': 'Save 1/3.', 'waitrose_url': 'https://www.waitrose.com/ecom/shop/browse/groceries/toiletries_health_and_beauty/hair_care/shampoo', 'waitrose_rating': None, 'waitrose_unit_price': '(68.6p/100ml)', 'waitrose_new_flag': None, 'waitrose_prod_name': 'Head & Shoulders Shampoo Cool Menthol 500ml', 'images': []}
DEBUG: Scraped from <200 https://www.waitrose.com/ecom/shop/browse/groceries/toiletries_health_and_beauty/hair_care/shampoo>
{'client': 'Waitrose', 'time': datetime.datetime(2020, 8, 21, 19, 11, 50, 356023), 'category': 'Shampoo', 'id': 'tPp714629-729752-729753', 'prod_name': 'OGX Keratin Oil Shampoo', 'waitrose_Qty': '385ml', 'waitrose_discounted_price': '£7.00', 'waitrose_offer_desc': 'Add 2 for £10', 'waitrose_url': 'https://www.waitrose.com/ecom/shop/browse/groceries/toiletries_health_and_beauty/hair_care/shampoo', 'waitrose_rating': None, 'waitrose_unit_price': '(£1.82/100ml)', 'waitrose_new_flag': 'NEW', 'waitrose_prod_name': 'OGX Keratin Oil Shampoo 385ml', 'images': []}
DEBUG: Scraped from <200 https://www.waitrose.com/ecom/shop/browse/groceries/toiletries_health_and_beauty/hair_care/shampoo>
{'client': 'Waitrose', 'time': datetime.datetime(2020, 8, 21, 19, 11, 50, 356023), 'category': 'Shampoo', 'id': 'tPp855732-695986-695987', 'prod_name': 'Hair Biology De-Frizz Shampoo', 'waitrose_Qty': '250ml', 'waitrose_discounted_price': '£2.99', 'waitrose_offer_desc': 'Save 1/3.', 'waitrose_url': 'https://www.waitrose.com/ecom/shop/browse/groceries/toiletries_health_and_beauty/hair_care/shampoo', 'waitrose_rating': None, 'waitrose_unit_price': '(£1.20/100ml)', 'waitrose_new_flag': None, 'waitrose_prod_name': 'Hair Biology De-Frizz Shampoo 250ml', 'images': []}
DEBUG: Scraped from <200 https://www.waitrose.com/ecom/shop/browse/groceries/toiletries_health_and_beauty/hair_care/shampoo>
{'client': 'Waitrose', 'time': datetime.datetime(2020, 8, 21, 19, 11, 50, 356023), 'category': 'Shampoo', 'id': 'tPp480728-631267-631268', 'prod_name': 'Ogx Orchid Oil Shampoo', 'waitrose_Qty': '385ml', 'waitrose_discounted_price': '£7.00', 'waitrose_offer_desc': 'Add 2 for £10', 'waitrose_url': 'https://www.waitrose.com/ecom/shop/browse/groceries/toiletries_health_and_beauty/hair_care/shampoo', 'waitrose_rating': '5', 'waitrose_unit_price': '(£1.82/100ml)', 'waitrose_new_flag': None, 'waitrose_prod_name': 'Ogx Orchid Oil Shampoo 385ml', 'images': []}
DEBUG: Scraped from <200 https://www.waitrose.com/ecom/shop/browse/groceries/toiletries_health_and_beauty/hair_care/shampoo>
{'client': 'Waitrose', 'time': datetime.datetime(2020, 8, 21, 19, 11, 50, 356023), 'category': 'Shampoo', 'id': 'tPp834106-299691-299692', 'prod_name': 'Head & Shoulders 2in1 smooth & silky', 'waitrose_Qty': '450ml', 'waitrose_discounted_price': '£3.33', 'waitrose_offer_desc': 'Save 1/3.', 'waitrose_url': 'https://www.waitrose.com/ecom/shop/browse/groceries/toiletries_health_and_beauty/hair_care/shampoo', 'waitrose_rating': None, 'waitrose_unit_price': '(74p/100ml)', 'waitrose_new_flag': None, 'waitrose_prod_name': 'Head & Shoulders 2in1 smooth & silky 450ml', 'images': []}
DEBUG: Scraped from <200 https://www.waitrose.com/ecom/shop/browse/groceries/toiletries_health_and_beauty/hair_care/shampoo>
{'client': 'Waitrose', 'time': datetime.datetime(2020, 8, 21, 19, 11, 50, 356023), 'category': 'Shampoo', 'id': 'tPp595050-720203-720204', 'prod_name': 'Herbal Essences Coconut Shampoo', 'waitrose_Qty': '250ml', 'waitrose_discounted_price': '£3.00', 'waitrose_offer_desc': None, 'waitrose_url': 'https://www.waitrose.com/ecom/shop/browse/groceries/toiletries_health_and_beauty/hair_care/shampoo', 'waitrose_rating': None, 'waitrose_unit_price': '(£1.20/100ml)', 'waitrose_new_flag': None, 'waitrose_prod_name': 'Herbal Essences Coconut Shampoo 250ml', 'images': []}
DEBUG: Scraped from <200 https://www.waitrose.com/ecom/shop/browse/groceries/toiletries_health_and_beauty/hair_care/shampoo>
{'client': 'Waitrose', 'time': datetime.datetime(2020, 8, 21, 19, 11, 50, 356023), 'category': 'Shampoo', 'id': 'tPp096232-49248-49249', 'prod_name': 'Aussie Mega Shampoo', 'waitrose_Qty': '300ml', 'waitrose_discounted_price': '£4.10', 'waitrose_offer_desc': None, 'waitrose_url': 'https://www.waitrose.com/ecom/shop/browse/groceries/toiletries_health_and_beauty/hair_care/shampoo', 'waitrose_rating': '2.5', 'waitrose_unit_price': '(£1.37/100ml)', 'waitrose_new_flag': None, 'waitrose_prod_name': 'Aussie Mega Shampoo 300ml', 'images': []}
DEBUG: Scraped from <200 https://www.waitrose.com/ecom/shop/browse/groceries/toiletries_health_and_beauty/hair_care/shampoo>
{'client': 'Waitrose', 'time': datetime.datetime(2020, 8, 21, 19, 11, 50, 356023), 'category': 'Shampoo', 'id': 'tPp775870-724036-724037', 'prod_name': 'Faith in Nature Wild Rose Shampoo', 'waitrose_Qty': '400ml', 'waitrose_discounted_price': '£5.79', 'waitrose_offer_desc': None, 'waitrose_url': 'https://www.waitrose.com/ecom/shop/browse/groceries/toiletries_health_and_beauty/hair_care/shampoo', 'waitrose_rating': '5', 'waitrose_unit_price': '(£1.45/100ml)', 'waitrose_new_flag': None, 'waitrose_prod_name': 'Faith in Nature Wild Rose Shampoo 400ml', 'images': []}
DEBUG: Scraped from <200 https://www.waitrose.com/ecom/shop/browse/groceries/toiletries_health_and_beauty/hair_care/shampoo>
{'client': 'Waitrose', 'time': datetime.datetime(2020, 8, 21, 19, 11, 50, 356023), 'category': 'Shampoo', 'id': 'tPp486943-68769-68770', 'prod_name': 'Head & Shoulders 2in1 classic clean', 'waitrose_Qty': '225ml', 'waitrose_discounted_price': '£3.00', 'waitrose_offer_desc': None, 'waitrose_url': 'https://www.waitrose.com/ecom/shop/browse/groceries/toiletries_health_and_beauty/hair_care/shampoo', 'waitrose_rating': '4', 'waitrose_unit_price': '(£1.34/100ml)', 'waitrose_new_flag': None, 'waitrose_prod_name': 'Head & Shoulders 2in1 classic clean 225ml', 'images': []}
DEBUG: Scraped from <200 https://www.waitrose.com/ecom/shop/browse/groceries/toiletries_health_and_beauty/hair_care/shampoo>
{'client': 'Waitrose', 'time': datetime.datetime(2020, 8, 21, 19, 11, 50, 356023), 'category': 'Shampoo', 'id': 'tPp425124-59787-59788', 'prod_name': 'Brilliant Brunette Protecting Shampoo', 'waitrose_Qty': '250ml', 'waitrose_discounted_price': '£6.00', 'waitrose_offer_desc': None, 'waitrose_url': 'https://www.waitrose.com/ecom/shop/browse/groceries/toiletries_health_and_beauty/hair_care/shampoo', 'waitrose_rating': None, 'waitrose_unit_price': '(£2.40/100ml)', 'waitrose_new_flag': None, 'waitrose_prod_name': 'Brilliant Brunette Protecting Shampoo 250ml', 'images': []}
DEBUG: Scraped from <200 https://www.waitrose.com/ecom/shop/browse/groceries/toiletries_health_and_beauty/hair_care/shampoo>
{'client': 'Waitrose', 'time': datetime.datetime(2020, 8, 21, 19, 11, 50, 356023), 'category': 'Shampoo', 'id': 'tPp096508-49364-49365', 'prod_name': 'Aussie Miracle Moist Shampoo', 'waitrose_Qty': '300ml', 'waitrose_discounted_price': '£4.10', 'waitrose_offer_desc': None, 'waitrose_url': 'https://www.waitrose.com/ecom/shop/browse/groceries/toiletries_health_and_beauty/hair_care/shampoo', 'waitrose_rating': '3.7', 'waitrose_unit_price': '(£1.37/100ml)', 'waitrose_new_flag': None, 'waitrose_prod_name': 'Aussie Miracle Moist Shampoo 300ml', 'images': []}
DEBUG: Scraped from <200 https://www.waitrose.com/ecom/shop/browse/groceries/toiletries_health_and_beauty/hair_care/shampoo>
{'client': 'Waitrose', 'time': datetime.datetime(2020, 8, 21, 19, 11, 50, 356023), 'category': 'Shampoo', 'id': 'tPp554742-695503-695504', 'prod_name': 'Umberto Giannini Violet Shampoo', 'waitrose_Qty': '250ml', 'waitrose_discounted_price': '£8.00', 'waitrose_offer_desc': None, 'waitrose_url': 'https://www.waitrose.com/ecom/shop/browse/groceries/toiletries_health_and_beauty/hair_care/shampoo', 'waitrose_rating': None, 'waitrose_unit_price': '(£3.20/100ml)', 'waitrose_new_flag': None, 'waitrose_prod_name': 'Umberto Giannini Violet Shampoo 250ml', 'images': []}
DEBUG: Scraped from <200 https://www.waitrose.com/ecom/shop/browse/groceries/toiletries_health_and_beauty/hair_care/shampoo>
{'client': 'Waitrose', 'time': datetime.datetime(2020, 8, 21, 19, 11, 50, 356023), 'category': 'Shampoo', 'id': 'tPp575547-494836-494837', 'prod_name': 'DGJ Thickening Shampoo', 'waitrose_Qty': '250ml', 'waitrose_discounted_price': '£5.00', 'waitrose_offer_desc': None, 'waitrose_url': 'https://www.waitrose.com/ecom/shop/browse/groceries/toiletries_health_and_beauty/hair_care/shampoo', 'waitrose_rating': '5', 'waitrose_unit_price': '(£2/100ml)', 'waitrose_new_flag': None, 'waitrose_prod_name': 'DGJ Thickening Shampoo 250ml', 'images': []}
DEBUG: Scraped from <200 https://www.waitrose.com/ecom/shop/browse/groceries/toiletries_health_and_beauty/hair_care/shampoo>
{'client': 'Waitrose', 'time': datetime.datetime(2020, 8, 21, 19, 11, 50, 356023), 'category': 'Shampoo', 'id': 'tPp433216-720111-720112', 'prod_name': 'John Frieda Hydrate & Recharge Shampoo', 'waitrose_Qty': '250ml', 'waitrose_discounted_price': '£5.99', 'waitrose_offer_desc': None, 'waitrose_url': 'https://www.waitrose.com/ecom/shop/browse/groceries/toiletries_health_and_beauty/hair_care/shampoo', 'waitrose_rating': None, 'waitrose_unit_price': '(£2.40/100ml)', 'waitrose_new_flag': None, 'waitrose_prod_name': 'John Frieda Hydrate & Recharge Shampoo 250ml', 'images': []}
DEBUG: Scraped from <200 https://www.waitrose.com/ecom/shop/browse/groceries/toiletries_health_and_beauty/hair_care/shampoo>
{'client': 'Waitrose', 'time': datetime.datetime(2020, 8, 21, 19, 11, 50, 356023), 'category': 'Shampoo', 'id': 'tPp725068-723986-723987', 'prod_name': 'Faith in Nature Lavender Shampoo', 'waitrose_Qty': '400ml', 'waitrose_discounted_price': '£5.79', 'waitrose_offer_desc': None, 'waitrose_url': 'https://www.waitrose.com/ecom/shop/browse/groceries/toiletries_health_and_beauty/hair_care/shampoo', 'waitrose_rating': None, 'waitrose_unit_price': '(£1.45/100ml)', 'waitrose_new_flag': None, 'waitrose_prod_name': 'Faith in Nature Lavender Shampoo 400ml', 'images': []}
DEBUG: Scraped from <200 https://www.waitrose.com/ecom/shop/browse/groceries/toiletries_health_and_beauty/hair_care/shampoo>
{'client': 'Waitrose', 'time': datetime.datetime(2020, 8, 21, 19, 11, 50, 356023), 'category': 'Shampoo', 'id': 'tPp494340-69860-69861', 'prod_name': "Neal's Yard Rose Shampoo", 'waitrose_Qty': '200ml', 'waitrose_discounted_price': '£11.50', 'waitrose_offer_desc': None, 'waitrose_url': 'https://www.waitrose.com/ecom/shop/browse/groceries/toiletries_health_and_beauty/hair_care/shampoo', 'waitrose_rating': '3.1', 'waitrose_unit_price': '(£5.75/100ml)', 'waitrose_new_flag': None, 'waitrose_prod_name': "Neal's Yard Rose Shampoo 200ml", 'images': []}
DEBUG: Scraped from <200 https://www.waitrose.com/ecom/shop/browse/groceries/toiletries_health_and_beauty/hair_care/shampoo>
{'client': 'Waitrose', 'time': datetime.datetime(2020, 8, 21, 19, 11, 50, 356023), 'category': 'Shampoo', 'id': 'tPp425163-526469-526470', 'prod_name': 'Frizz Ease Shampoo Miraculous Recovery', 'waitrose_Qty': '250ml', 'waitrose_discounted_price': '£6.00', 'waitrose_offer_desc': None, 'waitrose_url': 'https://www.waitrose.com/ecom/shop/browse/groceries/toiletries_health_and_beauty/hair_care/shampoo', 'waitrose_rating': None, 'waitrose_unit_price': '(£2.40/100ml)', 'waitrose_new_flag': None, 'waitrose_prod_name': 'Frizz Ease Shampoo Miraculous Recovery 250ml', 'images': []}
DEBUG: Scraped from <200 https://www.waitrose.com/ecom/shop/browse/groceries/toiletries_health_and_beauty/hair_care/shampoo>
{'client': 'Waitrose', 'time': datetime.datetime(2020, 8, 21, 19, 11, 50, 356023), 'category': 'Shampoo', 'id': 'tPp871494-495182-495183', 'prod_name': 'DGJ Hairjuice Shampoo', 'waitrose_Qty': '250ml', 'waitrose_discounted_price': '£5.00', 'waitrose_offer_desc': None, 'waitrose_url': 'https://www.waitrose.com/ecom/shop/browse/groceries/toiletries_health_and_beauty/hair_care/shampoo', 'waitrose_rating': '5', 'waitrose_unit_price': '(£2/100ml)', 'waitrose_new_flag': None, 'waitrose_prod_name': 'DGJ Hairjuice Shampoo 250ml', 'images': []}
DEBUG: Scraped from <200 https://www.waitrose.com/ecom/shop/browse/groceries/toiletries_health_and_beauty/hair_care/shampoo>
{'client': 'Waitrose', 'time': datetime.datetime(2020, 8, 21, 19, 11, 50, 356023), 'category': 'Shampoo', 'id': 'tPp032765-16025-16026', 'prod_name': "L'Oréal kids shampoo berry strawberry", 'waitrose_Qty': '250ml', 'waitrose_discounted_price': '£2.00', 'waitrose_offer_desc': None, 'waitrose_url': 'https://www.waitrose.com/ecom/shop/browse/groceries/toiletries_health_and_beauty/hair_care/shampoo', 'waitrose_rating': None, 'waitrose_unit_price': '(80p/100ml)', 'waitrose_new_flag': None, 'waitrose_prod_name': "L'Oréal kids shampoo berry strawberry 250ml", 'images': []}
DEBUG: Scraped from <200 https://www.waitrose.com/ecom/shop/browse/groceries/toiletries_health_and_beauty/hair_care/shampoo>
{'client': 'Waitrose', 'time': datetime.datetime(2020, 8, 21, 19, 11, 50, 356023), 'category': 'Shampoo', 'id': 'tPp405353-729640-729641', 'prod_name': 'Percy & Reed No-Fuss Dry Shampoo', 'waitrose_Qty': '200ml', 'waitrose_discounted_price': '£10.00', 'waitrose_offer_desc': 'Save 1/3.', 'waitrose_url': 'https://www.waitrose.com/ecom/shop/browse/groceries/toiletries_health_and_beauty/hair_care/shampoo', 'waitrose_rating': None, 'waitrose_unit_price': '(£5/100ml)', 'waitrose_new_flag': 'NEW', 'waitrose_prod_name': 'Percy & Reed No-Fuss Dry Shampoo 200ml', 'images': []}
DEBUG: Scraped from <200 https://www.waitrose.com/ecom/shop/browse/groceries/toiletries_health_and_beauty/hair_care/shampoo>
{'client': 'Waitrose', 'time': datetime.datetime(2020, 8, 21, 19, 11, 50, 356023), 'category': 'Shampoo', 'id': 'tPp567427-683666-683667', 'prod_name': 'Ogx Charcoal Detox Shampoo', 'waitrose_Qty': '385ml', 'waitrose_discounted_price': '£7.00', 'waitrose_offer_desc': 'Add 2 for £10', 'waitrose_url': 'https://www.waitrose.com/ecom/shop/browse/groceries/toiletries_health_and_beauty/hair_care/shampoo', 'waitrose_rating': None, 'waitrose_unit_price': '(£1.82/100ml)', 'waitrose_new_flag': None, 'waitrose_prod_name': 'Ogx Charcoal Detox Shampoo 385ml', 'images': []}
DEBUG: Scraped from <200 https://www.waitrose.com/ecom/shop/browse/groceries/toiletries_health_and_beauty/hair_care/shampoo>
{'client': 'Waitrose', 'time': datetime.datetime(2020, 8, 21, 19, 11, 50, 356023), 'category': 'Shampoo', 'id': 'tPp809690-337194-337195', 'prod_name': 'Head & Shoulders 2in1 Itchy Scalp', 'waitrose_Qty': '450ml', 'waitrose_discounted_price': '£3.43', 'waitrose_offer_desc': 'Save 1/3.', 'waitrose_url': 'https://www.waitrose.com/ecom/shop/browse/groceries/toiletries_health_and_beauty/hair_care/shampoo', 'waitrose_rating': '5', 'waitrose_unit_price': '(76.2p/100ml)', 'waitrose_new_flag': None, 'waitrose_prod_name': 'Head & Shoulders 2in1 Itchy Scalp 450ml', 'images': []}
DEBUG: Scraped from <200 https://www.waitrose.com/ecom/shop/browse/groceries/toiletries_health_and_beauty/hair_care/shampoo>
{'client': 'Waitrose', 'time': datetime.datetime(2020, 8, 21, 19, 11, 50, 356023), 'category': 'Shampoo', 'id': 'tPp083596-42439-42440', 'prod_name': 'Aussie Colour Mate Shampoo', 'waitrose_Qty': '300ml', 'waitrose_discounted_price': '£4.10', 'waitrose_offer_desc': None, 'waitrose_url': 'https://www.waitrose.com/ecom/shop/browse/groceries/toiletries_health_and_beauty/hair_care/shampoo', 'waitrose_rating': '5', 'waitrose_unit_price': '(£1.37/100ml)', 'waitrose_new_flag': None, 'waitrose_prod_name': 'Aussie Colour Mate Shampoo 300ml', 'images': []}
DEBUG: Scraped from <200 https://www.waitrose.com/ecom/shop/browse/groceries/toiletries_health_and_beauty/hair_care/shampoo>
{'client': 'Waitrose', 'time': datetime.datetime(2020, 8, 21, 19, 11, 50, 356023), 'category': 'Shampoo', 'id': 'tPp735040-695707-695708', 'prod_name': 'Vosene Kids 3in1 Tea Tree Shampoo', 'waitrose_Qty': '250ml', 'waitrose_discounted_price': '£2.50', 'waitrose_offer_desc': None, 'waitrose_url': 'https://www.waitrose.com/ecom/shop/browse/groceries/toiletries_health_and_beauty/hair_care/shampoo', 'waitrose_rating': None, 'waitrose_unit_price': '(£1/100ml)', 'waitrose_new_flag': None, 'waitrose_prod_name': 'Vosene Kids 3in1 Tea Tree Shampoo 250ml', 'images': []}
DEBUG: Scraped from <200 https://www.waitrose.com/ecom/shop/browse/groceries/toiletries_health_and_beauty/hair_care/shampoo>
{'client': 'Waitrose', 'time': datetime.datetime(2020, 8, 21, 19, 11, 50, 356023), 'category': 'Shampoo', 'id': 'tPp402915-526384-526385', 'prod_name': 'John Frieda Violet Crush Shampoo', 'waitrose_Qty': '250ml', 'waitrose_discounted_price': '£6.00', 'waitrose_offer_desc': None, 'waitrose_url': 'https://www.waitrose.com/ecom/shop/browse/groceries/toiletries_health_and_beauty/hair_care/shampoo', 'waitrose_rating': '5', 'waitrose_unit_price': '(£2.40/100ml)', 'waitrose_new_flag': None, 'waitrose_prod_name': 'John Frieda Violet Crush Shampoo 250ml', 'images': []}
DEBUG: Scraped from <200 https://www.waitrose.com/ecom/shop/browse/groceries/toiletries_health_and_beauty/hair_care/shampoo>
{'client': 'Waitrose', 'time': datetime.datetime(2020, 8, 21, 19, 11, 50, 356023), 'category': 'Shampoo', 'id': 'tPp853982-154925-154926', 'prod_name': 'Batiste blush dry shampoo', 'waitrose_Qty': '200ml', 'waitrose_discounted_price': '£3.00', 'waitrose_offer_desc': None, 'waitrose_url': 'https://www.waitrose.com/ecom/shop/browse/groceries/toiletries_health_and_beauty/hair_care/shampoo', 'waitrose_rating': '4', 'waitrose_unit_price': '(£1.50/100ml)', 'waitrose_new_flag': None, 'waitrose_prod_name': 'Batiste blush dry shampoo 200ml', 'images': []}
DEBUG: Scraped from <200 https://www.waitrose.com/ecom/shop/browse/groceries/toiletries_health_and_beauty/hair_care/shampoo>
{'client': 'Waitrose', 'time': datetime.datetime(2020, 8, 21, 19, 11, 50, 356023), 'category': 'Shampoo', 'id': 'tPp819563-729788-729789', 'prod_name': 'Aussie Blonde Purple Shampoo', 'waitrose_Qty': '290ml', 'waitrose_discounted_price': '£5.99', 'waitrose_offer_desc': None, 'waitrose_url': 'https://www.waitrose.com/ecom/shop/browse/groceries/toiletries_health_and_beauty/hair_care/shampoo', 'waitrose_rating': None, 'waitrose_unit_price': '(£2.07/100ml)', 'waitrose_new_flag': 'NEW', 'waitrose_prod_name': 'Aussie Blonde Purple Shampoo 290ml', 'images': []}
DEBUG: Scraped from <200 https://www.waitrose.com/ecom/shop/browse/groceries/toiletries_health_and_beauty/hair_care/shampoo>
{'client': 'Waitrose', 'time': datetime.datetime(2020, 8, 21, 19, 11, 50, 356023), 'category': 'Shampoo', 'id': 'tPp852396-695857-695858', 'prod_name': 'BECO. Honey Blossom Shampoo Bar', 'waitrose_Qty': '90g', 'waitrose_discounted_price': '£4.00', 'waitrose_offer_desc': None, 'waitrose_url': 'https://www.waitrose.com/ecom/shop/browse/groceries/toiletries_health_and_beauty/hair_care/shampoo', 'waitrose_rating': '4.9', 'waitrose_unit_price': '(£4.45/100g)', 'waitrose_new_flag': None, 'waitrose_prod_name': 'BECO. Honey Blossom Shampoo Bar 90g', 'images': []}
DEBUG: Scraped from <200 https://www.waitrose.com/ecom/shop/browse/groceries/toiletries_health_and_beauty/hair_care/shampoo>
{'client': 'Waitrose', 'time': datetime.datetime(2020, 8, 21, 19, 11, 50, 356023), 'category': 'Shampoo', 'id': 'tPp584599-695531-695532', 'prod_name': 'Batiste Dry Shampoo Volume', 'waitrose_Qty': '200ml', 'waitrose_discounted_price': '£4.25', 'waitrose_offer_desc': None, 'waitrose_url': 'https://www.waitrose.com/ecom/shop/browse/groceries/toiletries_health_and_beauty/hair_care/shampoo', 'waitrose_rating': None, 'waitrose_unit_price': '(£2.13/100ml)', 'waitrose_new_flag': None, 'waitrose_prod_name': 'Batiste Dry Shampoo Volume 200ml', 'images': []}
DEBUG: Scraped from <200 https://www.waitrose.com/ecom/shop/browse/groceries/toiletries_health_and_beauty/hair_care/shampoo>
{'client': 'Waitrose', 'time': datetime.datetime(2020, 8, 21, 19, 11, 50, 356023), 'category': 'Shampoo', 'id': 'tPp711086-652694-652695', 'prod_name': 'Head & Shoulders Supreme Moisture', 'waitrose_Qty': '400ml', 'waitrose_discounted_price': '£5.15', 'waitrose_offer_desc': None, 'waitrose_url': 'https://www.waitrose.com/ecom/shop/browse/groceries/toiletries_health_and_beauty/hair_care/shampoo', 'waitrose_rating': None, 'waitrose_unit_price': '(£1.29/100ml)', 'waitrose_new_flag': None, 'waitrose_prod_name': 'Head & Shoulders Supreme Moisture 400ml', 'images': []}
DEBUG: Scraped from <200 https://www.waitrose.com/ecom/shop/browse/groceries/toiletries_health_and_beauty/hair_care/shampoo>
{'client': 'Waitrose', 'time': datetime.datetime(2020, 8, 21, 19, 11, 50, 356023), 'category': 'Shampoo', 'id': 'tPp756229-563906-563907', 'prod_name': 'Head & Shoulders 2 in 1 Total Care', 'waitrose_Qty': '225ml', 'waitrose_discounted_price': '£3.00', 'waitrose_offer_desc': None, 'waitrose_url': 'https://www.waitrose.com/ecom/shop/browse/groceries/toiletries_health_and_beauty/hair_care/shampoo', 'waitrose_rating': None, 'waitrose_unit_price': '(£1.34/100ml)', 'waitrose_new_flag': None, 'waitrose_prod_name': 'Head & Shoulders 2 in 1 Total Care 225ml', 'images': []}
DEBUG: Scraped from <200 https://www.waitrose.com/ecom/shop/browse/groceries/toiletries_health_and_beauty/hair_care/shampoo>
{'client': 'Waitrose', 'time': datetime.datetime(2020, 8, 21, 19, 11, 50, 356023), 'category': 'Shampoo', 'id': 'tPp492090-729670-729671', 'prod_name': 'Percy & Reed Volumising Shampoo', 'waitrose_Qty': '250ml', 'waitrose_discounted_price': '£12.00', 'waitrose_offer_desc': 'Save 1/3.', 'waitrose_url': 'https://www.waitrose.com/ecom/shop/browse/groceries/toiletries_health_and_beauty/hair_care/shampoo', 'waitrose_rating': None, 'waitrose_unit_price': '(£4.80/100ml)', 'waitrose_new_flag': 'NEW', 'waitrose_prod_name': 'Percy & Reed Volumising Shampoo 250ml', 'images': []}
DEBUG: Scraped from <200 https://www.waitrose.com/ecom/shop/browse/groceries/toiletries_health_and_beauty/hair_care/shampoo>
{'client': 'Waitrose', 'time': datetime.datetime(2020, 8, 21, 19, 11, 50, 356023), 'category': 'Shampoo', 'id': 'tPp889100-330444-330445', 'prod_name': 'AOrganic Rosemary Shampoo', 'waitrose_Qty': '325ml', 'waitrose_discounted_price': '£7.00', 'waitrose_offer_desc': 'Add 2 for £11', 'waitrose_url': 'https://www.waitrose.com/ecom/shop/browse/groceries/toiletries_health_and_beauty/hair_care/shampoo', 'waitrose_rating': '2.5', 'waitrose_unit_price': '(£2.16/100ml)', 'waitrose_new_flag': None, 'waitrose_prod_name': 'AOrganic Rosemary Shampoo 325ml', 'images': []}
DEBUG: Scraped from <200 https://www.waitrose.com/ecom/shop/browse/groceries/toiletries_health_and_beauty/hair_care/shampoo>
{'client': 'Waitrose', 'time': datetime.datetime(2020, 8, 21, 19, 11, 50, 356023), 'category': 'Shampoo', 'id': 'tPp803275-329016-329017', 'prod_name': 'AOrganic Peppermint Shampoo', 'waitrose_Qty': '325ml', 'waitrose_discounted_price': '£7.00', 'waitrose_offer_desc': 'Add 2 for £11', 'waitrose_url': 'https://www.waitrose.com/ecom/shop/browse/groceries/toiletries_health_and_beauty/hair_care/shampoo', 'waitrose_rating': None, 'waitrose_unit_price': '(£2.16/100ml)', 'waitrose_new_flag': None, 'waitrose_prod_name': 'AOrganic Peppermint Shampoo 325ml', 'images': []}
DEBUG: Scraped from <200 https://www.waitrose.com/ecom/shop/browse/groceries/toiletries_health_and_beauty/hair_care/shampoo>
{'client': 'Waitrose', 'time': datetime.datetime(2020, 8, 21, 19, 11, 50, 356023), 'category': 'Shampoo', 'id': 'tPp581644-729702-729703', 'prod_name': 'Percy & Reed Hydrating Shampoo', 'waitrose_Qty': '250ml', 'waitrose_discounted_price': '£12.00', 'waitrose_offer_desc': 'Save 1/3.', 'waitrose_url': 'https://www.waitrose.com/ecom/shop/browse/groceries/toiletries_health_and_beauty/hair_care/shampoo', 'waitrose_rating': None, 'waitrose_unit_price': '(£4.80/100ml)', 'waitrose_new_flag': 'NEW', 'waitrose_prod_name': 'Percy & Reed Hydrating Shampoo 250ml', 'images': []}
DEBUG: Scraped from <200 https://www.waitrose.com/ecom/shop/browse/groceries/toiletries_health_and_beauty/hair_care/shampoo>
{'client': 'Waitrose', 'time': datetime.datetime(2020, 8, 21, 19, 11, 50, 356023), 'category': 'Shampoo', 'id': 'tPp838287-695984-695985', 'prod_name': 'Pantene Hair Biology Illuminating Mask', 'waitrose_Qty': '160ml', 'waitrose_discounted_price': '£2.99', 'waitrose_offer_desc': 'Save 1/3.', 'waitrose_url': 'https://www.waitrose.com/ecom/shop/browse/groceries/toiletries_health_and_beauty/hair_care/shampoo', 'waitrose_rating': None, 'waitrose_unit_price': '(£1.87/100ml)', 'waitrose_new_flag': None, 'waitrose_prod_name': 'Pantene Hair Biology Illuminating Mask 160ml', 'images': []}
DEBUG: Scraped from <200 https://www.waitrose.com/ecom/shop/browse/groceries/toiletries_health_and_beauty/hair_care/shampoo>
{'client': 'Waitrose', 'time': datetime.datetime(2020, 8, 21, 19, 11, 50, 356023), 'category': 'Shampoo', 'id': 'tPp888765-695909-695910', 'prod_name': 'Umberto Giannini Curl Jelly Wash', 'waitrose_Qty': '250ml', 'waitrose_discounted_price': '£8.00', 'waitrose_offer_desc': None, 'waitrose_url': 'https://www.waitrose.com/ecom/shop/browse/groceries/toiletries_health_and_beauty/hair_care/shampoo', 'waitrose_rating': '2.5', 'waitrose_unit_price': '(£3.20/100ml)', 'waitrose_new_flag': None, 'waitrose_prod_name': 'Umberto Giannini Curl Jelly Wash 250ml', 'images': []}
DEBUG: Scraped from <200 https://www.waitrose.com/ecom/shop/browse/groceries/toiletries_health_and_beauty/hair_care/shampoo>
{'client': 'Waitrose', 'time': datetime.datetime(2020, 8, 21, 19, 11, 50, 356023), 'category': 'Shampoo', 'id': 'tPp829437-695831-695832', 'prod_name': 'Umberto Giannini Grow Long Shampoo', 'waitrose_Qty': '250ml', 'waitrose_discounted_price': '£8.00', 'waitrose_offer_desc': None, 'waitrose_url': 'https://www.waitrose.com/ecom/shop/browse/groceries/toiletries_health_and_beauty/hair_care/shampoo', 'waitrose_rating': '5', 'waitrose_unit_price': '(£3.20/100ml)', 'waitrose_new_flag': None, 'waitrose_prod_name': 'Umberto Giannini Grow Long Shampoo 250ml', 'images': []}
DEBUG: Scraped from <200 https://www.waitrose.com/ecom/shop/browse/groceries/toiletries_health_and_beauty/hair_care/shampoo>
{'client': 'Waitrose', 'time': datetime.datetime(2020, 8, 21, 19, 11, 50, 356023), 'category': 'Shampoo', 'id': 'tPp734002-695705-695706', 'prod_name': 'Percy & Reed Wonder Wash Shampoo', 'waitrose_Qty': '250ml', 'waitrose_discounted_price': '£12.00', 'waitrose_offer_desc': 'Save 1/3.', 'waitrose_url': 'https://www.waitrose.com/ecom/shop/browse/groceries/toiletries_health_and_beauty/hair_care/shampoo', 'waitrose_rating': None, 'waitrose_unit_price': '(£4.80/100ml)', 'waitrose_new_flag': None, 'waitrose_prod_name': 'Percy & Reed Wonder Wash Shampoo 250ml', 'images': []}
DEBUG: Scraped from <200 https://www.waitrose.com/ecom/shop/browse/groceries/toiletries_health_and_beauty/hair_care/shampoo>
{'client': 'Waitrose', 'time': datetime.datetime(2020, 8, 21, 19, 11, 50, 356023), 'category': 'Shampoo', 'id': 'tPp865734-216867-216868', 'prod_name': 'Ogx Argan Oil of Morocco Shampoo', 'waitrose_Qty': '385ml', 'waitrose_discounted_price': '£7.00', 'waitrose_offer_desc': 'Add 2 for £10', 'waitrose_url': 'https://www.waitrose.com/ecom/shop/browse/groceries/toiletries_health_and_beauty/hair_care/shampoo', 'waitrose_rating': '3.4', 'waitrose_unit_price': '(£1.82/100ml)', 'waitrose_new_flag': None, 'waitrose_prod_name': 'Ogx Argan Oil of Morocco Shampoo 385ml', 'images': []}
DEBUG: Scraped from <200 https://www.waitrose.com/ecom/shop/browse/groceries/toiletries_health_and_beauty/hair_care/shampoo>
{'client': 'Waitrose', 'time': datetime.datetime(2020, 8, 21, 19, 11, 50, 356023), 'category': 'Shampoo', 'id': 'tPp819340-720339-720340', 'prod_name': 'Head & Shoulders Supreme Shampoo', 'waitrose_Qty': '400ml', 'waitrose_discounted_price': '£5.00', 'waitrose_offer_desc': None, 'waitrose_url': 'https://www.waitrose.com/ecom/shop/browse/groceries/toiletries_health_and_beauty/hair_care/shampoo', 'waitrose_rating': None, 'waitrose_unit_price': '(£1.25/100ml)', 'waitrose_new_flag': None, 'waitrose_prod_name': 'Head & Shoulders Supreme Shampoo 400ml', 'images': []}
DEBUG: Scraped from <200 https://www.waitrose.com/ecom/shop/browse/groceries/toiletries_health_and_beauty/hair_care/shampoo>
{'client': 'Waitrose', 'time': datetime.datetime(2020, 8, 21, 19, 11, 50, 356023), 'category': 'Shampoo', 'id': 'tPp538896-720173-720174', 'prod_name': 'Herbal Essences Argan Oil Shampoo', 'waitrose_Qty': '250ml', 'waitrose_discounted_price': '£3.00', 'waitrose_offer_desc': None, 'waitrose_url': 'https://www.waitrose.com/ecom/shop/browse/groceries/toiletries_health_and_beauty/hair_care/shampoo', 'waitrose_rating': None, 'waitrose_unit_price': '(£1.20/100ml)', 'waitrose_new_flag': None, 'waitrose_prod_name': 'Herbal Essences Argan Oil Shampoo 250ml', 'images': []}
DEBUG: Scraped from <200 https://www.waitrose.com/ecom/shop/browse/groceries/toiletries_health_and_beauty/hair_care/shampoo>
{'client': 'Waitrose', 'time': datetime.datetime(2020, 8, 21, 19, 11, 50, 356023), 'category': 'Shampoo', 'id': 'tPp812614-707138-707139', 'prod_name': 'Beco Spring Meadow Shampoo Bar', 'waitrose_Qty': '90g', 'waitrose_discounted_price': '£4.00', 'waitrose_offer_desc': None, 'waitrose_url': 'https://www.waitrose.com/ecom/shop/browse/groceries/toiletries_health_and_beauty/hair_care/shampoo', 'waitrose_rating': '3.3', 'waitrose_unit_price': '(£4.45/100g)', 'waitrose_new_flag': None, 'waitrose_prod_name': 'Beco Spring Meadow Shampoo Bar 90g', 'images': []}
DEBUG: Scraped from <200 https://www.waitrose.com/ecom/shop/browse/groceries/toiletries_health_and_beauty/hair_care/shampoo>
{'client': 'Waitrose', 'time': datetime.datetime(2020, 8, 21, 19, 11, 50, 356023), 'category': 'Shampoo', 'id': 'tPp844892-695845-695846', 'prod_name': 'Head & Shoulders Colour Protect', 'waitrose_Qty': '400ml', 'waitrose_discounted_price': '£5.00', 'waitrose_offer_desc': None, 'waitrose_url': 'https://www.waitrose.com/ecom/shop/browse/groceries/toiletries_health_and_beauty/hair_care/shampoo', 'waitrose_rating': None, 'waitrose_unit_price': '(£1.25/100ml)', 'waitrose_new_flag': None, 'waitrose_prod_name': 'Head & Shoulders Colour Protect 400ml', 'images': []}
DEBUG: Scraped from <200 https://www.waitrose.com/ecom/shop/browse/groceries/toiletries_health_and_beauty/hair_care/shampoo>
{'client': 'Waitrose', 'time': datetime.datetime(2020, 8, 21, 19, 11, 50, 356023), 'category': 'Shampoo', 'id': 'tPp686838-346630-346631', 'prod_name': 'Richard Ward argan antiageing shampoo', 'waitrose_Qty': '250ml', 'waitrose_discounted_price': '£6.00', 'waitrose_offer_desc': None, 'waitrose_url': 'https://www.waitrose.com/ecom/shop/browse/groceries/toiletries_health_and_beauty/hair_care/shampoo', 'waitrose_rating': '4.1', 'waitrose_unit_price': '(£2.40/100ml)', 'waitrose_new_flag': None, 'waitrose_prod_name': 'Richard Ward argan antiageing shampoo 250ml', 'images': []}
DEBUG: Scraped from <200 https://www.waitrose.com/ecom/shop/browse/groceries/toiletries_health_and_beauty/hair_care/shampoo>
{'client': 'Waitrose', 'time': datetime.datetime(2020, 8, 21, 19, 11, 50, 356023), 'category': 'Shampoo', 'id': 'tPp051100-25409-25410', 'prod_name': 'Sheer Blonde Moisturising Shampoo', 'waitrose_Qty': '250ml', 'waitrose_discounted_price': '£6.00', 'waitrose_offer_desc': None, 'waitrose_url': 'https://www.waitrose.com/ecom/shop/browse/groceries/toiletries_health_and_beauty/hair_care/shampoo', 'waitrose_rating': '3', 'waitrose_unit_price': '(£2.40/100ml)', 'waitrose_new_flag': None, 'waitrose_prod_name': 'Sheer Blonde Moisturising Shampoo 250ml', 'images': []}
DEBUG: Scraped from <200 https://www.waitrose.com/ecom/shop/browse/groceries/toiletries_health_and_beauty/hair_care/shampoo>
{'client': 'Waitrose', 'time': datetime.datetime(2020, 8, 21, 19, 11, 50, 356023), 'category': 'Shampoo', 'id': 'tPp547359-720175-720176', 'prod_name': 'Maui Moisture Bamboo Shampoo', 'waitrose_Qty': '385ml', 'waitrose_discounted_price': '£9.00', 'waitrose_offer_desc': None, 'waitrose_url': 'https://www.waitrose.com/ecom/shop/browse/groceries/toiletries_health_and_beauty/hair_care/shampoo', 'waitrose_rating': '5', 'waitrose_unit_price': '(£2.34/100ml)', 'waitrose_new_flag': None, 'waitrose_prod_name': 'Maui Moisture Bamboo Shampoo 385ml', 'images': []}
DEBUG: Scraped from <200 https://www.waitrose.com/ecom/shop/browse/groceries/toiletries_health_and_beauty/hair_care/shampoo>
{'client': 'Waitrose', 'time': datetime.datetime(2020, 8, 21, 19, 11, 50, 356023), 'category': 'Shampoo', 'id': 'tPp725372-631511-631512', 'prod_name': 'Hask Moni Coconut Oil Shampoo', 'waitrose_Qty': '355ml', 'waitrose_discounted_price': '£7.00', 'waitrose_offer_desc': None, 'waitrose_url': 'https://www.waitrose.com/ecom/shop/browse/groceries/toiletries_health_and_beauty/hair_care/shampoo', 'waitrose_rating': None, 'waitrose_unit_price': '(£1.98/100ml)', 'waitrose_new_flag': None, 'waitrose_prod_name': 'Hask Moni Coconut Oil Shampoo 355ml', 'images': []}
DEBUG: Scraped from <200 https://www.waitrose.com/ecom/shop/browse/groceries/toiletries_health_and_beauty/hair_care/shampoo>
{'client': 'Waitrose', 'time': datetime.datetime(2020, 8, 21, 19, 11, 50, 356023), 'category': 'Shampoo', 'id': 'tPp502050-631293-631294', 'prod_name': 'Hask Argan Oil Repairing Shampoo', 'waitrose_Qty': '355ml', 'waitrose_discounted_price': '£7.00', 'waitrose_offer_desc': None, 'waitrose_url': 'https://www.waitrose.com/ecom/shop/browse/groceries/toiletries_health_and_beauty/hair_care/shampoo', 'waitrose_rating': '3.7', 'waitrose_unit_price': '(£1.98/100ml)', 'waitrose_new_flag': None, 'waitrose_prod_name': 'Hask Argan Oil Repairing Shampoo 355ml', 'images': []}
DEBUG: Scraped from <200 https://www.waitrose.com/ecom/shop/browse/groceries/toiletries_health_and_beauty/hair_care/shampoo>
{'client': 'Waitrose', 'time': datetime.datetime(2020, 8, 21, 19, 11, 50, 356023), 'category': 'Shampoo', 'id': 'tPp563832-295347-295348', 'prod_name': 'Argan + Argan Oil 5Oil Miracle Shampoo', 'waitrose_Qty': '300ml', 'waitrose_discounted_price': '£6.00', 'waitrose_offer_desc': None, 'waitrose_url': 'https://www.waitrose.com/ecom/shop/browse/groceries/toiletries_health_and_beauty/hair_care/shampoo', 'waitrose_rating': '5', 'waitrose_unit_price': '(£2/100ml)', 'waitrose_new_flag': None, 'waitrose_prod_name': 'Argan + Argan Oil 5Oil Miracle Shampoo 300ml', 'images': []}
DEBUG: Scraped from <200 https://www.waitrose.com/ecom/shop/browse/groceries/toiletries_health_and_beauty/hair_care/shampoo>
{'client': 'Waitrose', 'time': datetime.datetime(2020, 8, 21, 19, 11, 50, 356023), 'category': 'Shampoo', 'id': 'tPp583946-82773-82774', 'prod_name': "Neal's Yard Lavender Shampoo", 'waitrose_Qty': '200ml', 'waitrose_discounted_price': '£11.50', 'waitrose_offer_desc': None, 'waitrose_url': 'https://www.waitrose.com/ecom/shop/browse/groceries/toiletries_health_and_beauty/hair_care/shampoo', 'waitrose_rating': '2.3', 'waitrose_unit_price': '(£5.75/100ml)', 'waitrose_new_flag': None, 'waitrose_prod_name': "Neal's Yard Lavender Shampoo 200ml", 'images': []}
DEBUG: Scraped from <200 https://www.waitrose.com/ecom/shop/browse/groceries/toiletries_health_and_beauty/hair_care/shampoo>
{'client': 'Waitrose', 'time': datetime.datetime(2020, 8, 21, 19, 11, 50, 356023), 'category': 'Shampoo', 'id': 'tPp847454-724141-724142', 'prod_name': 'Faith in Nature Grapefruit Shampoo', 'waitrose_Qty': '400ml', 'waitrose_discounted_price': '£5.79', 'waitrose_offer_desc': None, 'waitrose_url': 'https://www.waitrose.com/ecom/shop/browse/groceries/toiletries_health_and_beauty/hair_care/shampoo', 'waitrose_rating': None, 'waitrose_unit_price': '(£1.45/100ml)', 'waitrose_new_flag': None, 'waitrose_prod_name': 'Faith in Nature Grapefruit Shampoo 400ml', 'images': []}
DEBUG: Scraped from <200 https://www.waitrose.com/ecom/shop/browse/groceries/toiletries_health_and_beauty/hair_care/shampoo>
{'client': 'Waitrose', 'time': datetime.datetime(2020, 8, 21, 19, 11, 50, 356023), 'category': 'Shampoo', 'id': 'tPp884562-720413-720414', 'prod_name': 'Maui Moisture Shea Butter Shampoo', 'waitrose_Qty': '385ml', 'waitrose_discounted_price': '£9.00', 'waitrose_offer_desc': None, 'waitrose_url': 'https://www.waitrose.com/ecom/shop/browse/groceries/toiletries_health_and_beauty/hair_care/shampoo', 'waitrose_rating': None, 'waitrose_unit_price': '(£2.34/100ml)', 'waitrose_new_flag': None, 'waitrose_prod_name': 'Maui Moisture Shea Butter Shampoo 385ml', 'images': []}
DEBUG: Scraped from <200 https://www.waitrose.com/ecom/shop/browse/groceries/toiletries_health_and_beauty/hair_care/shampoo>
{'client': 'Waitrose', 'time': datetime.datetime(2020, 8, 21, 19, 11, 50, 356023), 'category': 'Shampoo', 'id': 'tPp502437-720153-720154', 'prod_name': 'Aussie Calm The Frizz Shampoo', 'waitrose_Qty': '300ml', 'waitrose_discounted_price': '£4.00', 'waitrose_offer_desc': None, 'waitrose_url': 'https://www.waitrose.com/ecom/shop/browse/groceries/toiletries_health_and_beauty/hair_care/shampoo', 'waitrose_rating': None, 'waitrose_unit_price': '(£1.34/100ml)', 'waitrose_new_flag': None, 'waitrose_prod_name': 'Aussie Calm The Frizz Shampoo 300ml', 'images': []}
DEBUG: Scraped from <200 https://www.waitrose.com/ecom/shop/browse/groceries/toiletries_health_and_beauty/hair_care/shampoo>
{'client': 'Waitrose', 'time': datetime.datetime(2020, 8, 21, 19, 11, 50, 356023), 'category': 'Shampoo', 'id': 'tPp649492-695625-695626', 'prod_name': 'Vosene Kids 2in1 Melon Shampoo', 'waitrose_Qty': '250ml', 'waitrose_discounted_price': '£2.00', 'waitrose_offer_desc': None, 'waitrose_url': 'https://www.waitrose.com/ecom/shop/browse/groceries/toiletries_health_and_beauty/hair_care/shampoo', 'waitrose_rating': None, 'waitrose_unit_price': '(80p/100ml)', 'waitrose_new_flag': None, 'waitrose_prod_name': 'Vosene Kids 2in1 Melon Shampoo 250ml', 'images': []}
DEBUG: Scraped from <200 https://www.waitrose.com/ecom/shop/browse/groceries/toiletries_health_and_beauty/hair_care/shampoo>
{'client': 'Waitrose', 'time': datetime.datetime(2020, 8, 21, 19, 11, 50, 356023), 'category': 'Shampoo', 'id': 'tPp530991-695493-695494', 'prod_name': 'John Frieda Shampoo Detox & Repair', 'waitrose_Qty': '250ml', 'waitrose_discounted_price': '£6.00', 'waitrose_offer_desc': None, 'waitrose_url': 'https://www.waitrose.com/ecom/shop/browse/groceries/toiletries_health_and_beauty/hair_care/shampoo', 'waitrose_rating': None, 'waitrose_unit_price': '(£2.40/100ml)', 'waitrose_new_flag': None, 'waitrose_prod_name': 'John Frieda Shampoo Detox & Repair 250ml', 'images': []}
DEBUG: Scraped from <200 https://www.waitrose.com/ecom/shop/browse/groceries/toiletries_health_and_beauty/hair_care/shampoo>
{'client': 'Waitrose', 'time': datetime.datetime(2020, 8, 21, 19, 11, 50, 356023), 'category': 'Shampoo', 'id': 'tPp453160-695433-695434', 'prod_name': 'Argan+ Long & Strong Shampoo', 'waitrose_Qty': '300ml', 'waitrose_discounted_price': '£6.00', 'waitrose_offer_desc': None, 'waitrose_url': 'https://www.waitrose.com/ecom/shop/browse/groceries/toiletries_health_and_beauty/hair_care/shampoo', 'waitrose_rating': None, 'waitrose_unit_price': '(£2/100ml)', 'waitrose_new_flag': None, 'waitrose_prod_name': 'Argan+ Long & Strong Shampoo 300ml', 'images': []}
DEBUG: Scraped from <200 https://www.waitrose.com/ecom/shop/browse/groceries/toiletries_health_and_beauty/hair_care/shampoo>
{'client': 'Waitrose', 'time': datetime.datetime(2020, 8, 21, 19, 11, 50, 356023), 'category': 'Shampoo', 'id': 'tPp414862-695397-695398', 'prod_name': 'Noughty Wave Hello Shampoo', 'waitrose_Qty': '250ml', 'waitrose_discounted_price': '£7.00', 'waitrose_offer_desc': None, 'waitrose_url': 'https://www.waitrose.com/ecom/shop/browse/groceries/toiletries_health_and_beauty/hair_care/shampoo', 'waitrose_rating': None, 'waitrose_unit_price': '(£2.80/100ml)', 'waitrose_new_flag': None, 'waitrose_prod_name': 'Noughty Wave Hello Shampoo 250ml', 'images': []}
DEBUG: Scraped from <200 https://www.waitrose.com/ecom/shop/browse/groceries/toiletries_health_and_beauty/hair_care/shampoo>
{'client': 'Waitrose', 'time': datetime.datetime(2020, 8, 21, 19, 11, 50, 356023), 'category': 'Shampoo', 'id': 'tPp747801-683764-683765', 'prod_name': 'Aussie Shampoo Scent-sational', 'waitrose_Qty': '300ml', 'waitrose_discounted_price': '£4.00', 'waitrose_offer_desc': None, 'waitrose_url': 'https://www.waitrose.com/ecom/shop/browse/groceries/toiletries_health_and_beauty/hair_care/shampoo', 'waitrose_rating': '5', 'waitrose_unit_price': '(£1.34/100ml)', 'waitrose_new_flag': None, 'waitrose_prod_name': 'Aussie Shampoo Scent-sational 300ml', 'images': []}
DEBUG: Scraped from <200 https://www.waitrose.com/ecom/shop/browse/groceries/toiletries_health_and_beauty/hair_care/shampoo>
{'client': 'Waitrose', 'time': datetime.datetime(2020, 8, 21, 19, 11, 50, 356023), 'category': 'Shampoo', 'id': 'tPp895328-495224-495225', 'prod_name': 'DGJ Kids Detangle Shampoo', 'waitrose_Qty': '250ml', 'waitrose_discounted_price': '£3.50', 'waitrose_offer_desc': None, 'waitrose_url': 'https://www.waitrose.com/ecom/shop/browse/groceries/toiletries_health_and_beauty/hair_care/shampoo', 'waitrose_rating': None, 'waitrose_unit_price': '(£1.40/100ml)', 'waitrose_new_flag': None, 'waitrose_prod_name': 'DGJ Kids Detangle Shampoo 250ml', 'images': []}
DEBUG: Scraped from <200 https://www.waitrose.com/ecom/shop/browse/groceries/toiletries_health_and_beauty/hair_care/shampoo>
{'client': 'Waitrose', 'time': datetime.datetime(2020, 8, 21, 19, 11, 50, 356023), 'category': 'Shampoo', 'id': 'tPp895244-495222-495223', 'prod_name': 'DGJ Clarifying Shampoo', 'waitrose_Qty': '250ml', 'waitrose_discounted_price': '£5.00', 'waitrose_offer_desc': None, 'waitrose_url': 'https://www.waitrose.com/ecom/shop/browse/groceries/toiletries_health_and_beauty/hair_care/shampoo', 'waitrose_rating': None, 'waitrose_unit_price': '(£2/100ml)', 'waitrose_new_flag': None, 'waitrose_prod_name': 'DGJ Clarifying Shampoo 250ml', 'images': []}
DEBUG: Scraped from <200 https://www.waitrose.com/ecom/shop/browse/groceries/toiletries_health_and_beauty/hair_care/shampoo>
{'client': 'Waitrose', 'time': datetime.datetime(2020, 8, 21, 19, 11, 50, 356023), 'category': 'Shampoo', 'id': 'tPp807825-473364-473365', 'prod_name': 'SenSpa Deep Cleanse Shampoo', 'waitrose_Qty': '250ml', 'waitrose_discounted_price': '£6.00', 'waitrose_offer_desc': None, 'waitrose_url': 'https://www.waitrose.com/ecom/shop/browse/groceries/toiletries_health_and_beauty/hair_care/shampoo', 'waitrose_rating': '3.7', 'waitrose_unit_price': '(£2.40/100ml)', 'waitrose_new_flag': None, 'waitrose_prod_name': 'SenSpa Deep Cleanse Shampoo 250ml', 'images': []}
DEBUG: Scraped from <200 https://www.waitrose.com/ecom/shop/browse/groceries/toiletries_health_and_beauty/hair_care/shampoo>
{'client': 'Waitrose', 'time': datetime.datetime(2020, 8, 21, 19, 11, 50, 356023), 'category': 'Shampoo', 'id': 'tPp407272-440973-440974', 'prod_name': 'Richard Ward Chelsea Cleanse & Condition', 'waitrose_Qty': '250ml', 'waitrose_discounted_price': '£6.00', 'waitrose_offer_desc': None, 'waitrose_url': 'https://www.waitrose.com/ecom/shop/browse/groceries/toiletries_health_and_beauty/hair_care/shampoo', 'waitrose_rating': '3.7', 'waitrose_unit_price': '(£2.40/100ml)', 'waitrose_new_flag': None, 'waitrose_prod_name': 'Richard Ward Chelsea Cleanse & Condition 250ml', 'images': []}
DEBUG: Scraped from <200 https://www.waitrose.com/ecom/shop/browse/groceries/toiletries_health_and_beauty/hair_care/shampoo>
{'client': 'Waitrose', 'time': datetime.datetime(2020, 8, 21, 19, 11, 50, 356023), 'category': 'Shampoo', 'id': 'tPp687186-337057-337058', 'prod_name': 'Argan + Argan Oil Rejuvenating Shampoo', 'waitrose_Qty': '300ml', 'waitrose_discounted_price': '£6.00', 'waitrose_offer_desc': None, 'waitrose_url': 'https://www.waitrose.com/ecom/shop/browse/groceries/toiletries_health_and_beauty/hair_care/shampoo', 'waitrose_rating': '5', 'waitrose_unit_price': '(£2/100ml)', 'waitrose_new_flag': None, 'waitrose_prod_name': 'Argan + Argan Oil Rejuvenating Shampoo 300ml', 'images': []}
DEBUG: Scraped from <200 https://www.waitrose.com/ecom/shop/browse/groceries/toiletries_health_and_beauty/hair_care/shampoo>
{'client': 'Waitrose', 'time': datetime.datetime(2020, 8, 21, 19, 11, 50, 356023), 'category': 'Shampoo', 'id': 'tPp065299-33095-33096', 'prod_name': 'Frizz Ease Dream Curls Shampoo', 'waitrose_Qty': '250ml', 'waitrose_discounted_price': '£6.00', 'waitrose_offer_desc': None, 'waitrose_url': 'https://www.waitrose.com/ecom/shop/browse/groceries/toiletries_health_and_beauty/hair_care/shampoo', 'waitrose_rating': '5', 'waitrose_unit_price': '(£2.40/100ml)', 'waitrose_new_flag': None, 'waitrose_prod_name': 'Frizz Ease Dream Curls Shampoo 250ml', 'images': []}
DEBUG: Scraped from <200 https://www.waitrose.com/ecom/shop/browse/groceries/toiletries_health_and_beauty/hair_care/shampoo>
{'client': 'Waitrose', 'time': datetime.datetime(2020, 8, 21, 19, 11, 50, 356023), 'category': 'Shampoo', 'id': 'tPp364793-255761-255762', 'prod_name': 'Aussie Miracle Shine Shampoo', 'waitrose_Qty': '300ml', 'waitrose_discounted_price': '£4.00', 'waitrose_offer_desc': None, 'waitrose_url': 'https://www.waitrose.com/ecom/shop/browse/groceries/toiletries_health_and_beauty/hair_care/shampoo', 'waitrose_rating': None, 'waitrose_unit_price': '(£1.34/100ml)', 'waitrose_new_flag': None, 'waitrose_prod_name': 'Aussie Miracle Shine Shampoo 300ml', 'images': []}
DEBUG: Scraped from <200 https://www.waitrose.com/ecom/shop/browse/groceries/toiletries_health_and_beauty/hair_care/shampoo>
{'client': 'Waitrose', 'time': datetime.datetime(2020, 8, 21, 19, 11, 50, 356023), 'category': 'Shampoo', 'id': 'tPp567481-719558-719559', 'prod_name': 'Fit Kit Gentle Shampoo &Conditioner', 'waitrose_Qty': '200ml', 'waitrose_discounted_price': '£3.99', 'waitrose_offer_desc': None, 'waitrose_url': 'https://www.waitrose.com/ecom/shop/browse/groceries/toiletries_health_and_beauty/hair_care/shampoo', 'waitrose_rating': '5', 'waitrose_unit_price': '(£2/100ml)', 'waitrose_new_flag': None, 'waitrose_prod_name': 'Fit Kit Gentle Shampoo &Conditioner 200ml', 'images': []}
DEBUG: Scraped from <200 https://www.waitrose.com/ecom/shop/browse/groceries/toiletries_health_and_beauty/hair_care/shampoo>
{'client': 'Waitrose', 'time': datetime.datetime(2020, 8, 21, 19, 11, 50, 356023), 'category': 'Shampoo', 'id': 'tPp703131-695681-695682', 'prod_name': 'Head & Shoulders Repair Shampoo', 'waitrose_Qty': '400ml', 'waitrose_discounted_price': '£5.00', 'waitrose_offer_desc': None, 'waitrose_url': 'https://www.waitrose.com/ecom/shop/browse/groceries/toiletries_health_and_beauty/hair_care/shampoo', 'waitrose_rating': '4', 'waitrose_unit_price': '(£1.25/100ml)', 'waitrose_new_flag': None, 'waitrose_prod_name': 'Head & Shoulders Repair Shampoo 400ml', 'images': []}
DEBUG: Scraped from <200 https://www.waitrose.com/ecom/shop/browse/groceries/toiletries_health_and_beauty/hair_care/shampoo>
{'client': 'Waitrose', 'time': datetime.datetime(2020, 8, 21, 19, 11, 50, 356023), 'category': 'Shampoo', 'id': 'tPp657930-695639-695640', 'prod_name': 'Noughty Pumped Up Shampoo', 'waitrose_Qty': '250ml', 'waitrose_discounted_price': '£7.00', 'waitrose_offer_desc': None, 'waitrose_url': 'https://www.waitrose.com/ecom/shop/browse/groceries/toiletries_health_and_beauty/hair_care/shampoo', 'waitrose_rating': '5', 'waitrose_unit_price': '(£2.80/100ml)', 'waitrose_new_flag': None, 'waitrose_prod_name': 'Noughty Pumped Up Shampoo 250ml', 'images': []}
DEBUG: Scraped from <200 https://www.waitrose.com/ecom/shop/browse/groceries/toiletries_health_and_beauty/hair_care/shampoo>
{'client': 'Waitrose', 'time': datetime.datetime(2020, 8, 21, 19, 11, 50, 356023), 'category': 'Shampoo', 'id': 'tPp645178-695617-695618', 'prod_name': 'John Frieda Shampoo Weightless Wonder', 'waitrose_Qty': '250ml', 'waitrose_discounted_price': '£6.00', 'waitrose_offer_desc': None, 'waitrose_url': 'https://www.waitrose.com/ecom/shop/browse/groceries/toiletries_health_and_beauty/hair_care/shampoo', 'waitrose_rating': '4.6', 'waitrose_unit_price': '(£2.40/100ml)', 'waitrose_new_flag': None, 'waitrose_prod_name': 'John Frieda Shampoo Weightless Wonder 250ml', 'images': []}
DEBUG: Scraped from <200 https://www.waitrose.com/ecom/shop/browse/groceries/toiletries_health_and_beauty/hair_care/shampoo>
{'client': 'Waitrose', 'time': datetime.datetime(2020, 8, 21, 19, 11, 50, 356023), 'category': 'Shampoo', 'id': 'tPp631829-695597-695598', 'prod_name': 'Noughty Detox Dynamo Shampoo', 'waitrose_Qty': '250ml', 'waitrose_discounted_price': '£7.00', 'waitrose_offer_desc': None, 'waitrose_url': 'https://www.waitrose.com/ecom/shop/browse/groceries/toiletries_health_and_beauty/hair_care/shampoo', 'waitrose_rating': None, 'waitrose_unit_price': '(£2.80/100ml)', 'waitrose_new_flag': None, 'waitrose_prod_name': 'Noughty Detox Dynamo Shampoo 250ml', 'images': []}
DEBUG: Scraped from <200 https://www.waitrose.com/ecom/shop/browse/groceries/toiletries_health_and_beauty/hair_care/shampoo>
{'client': 'Waitrose', 'time': datetime.datetime(2020, 8, 21, 19, 11, 50, 356023), 'category': 'Shampoo', 'id': 'tPp623864-695587-695588', 'prod_name': 'Noughty Care Taker Shampoo', 'waitrose_Qty': '250ml', 'waitrose_discounted_price': '£7.00', 'waitrose_offer_desc': None, 'waitrose_url': 'https://www.waitrose.com/ecom/shop/browse/groceries/toiletries_health_and_beauty/hair_care/shampoo', 'waitrose_rating': '4', 'waitrose_unit_price': '(£2.80/100ml)', 'waitrose_new_flag': None, 'waitrose_prod_name': 'Noughty Care Taker Shampoo 250ml', 'images': []}
DEBUG: Scraped from <200 https://www.waitrose.com/ecom/shop/browse/groceries/toiletries_health_and_beauty/hair_care/shampoo>
{'client': 'Waitrose', 'time': datetime.datetime(2020, 8, 21, 19, 11, 50, 356023), 'category': 'Shampoo', 'id': 'tPp492466-631281-631282', 'prod_name': 'Hask Keratin Protein Smoothing Shampoo', 'waitrose_Qty': '355ml', 'waitrose_discounted_price': '£7.00', 'waitrose_offer_desc': None, 'waitrose_url': 'https://www.waitrose.com/ecom/shop/browse/groceries/toiletries_health_and_beauty/hair_care/shampoo', 'waitrose_rating': None, 'waitrose_unit_price': '(£1.98/100ml)', 'waitrose_new_flag': None, 'waitrose_prod_name': 'Hask Keratin Protein Smoothing Shampoo 355ml', 'images': []}
DEBUG: Scraped from <200 https://www.waitrose.com/ecom/shop/browse/groceries/toiletries_health_and_beauty/hair_care/shampoo>
{'client': 'Waitrose', 'time': datetime.datetime(2020, 8, 21, 19, 11, 50, 356023), 'category': 'Shampoo', 'id': 'tPp401660-588303-588304', 'prod_name': 'Richard Ward Brunette Shampoo', 'waitrose_Qty': '250ml', 'waitrose_discounted_price': '£6.00', 'waitrose_offer_desc': None, 'waitrose_url': 'https://www.waitrose.com/ecom/shop/browse/groceries/toiletries_health_and_beauty/hair_care/shampoo', 'waitrose_rating': '5', 'waitrose_unit_price': '(£2.40/100ml)', 'waitrose_new_flag': None, 'waitrose_prod_name': 'Richard Ward Brunette Shampoo 250ml', 'images': []}
DEBUG: Scraped from <200 https://www.waitrose.com/ecom/shop/browse/groceries/toiletries_health_and_beauty/hair_care/shampoo>
{'client': 'Waitrose', 'time': datetime.datetime(2020, 8, 21, 19, 11, 50, 356023), 'category': 'Shampoo', 'id': 'tPp755186-495024-495025', 'prod_name': 'DGJ Colour Save Shampoo', 'waitrose_Qty': '250ml', 'waitrose_discounted_price': '£5.00', 'waitrose_offer_desc': None, 'waitrose_url': 'https://www.waitrose.com/ecom/shop/browse/groceries/toiletries_health_and_beauty/hair_care/shampoo', 'waitrose_rating': None, 'waitrose_unit_price': '(£2/100ml)', 'waitrose_new_flag': None, 'waitrose_prod_name': 'DGJ Colour Save Shampoo 250ml', 'images': []}
DEBUG: Scraped from <200 https://www.waitrose.com/ecom/shop/browse/groceries/toiletries_health_and_beauty/hair_care/shampoo>
{'client': 'Waitrose', 'time': datetime.datetime(2020, 8, 21, 19, 11, 50, 356023), 'category': 'Shampoo', 'id': 'tPp702159-494964-494965', 'prod_name': 'DGJ Argan Oil Shampoo', 'waitrose_Qty': '250ml', 'waitrose_discounted_price': '£5.00', 'waitrose_offer_desc': None, 'waitrose_url': 'https://www.waitrose.com/ecom/shop/browse/groceries/toiletries_health_and_beauty/hair_care/shampoo', 'waitrose_rating': None, 'waitrose_unit_price': '(£2/100ml)', 'waitrose_new_flag': None, 'waitrose_prod_name': 'DGJ Argan Oil Shampoo 250ml', 'images': []}
DEBUG: Scraped from <200 https://www.waitrose.com/ecom/shop/browse/groceries/toiletries_health_and_beauty/hair_care/shampoo>
{'client': 'Waitrose', 'time': datetime.datetime(2020, 8, 21, 19, 11, 50, 356023), 'category': 'Shampoo', 'id': 'tPp861587-154949-154950', 'prod_name': 'Batiste dark & deep brown dry shampoo', 'waitrose_Qty': '200ml', 'waitrose_discounted_price': '£4.00', 'waitrose_offer_desc': None, 'waitrose_url': 'https://www.waitrose.com/ecom/shop/browse/groceries/toiletries_health_and_beauty/hair_care/shampoo', 'waitrose_rating': None, 'waitrose_unit_price': '(£2/100ml)', 'waitrose_new_flag': None, 'waitrose_prod_name': 'Batiste dark & deep brown dry shampoo 200ml', 'images': []}
DEBUG: Scraped from <200 https://www.waitrose.com/ecom/shop/browse/groceries/toiletries_health_and_beauty/hair_care/shampoo>
{'client': 'Waitrose', 'time': datetime.datetime(2020, 8, 21, 19, 11, 50, 356023), 'category': 'Shampoo', 'id': 'tPp567431-729696-729697', 'prod_name': 'Batiste Dry Shampoo for Blondes', 'waitrose_Qty': '200ml', 'waitrose_discounted_price': '£4.00', 'waitrose_offer_desc': None, 'waitrose_url': 'https://www.waitrose.com/ecom/shop/browse/groceries/toiletries_health_and_beauty/hair_care/shampoo', 'waitrose_rating': None, 'waitrose_unit_price': '(£2/100ml)', 'waitrose_new_flag': 'NEW', 'waitrose_prod_name': 'Batiste Dry Shampoo for Blondes 200ml', 'images': []}
DEBUG: Scraped from <200 https://www.waitrose.com/ecom/shop/browse/groceries/toiletries_health_and_beauty/hair_care/shampoo>
{'client': 'Waitrose', 'time': datetime.datetime(2020, 8, 21, 19, 11, 50, 356023), 'category': 'Shampoo', 'id': 'tPp808436-720325-720326', 'prod_name': 'Hask Biotin Boost Shampoo', 'waitrose_Qty': '355ml', 'waitrose_discounted_price': '£7.00', 'waitrose_offer_desc': None, 'waitrose_url': 'https://www.waitrose.com/ecom/shop/browse/groceries/toiletries_health_and_beauty/hair_care/shampoo', 'waitrose_rating': None, 'waitrose_unit_price': '(£1.98/100ml)', 'waitrose_new_flag': None, 'waitrose_prod_name': 'Hask Biotin Boost Shampoo 355ml', 'images': []}
DEBUG: Scraped from <200 https://www.waitrose.com/ecom/shop/browse/groceries/toiletries_health_and_beauty/hair_care/shampoo>
{'client': 'Waitrose', 'time': datetime.datetime(2020, 8, 21, 19, 11, 50, 356023), 'category': 'Shampoo', 'id': 'tPp527154-720165-720166', 'prod_name': 'Maui Moisture Hibiscus Water', 'waitrose_Qty': '385ml', 'waitrose_discounted_price': '£9.00', 'waitrose_offer_desc': None, 'waitrose_url': 'https://www.waitrose.com/ecom/shop/browse/groceries/toiletries_health_and_beauty/hair_care/shampoo', 'waitrose_rating': None, 'waitrose_unit_price': '(£2.34/100ml)', 'waitrose_new_flag': None, 'waitrose_prod_name': 'Maui Moisture Hibiscus Water 385ml', 'images': []}
DEBUG: Scraped from <200 https://www.waitrose.com/ecom/shop/browse/groceries/toiletries_health_and_beauty/hair_care/shampoo>
{'client': 'Waitrose', 'time': datetime.datetime(2020, 8, 21, 19, 11, 50, 356023), 'category': 'Shampoo', 'id': 'tPp663502-695641-695642', 'prod_name': 'Noughty To The Rescue Shampoo', 'waitrose_Qty': '250ml', 'waitrose_discounted_price': '£7.00', 'waitrose_offer_desc': None, 'waitrose_url': 'https://www.waitrose.com/ecom/shop/browse/groceries/toiletries_health_and_beauty/hair_care/shampoo', 'waitrose_rating': '5', 'waitrose_unit_price': '(£2.80/100ml)', 'waitrose_new_flag': None, 'waitrose_prod_name': 'Noughty To The Rescue Shampoo 250ml', 'images': []}
DEBUG: Scraped from <200 https://www.waitrose.com/ecom/shop/browse/groceries/toiletries_health_and_beauty/hair_care/shampoo>
{'client': 'Waitrose', 'time': datetime.datetime(2020, 8, 21, 19, 11, 50, 356023), 'category': 'Shampoo', 'id': 'tPp603087-695555-695556', 'prod_name': 'Noughty Colour Bomb Shampoo', 'waitrose_Qty': '250ml', 'waitrose_discounted_price': '£7.00', 'waitrose_offer_desc': None, 'waitrose_url': 'https://www.waitrose.com/ecom/shop/browse/groceries/toiletries_health_and_beauty/hair_care/shampoo', 'waitrose_rating': '3', 'waitrose_unit_price': '(£2.80/100ml)', 'waitrose_new_flag': None, 'waitrose_prod_name': 'Noughty Colour Bomb Shampoo 250ml', 'images': []}
DEBUG: Scraped from <200 https://www.waitrose.com/ecom/shop/browse/groceries/toiletries_health_and_beauty/hair_care/shampoo>
{'client': 'Waitrose', 'time': datetime.datetime(2020, 8, 21, 19, 11, 50, 356023), 'category': 'Shampoo', 'id': 'tPp591666-681031-681032', 'prod_name': 'Pure Grace Shower Gel', 'waitrose_Qty': '480ml', 'waitrose_discounted_price': '£19.50', 'waitrose_offer_desc': None, 'waitrose_url': 'https://www.waitrose.com/ecom/shop/browse/groceries/toiletries_health_and_beauty/hair_care/shampoo', 'waitrose_rating': None, 'waitrose_unit_price': '(£4.07/100ml)', 'waitrose_new_flag': None, 'waitrose_prod_name': 'Pure Grace Shower Gel 480ml', 'images': []}
DEBUG: Scraped from <200 https://www.waitrose.com/ecom/shop/browse/groceries/toiletries_health_and_beauty/hair_care/shampoo>
{'client': 'Waitrose', 'time': datetime.datetime(2020, 8, 21, 19, 11, 50, 356023), 'category': 'Shampoo', 'id': 'tPp745828-495012-495013', 'prod_name': 'DGJ Kids Lice Repel Shampoo', 'waitrose_Qty': '250ml', 'waitrose_discounted_price': '£3.50', 'waitrose_offer_desc': None, 'waitrose_url': 'https://www.waitrose.com/ecom/shop/browse/groceries/toiletries_health_and_beauty/hair_care/shampoo', 'waitrose_rating': None, 'waitrose_unit_price': '(£1.40/100ml)', 'waitrose_new_flag': None, 'waitrose_prod_name': 'DGJ Kids Lice Repel Shampoo 250ml', 'images': []}
DEBUG: Scraped from <200 https://www.waitrose.com/ecom/shop/browse/groceries/toiletries_health_and_beauty/hair_care/shampoo>
{'client': 'Waitrose', 'time': datetime.datetime(2020, 8, 21, 19, 11, 50, 356023), 'category': 'Shampoo', 'id': 'tPp816738-442231-442232', 'prod_name': 'SensSpa Nourishing Shampoo', 'waitrose_Qty': '250ml', 'waitrose_discounted_price': '£6.00', 'waitrose_offer_desc': None, 'waitrose_url': 'https://www.waitrose.com/ecom/shop/browse/groceries/toiletries_health_and_beauty/hair_care/shampoo', 'waitrose_rating': '2.6', 'waitrose_unit_price': '(£2.40/100ml)', 'waitrose_new_flag': None, 'waitrose_prod_name': 'SensSpa Nourishing Shampoo 250ml', 'images': []}
DEBUG: Scraped from <200 https://www.waitrose.com/ecom/shop/browse/groceries/toiletries_health_and_beauty/hair_care/shampoo>
{'client': 'Waitrose', 'time': datetime.datetime(2020, 8, 21, 19, 11, 50, 356023), 'category': 'Shampoo', 'id': 'tPp833802-337290-337291', 'prod_name': 'Aussie Miracle Moist Spray', 'waitrose_Qty': '250ml', 'waitrose_discounted_price': '£5.15', 'waitrose_offer_desc': None, 'waitrose_url': 'https://www.waitrose.com/ecom/shop/browse/groceries/toiletries_health_and_beauty/hair_care/shampoo', 'waitrose_rating': None, 'waitrose_unit_price': '(£2.06/100ml)', 'waitrose_new_flag': None, 'waitrose_prod_name': 'Aussie Miracle Moist Spray 250ml', 'images': []}
INFO: Closing spider (finished)
INFO: Stored json feed (140 items) in: waitrose_082120.json
INFO: Dumping Scrapy stats:
{'downloader/request_bytes': 5176,
 'downloader/request_count': 2,
 'downloader/request_method_count/POST': 2,
 'downloader/response_bytes': 1491375,
 'downloader/response_count': 2,
 'downloader/response_status_count/200': 1,
 'downloader/response_status_count/504': 1,
 'finish_reason': 'finished',
 'finish_time': datetime.datetime(2020, 8, 21, 14, 13, 12, 185909),
 'item_scraped_count': 140,
 'log_count/DEBUG': 142,
 'log_count/INFO': 41,
 'log_count/WARNING': 1,
 'response_received_count': 1,
 'retry/count': 1,
 'retry/reason_count/504 Gateway Time-out': 1,
 'scheduler/dequeued': 3,
 'scheduler/dequeued/memory': 3,
 'scheduler/enqueued': 3,
 'scheduler/enqueued/memory': 3,
 'splash/execute/request_count': 1,
 'splash/execute/response_count/200': 1,
 'splash/execute/response_count/504': 1,
 'start_time': datetime.datetime(2020, 8, 21, 13, 41, 50, 868060)}
INFO: Spider closed (finished)
INFO: Scrapy 1.6.0 started (bot: waitrose)
INFO: Versions: lxml 4.5.1.0, libxml2 2.9.10, cssselect 1.1.0, parsel 1.6.0, w3lib 1.22.0, Twisted 20.3.0, Python 3.7.7 (default, May  6 2020, 11:45:54) [MSC v.1916 64 bit (AMD64)], pyOpenSSL 19.1.0 (OpenSSL 1.1.1g  21 Apr 2020), cryptography 2.9.2, Platform Windows-10-10.0.18362-SP0
INFO: Overridden settings: {'BOT_NAME': 'waitrose', 'DOWNLOAD_TIMEOUT': 1200, 'DUPEFILTER_CLASS': 'scrapy_splash.SplashAwareDupeFilter', 'FEED_EXPORT_ENCODING': 'utf-8', 'FEED_FORMAT': 'json', 'FEED_URI': 'waitrose_082220.json', 'NEWSPIDER_MODULE': 'waitrose.spiders', 'SPIDER_MODULES': ['waitrose.spiders']}
INFO: Telnet Password: c9d6123725b1b031
INFO: Enabled extensions:
['scrapy.extensions.corestats.CoreStats',
 'scrapy.extensions.telnet.TelnetConsole',
 'scrapy.extensions.feedexport.FeedExporter',
 'scrapy.extensions.logstats.LogStats']
INFO: Enabled downloader middlewares:
['scrapy.downloadermiddlewares.httpauth.HttpAuthMiddleware',
 'scrapy.downloadermiddlewares.downloadtimeout.DownloadTimeoutMiddleware',
 'scrapy.downloadermiddlewares.defaultheaders.DefaultHeadersMiddleware',
 'scrapy.downloadermiddlewares.useragent.UserAgentMiddleware',
 'scrapy.downloadermiddlewares.retry.RetryMiddleware',
 'scrapy.downloadermiddlewares.redirect.MetaRefreshMiddleware',
 'scrapy.downloadermiddlewares.redirect.RedirectMiddleware',
 'scrapy.downloadermiddlewares.cookies.CookiesMiddleware',
 'scrapy_splash.SplashCookiesMiddleware',
 'scrapy_splash.SplashMiddleware',
 'scrapy.downloadermiddlewares.httpproxy.HttpProxyMiddleware',
 'scrapy.downloadermiddlewares.httpcompression.HttpCompressionMiddleware',
 'scrapy.downloadermiddlewares.stats.DownloaderStats']
INFO: Enabled spider middlewares:
['scrapy.spidermiddlewares.httperror.HttpErrorMiddleware',
 'scrapy_splash.SplashDeduplicateArgsMiddleware',
 'scrapy.spidermiddlewares.offsite.OffsiteMiddleware',
 'scrapy.spidermiddlewares.referer.RefererMiddleware',
 'scrapy.spidermiddlewares.urllength.UrlLengthMiddleware',
 'scrapy.spidermiddlewares.depth.DepthMiddleware']
INFO: Enabled item pipelines:
['waitrose.pipelines.ImageDownloaderPipeline',
 'waitrose.pipelines.SQLlitePipeline']
INFO: Spider opened
INFO: Crawled 0 pages (at 0 pages/min), scraped 0 items (at 0 items/min)
WARNING: C:\Users\sujithk\AppData\Local\Continuum\anaconda3\envs\Virtual_Env\lib\site-packages\scrapy\spidermiddlewares\offsite.py:61: URLWarning: allowed_domains accepts only domains, not URLs. Ignoring URL entry https://www.waitrose.com/ in allowed_domains.
  warnings.warn(message, URLWarning)

INFO: Telnet console listening on 127.0.0.1:6023
DEBUG: Retrying <GET https://www.waitrose.com/ecom/shop/browse/groceries/toiletries_health_and_beauty/hair_care/shampoo via http://192.168.1.9:8050/execute> (failed 1 times): Connection was refused by other side: 10061: No connection could be made because the target machine actively refused it..
DEBUG: Retrying <GET https://www.waitrose.com/ecom/shop/browse/groceries/toiletries_health_and_beauty/hair_care/shampoo via http://192.168.1.9:8050/execute> (failed 2 times): Connection was refused by other side: 10061: No connection could be made because the target machine actively refused it..
DEBUG: Gave up retrying <GET https://www.waitrose.com/ecom/shop/browse/groceries/toiletries_health_and_beauty/hair_care/shampoo via http://192.168.1.9:8050/execute> (failed 3 times): Connection was refused by other side: 10061: No connection could be made because the target machine actively refused it..
ERROR: Error downloading <GET https://www.waitrose.com/ecom/shop/browse/groceries/toiletries_health_and_beauty/hair_care/shampoo via http://192.168.1.9:8050/execute>
Traceback (most recent call last):
  File "C:\Users\sujithk\AppData\Local\Continuum\anaconda3\envs\Virtual_Env\lib\site-packages\scrapy\core\downloader\middleware.py", line 43, in process_request
    defer.returnValue((yield download_func(request=request,spider=spider)))
twisted.internet.error.ConnectionRefusedError: Connection was refused by other side: 10061: No connection could be made because the target machine actively refused it..
INFO: Closing spider (finished)
INFO: Dumping Scrapy stats:
{'downloader/exception_count': 3,
 'downloader/exception_type_count/twisted.internet.error.ConnectionRefusedError': 3,
 'downloader/request_bytes': 7764,
 'downloader/request_count': 3,
 'downloader/request_method_count/POST': 3,
 'finish_reason': 'finished',
 'finish_time': datetime.datetime(2020, 8, 22, 6, 47, 21, 278261),
 'log_count/DEBUG': 3,
 'log_count/ERROR': 1,
 'log_count/INFO': 9,
 'log_count/WARNING': 1,
 'retry/count': 2,
 'retry/max_reached': 1,
 'retry/reason_count/twisted.internet.error.ConnectionRefusedError': 2,
 'scheduler/dequeued': 4,
 'scheduler/dequeued/memory': 4,
 'scheduler/enqueued': 4,
 'scheduler/enqueued/memory': 4,
 'splash/execute/request_count': 1,
 'start_time': datetime.datetime(2020, 8, 22, 6, 47, 14, 972277)}
INFO: Spider closed (finished)
INFO: Scrapy 1.6.0 started (bot: waitrose)
INFO: Versions: lxml 4.5.1.0, libxml2 2.9.10, cssselect 1.1.0, parsel 1.6.0, w3lib 1.22.0, Twisted 20.3.0, Python 3.7.7 (default, May  6 2020, 11:45:54) [MSC v.1916 64 bit (AMD64)], pyOpenSSL 19.1.0 (OpenSSL 1.1.1g  21 Apr 2020), cryptography 2.9.2, Platform Windows-10-10.0.18362-SP0
INFO: Overridden settings: {'BOT_NAME': 'waitrose', 'DOWNLOAD_TIMEOUT': 1200, 'DUPEFILTER_CLASS': 'scrapy_splash.SplashAwareDupeFilter', 'FEED_EXPORT_ENCODING': 'utf-8', 'FEED_FORMAT': 'json', 'FEED_URI': 'waitrose_082220.json', 'NEWSPIDER_MODULE': 'waitrose.spiders', 'SPIDER_MODULES': ['waitrose.spiders']}
INFO: Telnet Password: d2b60a131b2f0021
INFO: Enabled extensions:
['scrapy.extensions.corestats.CoreStats',
 'scrapy.extensions.telnet.TelnetConsole',
 'scrapy.extensions.feedexport.FeedExporter',
 'scrapy.extensions.logstats.LogStats']
INFO: Enabled downloader middlewares:
['scrapy.downloadermiddlewares.httpauth.HttpAuthMiddleware',
 'scrapy.downloadermiddlewares.downloadtimeout.DownloadTimeoutMiddleware',
 'scrapy.downloadermiddlewares.defaultheaders.DefaultHeadersMiddleware',
 'scrapy.downloadermiddlewares.useragent.UserAgentMiddleware',
 'scrapy.downloadermiddlewares.retry.RetryMiddleware',
 'scrapy.downloadermiddlewares.redirect.MetaRefreshMiddleware',
 'scrapy.downloadermiddlewares.redirect.RedirectMiddleware',
 'scrapy.downloadermiddlewares.cookies.CookiesMiddleware',
 'scrapy_splash.SplashCookiesMiddleware',
 'scrapy_splash.SplashMiddleware',
 'scrapy.downloadermiddlewares.httpproxy.HttpProxyMiddleware',
 'scrapy.downloadermiddlewares.httpcompression.HttpCompressionMiddleware',
 'scrapy.downloadermiddlewares.stats.DownloaderStats']
INFO: Enabled spider middlewares:
['scrapy.spidermiddlewares.httperror.HttpErrorMiddleware',
 'scrapy_splash.SplashDeduplicateArgsMiddleware',
 'scrapy.spidermiddlewares.offsite.OffsiteMiddleware',
 'scrapy.spidermiddlewares.referer.RefererMiddleware',
 'scrapy.spidermiddlewares.urllength.UrlLengthMiddleware',
 'scrapy.spidermiddlewares.depth.DepthMiddleware']
INFO: Enabled item pipelines:
['waitrose.pipelines.ImageDownloaderPipeline',
 'waitrose.pipelines.SQLlitePipeline']
INFO: Spider opened
INFO: Crawled 0 pages (at 0 pages/min), scraped 0 items (at 0 items/min)
WARNING: C:\Users\sujithk\AppData\Local\Continuum\anaconda3\envs\Virtual_Env\lib\site-packages\scrapy\spidermiddlewares\offsite.py:61: URLWarning: allowed_domains accepts only domains, not URLs. Ignoring URL entry https://www.waitrose.com/ in allowed_domains.
  warnings.warn(message, URLWarning)

INFO: Telnet console listening on 127.0.0.1:6023
INFO: Crawled 0 pages (at 0 pages/min), scraped 0 items (at 0 items/min)
DEBUG: Crawled (200) <GET https://www.waitrose.com/ecom/shop/browse/groceries/toiletries_health_and_beauty/hair_care/shampoo via http://192.168.1.9:8050/execute> (referer: None)
DEBUG: Scraped from <200 https://www.waitrose.com/ecom/shop/browse/groceries/toiletries_health_and_beauty/hair_care/shampoo>
{'client': 'Waitrose', 'time': datetime.datetime(2020, 8, 22, 12, 18, 10, 366000), 'category': 'Shampoo', 'id': 'tPp639366-90822-90823', 'prod_name': 'Head & Shoulders Shampoo Classic', 'waitrose_Qty': '500ml', 'waitrose_discounted_price': '£3.43', 'waitrose_offer_desc': 'Save 1/3.', 'waitrose_url': 'https://www.waitrose.com/ecom/shop/browse/groceries/toiletries_health_and_beauty/hair_care/shampoo', 'waitrose_rating': '3.5', 'waitrose_unit_price': '(68.6p/100ml)', 'waitrose_new_flag': None, 'waitrose_prod_name': 'Head & Shoulders Shampoo Classic 500ml', 'images': []}
DEBUG: Scraped from <200 https://www.waitrose.com/ecom/shop/browse/groceries/toiletries_health_and_beauty/hair_care/shampoo>
{'client': 'Waitrose', 'time': datetime.datetime(2020, 8, 22, 12, 18, 10, 366000), 'category': 'Shampoo', 'id': 'tPp435635-694165-694166', 'prod_name': 'Pantene Classic Clean Shampoo', 'waitrose_Qty': '500ml', 'waitrose_discounted_price': '£5.15', 'waitrose_offer_desc': 'Add 2 for £5', 'waitrose_url': 'https://www.waitrose.com/ecom/shop/browse/groceries/toiletries_health_and_beauty/hair_care/shampoo', 'waitrose_rating': None, 'waitrose_unit_price': '(£1.03/100ml)', 'waitrose_new_flag': None, 'waitrose_prod_name': 'Pantene Classic Clean Shampoo 500ml', 'images': []}
DEBUG: Scraped from <200 https://www.waitrose.com/ecom/shop/browse/groceries/toiletries_health_and_beauty/hair_care/shampoo>
{'client': 'Waitrose', 'time': datetime.datetime(2020, 8, 22, 12, 18, 10, 366000), 'category': 'Shampoo', 'id': 'tPp455905-591789-591790', 'prod_name': 'Herbal Essences clean Shampoo', 'waitrose_Qty': '400ml', 'waitrose_discounted_price': '£4.50', 'waitrose_offer_desc': 'Add 2 for £6', 'waitrose_url': 'https://www.waitrose.com/ecom/shop/browse/groceries/toiletries_health_and_beauty/hair_care/shampoo', 'waitrose_rating': None, 'waitrose_unit_price': '(£1.13/100ml)', 'waitrose_new_flag': None, 'waitrose_prod_name': 'Herbal Essences clean Shampoo 400ml', 'images': []}
DEBUG: Scraped from <200 https://www.waitrose.com/ecom/shop/browse/groceries/toiletries_health_and_beauty/hair_care/shampoo>
{'client': 'Waitrose', 'time': datetime.datetime(2020, 8, 22, 12, 18, 10, 366000), 'category': 'Shampoo', 'id': 'tPp757780-107799-107800', 'prod_name': 'Head & Shoulders 2in1 Classic Clean', 'waitrose_Qty': '450ml', 'waitrose_discounted_price': '£3.43', 'waitrose_offer_desc': 'Save 1/3.', 'waitrose_url': 'https://www.waitrose.com/ecom/shop/browse/groceries/toiletries_health_and_beauty/hair_care/shampoo', 'waitrose_rating': '4', 'waitrose_unit_price': '(76.2p/100ml)', 'waitrose_new_flag': None, 'waitrose_prod_name': 'Head & Shoulders 2in1 Classic Clean 450ml', 'images': []}
DEBUG: Scraped from <200 https://www.waitrose.com/ecom/shop/browse/groceries/toiletries_health_and_beauty/hair_care/shampoo>
{'client': 'Waitrose', 'time': datetime.datetime(2020, 8, 22, 12, 18, 10, 366000), 'category': 'Shampoo', 'id': 'tPp824583-694195-694196', 'prod_name': 'Pantene Repair & Protect Shampoo', 'waitrose_Qty': '500ml', 'waitrose_discounted_price': '£3.75', 'waitrose_offer_desc': 'Add 2 for £5', 'waitrose_url': 'https://www.waitrose.com/ecom/shop/browse/groceries/toiletries_health_and_beauty/hair_care/shampoo', 'waitrose_rating': None, 'waitrose_unit_price': '(75p/100ml)', 'waitrose_new_flag': None, 'waitrose_prod_name': 'Pantene Repair & Protect Shampoo 500ml', 'images': []}
DEBUG: Scraped from <200 https://www.waitrose.com/ecom/shop/browse/groceries/toiletries_health_and_beauty/hair_care/shampoo>
{'client': 'Waitrose', 'time': datetime.datetime(2020, 8, 22, 12, 18, 10, 366000), 'category': 'Shampoo', 'id': 'tPp839781-154875-154876', 'prod_name': 'Aussie miracle moist shampoo', 'waitrose_Qty': '500ml', 'waitrose_discounted_price': '£6.15', 'waitrose_offer_desc': 'Add 2 for £9', 'waitrose_url': 'https://www.waitrose.com/ecom/shop/browse/groceries/toiletries_health_and_beauty/hair_care/shampoo', 'waitrose_rating': None, 'waitrose_unit_price': '(£1.23/100ml)', 'waitrose_new_flag': None, 'waitrose_prod_name': 'Aussie miracle moist shampoo 500ml', 'images': []}
DEBUG: Scraped from <200 https://www.waitrose.com/ecom/shop/browse/groceries/toiletries_health_and_beauty/hair_care/shampoo>
{'client': 'Waitrose', 'time': datetime.datetime(2020, 8, 22, 12, 18, 10, 366000), 'category': 'Shampoo', 'id': 'tPp582132-472091-472092', 'prod_name': 'Ogx Argan Oil Morocco Shampoo', 'waitrose_Qty': '385ml', 'waitrose_discounted_price': '£7.00', 'waitrose_offer_desc': 'Add 2 for £10', 'waitrose_url': 'https://www.waitrose.com/ecom/shop/browse/groceries/toiletries_health_and_beauty/hair_care/shampoo', 'waitrose_rating': '4', 'waitrose_unit_price': '(£1.82/100ml)', 'waitrose_new_flag': None, 'waitrose_prod_name': 'Ogx Argan Oil Morocco Shampoo 385ml', 'images': []}
DEBUG: Scraped from <200 https://www.waitrose.com/ecom/shop/browse/groceries/toiletries_health_and_beauty/hair_care/shampoo>
{'client': 'Waitrose', 'time': datetime.datetime(2020, 8, 22, 12, 18, 10, 366000), 'category': 'Shampoo', 'id': 'tPp836753-694201-694202', 'prod_name': 'Pantene Volume & Body Shampoo', 'waitrose_Qty': '500ml', 'waitrose_discounted_price': '£5.15', 'waitrose_offer_desc': 'Add 2 for £5', 'waitrose_url': 'https://www.waitrose.com/ecom/shop/browse/groceries/toiletries_health_and_beauty/hair_care/shampoo', 'waitrose_rating': None, 'waitrose_unit_price': '(£1.03/100ml)', 'waitrose_new_flag': None, 'waitrose_prod_name': 'Pantene Volume & Body Shampoo 500ml', 'images': []}
DEBUG: Scraped from <200 https://www.waitrose.com/ecom/shop/browse/groceries/toiletries_health_and_beauty/hair_care/shampoo>
{'client': 'Waitrose', 'time': datetime.datetime(2020, 8, 22, 12, 18, 10, 366000), 'category': 'Shampoo', 'id': 'tPp490113-591883-591884', 'prod_name': 'Herbal Essences Volume Shampoo', 'waitrose_Qty': '400ml', 'waitrose_discounted_price': '£4.50', 'waitrose_offer_desc': 'Add 2 for £6', 'waitrose_url': 'https://www.waitrose.com/ecom/shop/browse/groceries/toiletries_health_and_beauty/hair_care/shampoo', 'waitrose_rating': '5', 'waitrose_unit_price': '(£1.13/100ml)', 'waitrose_new_flag': None, 'waitrose_prod_name': 'Herbal Essences Volume Shampoo 400ml', 'images': []}
DEBUG: Scraped from <200 https://www.waitrose.com/ecom/shop/browse/groceries/toiletries_health_and_beauty/hair_care/shampoo>
{'client': 'Waitrose', 'time': datetime.datetime(2020, 8, 22, 12, 18, 10, 366000), 'category': 'Shampoo', 'id': 'tPp657721-694179-694180', 'prod_name': 'Pantene 3 in 1 Classic Clean', 'waitrose_Qty': '450ml', 'waitrose_discounted_price': '£3.75', 'waitrose_offer_desc': 'Add 2 for £5', 'waitrose_url': 'https://www.waitrose.com/ecom/shop/browse/groceries/toiletries_health_and_beauty/hair_care/shampoo', 'waitrose_rating': None, 'waitrose_unit_price': '(83.3p/100ml)', 'waitrose_new_flag': None, 'waitrose_prod_name': 'Pantene 3 in 1 Classic Clean 450ml', 'images': []}
DEBUG: Scraped from <200 https://www.waitrose.com/ecom/shop/browse/groceries/toiletries_health_and_beauty/hair_care/shampoo>
{'client': 'Waitrose', 'time': datetime.datetime(2020, 8, 22, 12, 18, 10, 366000), 'category': 'Shampoo', 'id': 'tPp882824-154983-154984', 'prod_name': 'Head & Shoulders itchy scalp shampoo', 'waitrose_Qty': '500ml', 'waitrose_discounted_price': '£3.43', 'waitrose_offer_desc': 'Save 1/3.', 'waitrose_url': 'https://www.waitrose.com/ecom/shop/browse/groceries/toiletries_health_and_beauty/hair_care/shampoo', 'waitrose_rating': '5', 'waitrose_unit_price': '(68.6p/100ml)', 'waitrose_new_flag': None, 'waitrose_prod_name': 'Head & Shoulders itchy scalp shampoo 500ml', 'images': []}
DEBUG: Scraped from <200 https://www.waitrose.com/ecom/shop/browse/groceries/toiletries_health_and_beauty/hair_care/shampoo>
{'client': 'Waitrose', 'time': datetime.datetime(2020, 8, 22, 12, 18, 10, 366000), 'category': 'Shampoo', 'id': 'tPp407453-471203-471204', 'prod_name': 'Ogx Biotin & Collagen Shampoo', 'waitrose_Qty': '385ml', 'waitrose_discounted_price': '£7.00', 'waitrose_offer_desc': 'Add 2 for £10', 'waitrose_url': 'https://www.waitrose.com/ecom/shop/browse/groceries/toiletries_health_and_beauty/hair_care/shampoo', 'waitrose_rating': None, 'waitrose_unit_price': '(£1.82/100ml)', 'waitrose_new_flag': None, 'waitrose_prod_name': 'Ogx Biotin & Collagen Shampoo 385ml', 'images': []}
DEBUG: Scraped from <200 https://www.waitrose.com/ecom/shop/browse/groceries/toiletries_health_and_beauty/hair_care/shampoo>
{'client': 'Waitrose', 'time': datetime.datetime(2020, 8, 22, 12, 18, 10, 366000), 'category': 'Shampoo', 'id': 'tPp701301-99532-99533', 'prod_name': 'Essential Daily Care Shampoo', 'waitrose_Qty': '300ml', 'waitrose_discounted_price': '80p', 'waitrose_offer_desc': None, 'waitrose_url': 'https://www.waitrose.com/ecom/shop/browse/groceries/toiletries_health_and_beauty/hair_care/shampoo', 'waitrose_rating': '4.1', 'waitrose_unit_price': '(26.7p/100ml)', 'waitrose_new_flag': None, 'waitrose_prod_name': 'Essential Daily Care Shampoo 300ml', 'images': []}
DEBUG: Scraped from <200 https://www.waitrose.com/ecom/shop/browse/groceries/toiletries_health_and_beauty/hair_care/shampoo>
{'client': 'Waitrose', 'time': datetime.datetime(2020, 8, 22, 12, 18, 10, 366000), 'category': 'Shampoo', 'id': 'tPp821139-694191-694192', 'prod_name': 'Pantene Smooth & Sleek Shampoo', 'waitrose_Qty': '500ml', 'waitrose_discounted_price': '£5.15', 'waitrose_offer_desc': 'Add 2 for £5', 'waitrose_url': 'https://www.waitrose.com/ecom/shop/browse/groceries/toiletries_health_and_beauty/hair_care/shampoo', 'waitrose_rating': None, 'waitrose_unit_price': '(£1.03/100ml)', 'waitrose_new_flag': None, 'waitrose_prod_name': 'Pantene Smooth & Sleek Shampoo 500ml', 'images': []}
DEBUG: Scraped from <200 https://www.waitrose.com/ecom/shop/browse/groceries/toiletries_health_and_beauty/hair_care/shampoo>
{'client': 'Waitrose', 'time': datetime.datetime(2020, 8, 22, 12, 18, 10, 366000), 'category': 'Shampoo', 'id': 'tPp472240-591833-591834', 'prod_name': 'Herbal Essences Repair Shampoo', 'waitrose_Qty': '400ml', 'waitrose_discounted_price': '£4.50', 'waitrose_offer_desc': 'Add 2 for £6', 'waitrose_url': 'https://www.waitrose.com/ecom/shop/browse/groceries/toiletries_health_and_beauty/hair_care/shampoo', 'waitrose_rating': '5', 'waitrose_unit_price': '(£1.13/100ml)', 'waitrose_new_flag': None, 'waitrose_prod_name': 'Herbal Essences Repair Shampoo 400ml', 'images': []}
DEBUG: Scraped from <200 https://www.waitrose.com/ecom/shop/browse/groceries/toiletries_health_and_beauty/hair_care/shampoo>
{'client': 'Waitrose', 'time': datetime.datetime(2020, 8, 22, 12, 18, 10, 366000), 'category': 'Shampoo', 'id': 'tPp427668-591713-591714', 'prod_name': 'Herbal Essences Hydrate Shampoo', 'waitrose_Qty': '400ml', 'waitrose_discounted_price': '£4.50', 'waitrose_offer_desc': 'Add 2 for £6', 'waitrose_url': 'https://www.waitrose.com/ecom/shop/browse/groceries/toiletries_health_and_beauty/hair_care/shampoo', 'waitrose_rating': '5', 'waitrose_unit_price': '(£1.13/100ml)', 'waitrose_new_flag': None, 'waitrose_prod_name': 'Herbal Essences Hydrate Shampoo 400ml', 'images': []}
DEBUG: Scraped from <200 https://www.waitrose.com/ecom/shop/browse/groceries/toiletries_health_and_beauty/hair_care/shampoo>
{'client': 'Waitrose', 'time': datetime.datetime(2020, 8, 22, 12, 18, 10, 366000), 'category': 'Shampoo', 'id': 'tPp627460-154629-154630', 'prod_name': 'Aussie mega shampoo', 'waitrose_Qty': '500ml', 'waitrose_discounted_price': '£6.15', 'waitrose_offer_desc': 'Add 2 for £9', 'waitrose_url': 'https://www.waitrose.com/ecom/shop/browse/groceries/toiletries_health_and_beauty/hair_care/shampoo', 'waitrose_rating': '3.8', 'waitrose_unit_price': '(£1.23/100ml)', 'waitrose_new_flag': None, 'waitrose_prod_name': 'Aussie mega shampoo 500ml', 'images': []}
DEBUG: Scraped from <200 https://www.waitrose.com/ecom/shop/browse/groceries/toiletries_health_and_beauty/hair_care/shampoo>
{'client': 'Waitrose', 'time': datetime.datetime(2020, 8, 22, 12, 18, 10, 366000), 'category': 'Shampoo', 'id': 'tPp581617-694173-694174', 'prod_name': 'Pantene Colour Protect Shampoo', 'waitrose_Qty': '500ml', 'waitrose_discounted_price': '£5.15', 'waitrose_offer_desc': 'Add 2 for £5', 'waitrose_url': 'https://www.waitrose.com/ecom/shop/browse/groceries/toiletries_health_and_beauty/hair_care/shampoo', 'waitrose_rating': None, 'waitrose_unit_price': '(£1.03/100ml)', 'waitrose_new_flag': None, 'waitrose_prod_name': 'Pantene Colour Protect Shampoo 500ml', 'images': []}
DEBUG: Scraped from <200 https://www.waitrose.com/ecom/shop/browse/groceries/toiletries_health_and_beauty/hair_care/shampoo>
{'client': 'Waitrose', 'time': datetime.datetime(2020, 8, 22, 12, 18, 10, 366000), 'category': 'Shampoo', 'id': 'tPp535961-75786-75787', 'prod_name': 'essential Waitrose Nourishing Shampoo', 'waitrose_Qty': '300ml', 'waitrose_discounted_price': '80p', 'waitrose_offer_desc': None, 'waitrose_url': 'https://www.waitrose.com/ecom/shop/browse/groceries/toiletries_health_and_beauty/hair_care/shampoo', 'waitrose_rating': '4.4', 'waitrose_unit_price': '(26.7p/100ml)', 'waitrose_new_flag': None, 'waitrose_prod_name': 'essential Waitrose Nourishing Shampoo 300ml', 'images': []}
DEBUG: Scraped from <200 https://www.waitrose.com/ecom/shop/browse/groceries/toiletries_health_and_beauty/hair_care/shampoo>
{'client': 'Waitrose', 'time': datetime.datetime(2020, 8, 22, 12, 18, 10, 366000), 'category': 'Shampoo', 'id': 'tPp855140-216863-216864', 'prod_name': 'Ogx Coconut Milk Shampoo', 'waitrose_Qty': '385ml', 'waitrose_discounted_price': '£7.00', 'waitrose_offer_desc': 'Add 2 for £10', 'waitrose_url': 'https://www.waitrose.com/ecom/shop/browse/groceries/toiletries_health_and_beauty/hair_care/shampoo', 'waitrose_rating': '5', 'waitrose_unit_price': '(£1.82/100ml)', 'waitrose_new_flag': None, 'waitrose_prod_name': 'Ogx Coconut Milk Shampoo 385ml', 'images': []}
DEBUG: Scraped from <200 https://www.waitrose.com/ecom/shop/browse/groceries/toiletries_health_and_beauty/hair_care/shampoo>
{'client': 'Waitrose', 'time': datetime.datetime(2020, 8, 22, 12, 18, 10, 366000), 'category': 'Shampoo', 'id': 'tPp755349-720291-720292', 'prod_name': 'Herbal Essences Aloe & Mango Shampoo', 'waitrose_Qty': '380ml', 'waitrose_discounted_price': '£4.50', 'waitrose_offer_desc': 'Add 2 for £6', 'waitrose_url': 'https://www.waitrose.com/ecom/shop/browse/groceries/toiletries_health_and_beauty/hair_care/shampoo', 'waitrose_rating': None, 'waitrose_unit_price': '(£1.19/100ml)', 'waitrose_new_flag': None, 'waitrose_prod_name': 'Herbal Essences Aloe & Mango Shampoo 380ml', 'images': []}
DEBUG: Scraped from <200 https://www.waitrose.com/ecom/shop/browse/groceries/toiletries_health_and_beauty/hair_care/shampoo>
{'client': 'Waitrose', 'time': datetime.datetime(2020, 8, 22, 12, 18, 10, 366000), 'category': 'Shampoo', 'id': 'tPp791725-375655-375656', 'prod_name': 'Ogx Kukuí Oil Shampoo', 'waitrose_Qty': '385ml', 'waitrose_discounted_price': '£7.00', 'waitrose_offer_desc': 'Add 2 for £10', 'waitrose_url': 'https://www.waitrose.com/ecom/shop/browse/groceries/toiletries_health_and_beauty/hair_care/shampoo', 'waitrose_rating': '5', 'waitrose_unit_price': '(£1.82/100ml)', 'waitrose_new_flag': None, 'waitrose_prod_name': 'Ogx Kukuí Oil Shampoo 385ml', 'images': []}
DEBUG: Scraped from <200 https://www.waitrose.com/ecom/shop/browse/groceries/toiletries_health_and_beauty/hair_care/shampoo>
{'client': 'Waitrose', 'time': datetime.datetime(2020, 8, 22, 12, 18, 10, 366000), 'category': 'Shampoo', 'id': 'tPp886458-216893-216894', 'prod_name': 'Ogx Brazilian Keratin Shampoo', 'waitrose_Qty': '385ml', 'waitrose_discounted_price': '£7.00', 'waitrose_offer_desc': 'Add 2 for £10', 'waitrose_url': 'https://www.waitrose.com/ecom/shop/browse/groceries/toiletries_health_and_beauty/hair_care/shampoo', 'waitrose_rating': '5', 'waitrose_unit_price': '(£1.82/100ml)', 'waitrose_new_flag': None, 'waitrose_prod_name': 'Ogx Brazilian Keratin Shampoo 385ml', 'images': []}
DEBUG: Scraped from <200 https://www.waitrose.com/ecom/shop/browse/groceries/toiletries_health_and_beauty/hair_care/shampoo>
{'client': 'Waitrose', 'time': datetime.datetime(2020, 8, 22, 12, 18, 10, 366000), 'category': 'Shampoo', 'id': 'tPp810201-352482-352483', 'prod_name': 'Essential Daily Care 2 in 1', 'waitrose_Qty': '300ml', 'waitrose_discounted_price': '80p', 'waitrose_offer_desc': None, 'waitrose_url': 'https://www.waitrose.com/ecom/shop/browse/groceries/toiletries_health_and_beauty/hair_care/shampoo', 'waitrose_rating': '4.3', 'waitrose_unit_price': '(26.7p/100ml)', 'waitrose_new_flag': None, 'waitrose_prod_name': 'Essential Daily Care 2 in 1 300ml', 'images': []}
DEBUG: Scraped from <200 https://www.waitrose.com/ecom/shop/browse/groceries/toiletries_health_and_beauty/hair_care/shampoo>
{'client': 'Waitrose', 'time': datetime.datetime(2020, 8, 22, 12, 18, 10, 366000), 'category': 'Shampoo', 'id': 'tPp752186-631541-631542', 'prod_name': 'Ogx Coconut OIl Shampoo', 'waitrose_Qty': '385ml', 'waitrose_discounted_price': '£7.00', 'waitrose_offer_desc': 'Add 2 for £10', 'waitrose_url': 'https://www.waitrose.com/ecom/shop/browse/groceries/toiletries_health_and_beauty/hair_care/shampoo', 'waitrose_rating': None, 'waitrose_unit_price': '(£1.82/100ml)', 'waitrose_new_flag': None, 'waitrose_prod_name': 'Ogx Coconut OIl Shampoo 385ml', 'images': []}
DEBUG: Scraped from <200 https://www.waitrose.com/ecom/shop/browse/groceries/toiletries_health_and_beauty/hair_care/shampoo>
{'client': 'Waitrose', 'time': datetime.datetime(2020, 8, 22, 12, 18, 10, 366000), 'category': 'Shampoo', 'id': 'tPp755068-720289-720290', 'prod_name': 'Herbal Essences Aloe Hemp Shampoo', 'waitrose_Qty': '380ml', 'waitrose_discounted_price': '£4.50', 'waitrose_offer_desc': 'Add 2 for £6', 'waitrose_url': 'https://www.waitrose.com/ecom/shop/browse/groceries/toiletries_health_and_beauty/hair_care/shampoo', 'waitrose_rating': None, 'waitrose_unit_price': '(£1.19/100ml)', 'waitrose_new_flag': None, 'waitrose_prod_name': 'Herbal Essences Aloe Hemp Shampoo 380ml', 'images': []}
DEBUG: Scraped from <200 https://www.waitrose.com/ecom/shop/browse/groceries/toiletries_health_and_beauty/hair_care/shampoo>
{'client': 'Waitrose', 'time': datetime.datetime(2020, 8, 22, 12, 18, 10, 366000), 'category': 'Shampoo', 'id': 'tPp868154-695990-695991', 'prod_name': 'Hair Biology Purple Shampoo', 'waitrose_Qty': '250ml', 'waitrose_discounted_price': '£2.99', 'waitrose_offer_desc': 'Save 1/3.', 'waitrose_url': 'https://www.waitrose.com/ecom/shop/browse/groceries/toiletries_health_and_beauty/hair_care/shampoo', 'waitrose_rating': None, 'waitrose_unit_price': '(£1.20/100ml)', 'waitrose_new_flag': None, 'waitrose_prod_name': 'Hair Biology Purple Shampoo 250ml', 'images': []}
DEBUG: Scraped from <200 https://www.waitrose.com/ecom/shop/browse/groceries/toiletries_health_and_beauty/hair_care/shampoo>
{'client': 'Waitrose', 'time': datetime.datetime(2020, 8, 22, 12, 18, 10, 366000), 'category': 'Shampoo', 'id': 'tPp626001-88825-88826', 'prod_name': 'Head & Shoulders Shampoo Citrus Fresh', 'waitrose_Qty': '500ml', 'waitrose_discounted_price': '£3.43', 'waitrose_offer_desc': 'Save 1/3.', 'waitrose_url': 'https://www.waitrose.com/ecom/shop/browse/groceries/toiletries_health_and_beauty/hair_care/shampoo', 'waitrose_rating': None, 'waitrose_unit_price': '(68.6p/100ml)', 'waitrose_new_flag': None, 'waitrose_prod_name': 'Head & Shoulders Shampoo Citrus Fresh 500ml', 'images': []}
DEBUG: Scraped from <200 https://www.waitrose.com/ecom/shop/browse/groceries/toiletries_health_and_beauty/hair_care/shampoo>
{'client': 'Waitrose', 'time': datetime.datetime(2020, 8, 22, 12, 18, 10, 366000), 'category': 'Shampoo', 'id': 'tPp820157-724089-724090', 'prod_name': 'Eco Warrior Shampoo Bar', 'waitrose_Qty': '100g', 'waitrose_discounted_price': '£3.00', 'waitrose_offer_desc': 'Save 1/3.', 'waitrose_url': 'https://www.waitrose.com/ecom/shop/browse/groceries/toiletries_health_and_beauty/hair_care/shampoo', 'waitrose_rating': None, 'waitrose_unit_price': '(£3/100g)', 'waitrose_new_flag': None, 'waitrose_prod_name': 'Eco Warrior Shampoo Bar 100g', 'images': []}
DEBUG: Scraped from <200 https://www.waitrose.com/ecom/shop/browse/groceries/toiletries_health_and_beauty/hair_care/shampoo>
{'client': 'Waitrose', 'time': datetime.datetime(2020, 8, 22, 12, 18, 10, 366000), 'category': 'Shampoo', 'id': 'tPp426973-298983-298984', 'prod_name': 'Head & Shoulders 2in1 Apple Fresh', 'waitrose_Qty': '450ml', 'waitrose_discounted_price': '£3.33', 'waitrose_offer_desc': 'Save 1/3.', 'waitrose_url': 'https://www.waitrose.com/ecom/shop/browse/groceries/toiletries_health_and_beauty/hair_care/shampoo', 'waitrose_rating': None, 'waitrose_unit_price': '(74p/100ml)', 'waitrose_new_flag': None, 'waitrose_prod_name': 'Head & Shoulders 2in1 Apple Fresh 450ml', 'images': []}
DEBUG: Scraped from <200 https://www.waitrose.com/ecom/shop/browse/groceries/toiletries_health_and_beauty/hair_care/shampoo>
{'client': 'Waitrose', 'time': datetime.datetime(2020, 8, 22, 12, 18, 10, 366000), 'category': 'Shampoo', 'id': 'tPp047805-23664-23665', 'prod_name': 'Avalon Organics tea tree shampoo', 'waitrose_Qty': '325ml', 'waitrose_discounted_price': '£7.00', 'waitrose_offer_desc': 'Add 2 for £11', 'waitrose_url': 'https://www.waitrose.com/ecom/shop/browse/groceries/toiletries_health_and_beauty/hair_care/shampoo', 'waitrose_rating': '4.9', 'waitrose_unit_price': '(£2.16/100ml)', 'waitrose_new_flag': None, 'waitrose_prod_name': 'Avalon Organics tea tree shampoo 325ml', 'images': []}
DEBUG: Scraped from <200 https://www.waitrose.com/ecom/shop/browse/groceries/toiletries_health_and_beauty/hair_care/shampoo>
{'client': 'Waitrose', 'time': datetime.datetime(2020, 8, 22, 12, 18, 10, 366000), 'category': 'Shampoo', 'id': 'tPp432893-216691-216692', 'prod_name': 'Head & Shoulders Shampoo Apple Fresh', 'waitrose_Qty': '500ml', 'waitrose_discounted_price': '£3.43', 'waitrose_offer_desc': 'Save 1/3.', 'waitrose_url': 'https://www.waitrose.com/ecom/shop/browse/groceries/toiletries_health_and_beauty/hair_care/shampoo', 'waitrose_rating': None, 'waitrose_unit_price': '(68.6p/100ml)', 'waitrose_new_flag': None, 'waitrose_prod_name': 'Head & Shoulders Shampoo Apple Fresh 500ml', 'images': []}
DEBUG: Scraped from <200 https://www.waitrose.com/ecom/shop/browse/groceries/toiletries_health_and_beauty/hair_care/shampoo>
{'client': 'Waitrose', 'time': datetime.datetime(2020, 8, 22, 12, 18, 10, 366000), 'category': 'Shampoo', 'id': 'tPp735751-154731-154732', 'prod_name': 'Aussie aussome volume shampoo', 'waitrose_Qty': '500ml', 'waitrose_discounted_price': '£6.10', 'waitrose_offer_desc': 'Add 2 for £9', 'waitrose_url': 'https://www.waitrose.com/ecom/shop/browse/groceries/toiletries_health_and_beauty/hair_care/shampoo', 'waitrose_rating': None, 'waitrose_unit_price': '(£1.22/100ml)', 'waitrose_new_flag': None, 'waitrose_prod_name': 'Aussie aussome volume shampoo 500ml', 'images': []}
DEBUG: Scraped from <200 https://www.waitrose.com/ecom/shop/browse/groceries/toiletries_health_and_beauty/hair_care/shampoo>
{'client': 'Waitrose', 'time': datetime.datetime(2020, 8, 22, 12, 18, 10, 366000), 'category': 'Shampoo', 'id': 'tPp810302-683828-683829', 'prod_name': 'Herbal Essences Deep Repair Shampoo', 'waitrose_Qty': '400ml', 'waitrose_discounted_price': '£4.50', 'waitrose_offer_desc': 'Add 2 for £6', 'waitrose_url': 'https://www.waitrose.com/ecom/shop/browse/groceries/toiletries_health_and_beauty/hair_care/shampoo', 'waitrose_rating': None, 'waitrose_unit_price': '(£1.13/100ml)', 'waitrose_new_flag': None, 'waitrose_prod_name': 'Herbal Essences Deep Repair Shampoo 400ml', 'images': []}
DEBUG: Scraped from <200 https://www.waitrose.com/ecom/shop/browse/groceries/toiletries_health_and_beauty/hair_care/shampoo>
{'client': 'Waitrose', 'time': datetime.datetime(2020, 8, 22, 12, 18, 10, 366000), 'category': 'Shampoo', 'id': 'tPp027940-13599-13600', 'prod_name': 'Avalon Organics lemon shampoo', 'waitrose_Qty': '325ml', 'waitrose_discounted_price': '£7.00', 'waitrose_offer_desc': 'Add 2 for £11', 'waitrose_url': 'https://www.waitrose.com/ecom/shop/browse/groceries/toiletries_health_and_beauty/hair_care/shampoo', 'waitrose_rating': '3.6', 'waitrose_unit_price': '(£2.16/100ml)', 'waitrose_new_flag': None, 'waitrose_prod_name': 'Avalon Organics lemon shampoo 325ml', 'images': []}
DEBUG: Scraped from <200 https://www.waitrose.com/ecom/shop/browse/groceries/toiletries_health_and_beauty/hair_care/shampoo>
{'client': 'Waitrose', 'time': datetime.datetime(2020, 8, 22, 12, 18, 10, 366000), 'category': 'Shampoo', 'id': 'tPp740653-352034-352035', 'prod_name': 'essential Waitrose Anti-Dandruff 2 in 1', 'waitrose_Qty': '300ml', 'waitrose_discounted_price': '£1.00', 'waitrose_offer_desc': None, 'waitrose_url': 'https://www.waitrose.com/ecom/shop/browse/groceries/toiletries_health_and_beauty/hair_care/shampoo', 'waitrose_rating': '4', 'waitrose_unit_price': '(33.3p/100ml)', 'waitrose_new_flag': None, 'waitrose_prod_name': 'essential Waitrose Anti-Dandruff 2 in 1 300ml', 'images': []}
DEBUG: Scraped from <200 https://www.waitrose.com/ecom/shop/browse/groceries/toiletries_health_and_beauty/hair_care/shampoo>
{'client': 'Waitrose', 'time': datetime.datetime(2020, 8, 22, 12, 18, 10, 366000), 'category': 'Shampoo', 'id': 'tPp662395-154665-154666', 'prod_name': 'Aussie colour mate shampoo', 'waitrose_Qty': '500ml', 'waitrose_discounted_price': '£6.15', 'waitrose_offer_desc': 'Add 2 for £9', 'waitrose_url': 'https://www.waitrose.com/ecom/shop/browse/groceries/toiletries_health_and_beauty/hair_care/shampoo', 'waitrose_rating': None, 'waitrose_unit_price': '(£1.23/100ml)', 'waitrose_new_flag': None, 'waitrose_prod_name': 'Aussie colour mate shampoo 500ml', 'images': []}
DEBUG: Scraped from <200 https://www.waitrose.com/ecom/shop/browse/groceries/toiletries_health_and_beauty/hair_care/shampoo>
{'client': 'Waitrose', 'time': datetime.datetime(2020, 8, 22, 12, 18, 10, 366000), 'category': 'Shampoo', 'id': 'tPp721134-337091-337092', 'prod_name': 'Aussie miracle shine shampoo', 'waitrose_Qty': '500ml', 'waitrose_discounted_price': '£6.00', 'waitrose_offer_desc': 'Add 2 for £9', 'waitrose_url': 'https://www.waitrose.com/ecom/shop/browse/groceries/toiletries_health_and_beauty/hair_care/shampoo', 'waitrose_rating': None, 'waitrose_unit_price': '(£1.20/100ml)', 'waitrose_new_flag': None, 'waitrose_prod_name': 'Aussie miracle shine shampoo 500ml', 'images': []}
DEBUG: Scraped from <200 https://www.waitrose.com/ecom/shop/browse/groceries/toiletries_health_and_beauty/hair_care/shampoo>
{'client': 'Waitrose', 'time': datetime.datetime(2020, 8, 22, 12, 18, 10, 366000), 'category': 'Shampoo', 'id': 'tPp867514-720387-720388', 'prod_name': 'Head & Shoulders Coconut Shampoo', 'waitrose_Qty': '500ml', 'waitrose_discounted_price': '£3.33', 'waitrose_offer_desc': 'Save 1/3.', 'waitrose_url': 'https://www.waitrose.com/ecom/shop/browse/groceries/toiletries_health_and_beauty/hair_care/shampoo', 'waitrose_rating': None, 'waitrose_unit_price': '(66.6p/100ml)', 'waitrose_new_flag': None, 'waitrose_prod_name': 'Head & Shoulders Coconut Shampoo 500ml', 'images': []}
DEBUG: Scraped from <200 https://www.waitrose.com/ecom/shop/browse/groceries/toiletries_health_and_beauty/hair_care/shampoo>
{'client': 'Waitrose', 'time': datetime.datetime(2020, 8, 22, 12, 18, 10, 366000), 'category': 'Shampoo', 'id': 'tPp790782-694215-694216', 'prod_name': 'Pantene 3in1 Smooth & Sleek', 'waitrose_Qty': '450ml', 'waitrose_discounted_price': '£3.75', 'waitrose_offer_desc': 'Add 2 for £5', 'waitrose_url': 'https://www.waitrose.com/ecom/shop/browse/groceries/toiletries_health_and_beauty/hair_care/shampoo', 'waitrose_rating': None, 'waitrose_unit_price': '(83.3p/100ml)', 'waitrose_new_flag': None, 'waitrose_prod_name': 'Pantene 3in1 Smooth & Sleek 450ml', 'images': []}
DEBUG: Scraped from <200 https://www.waitrose.com/ecom/shop/browse/groceries/toiletries_health_and_beauty/hair_care/shampoo>
{'client': 'Waitrose', 'time': datetime.datetime(2020, 8, 22, 12, 18, 10, 366000), 'category': 'Shampoo', 'id': 'tPp799806-683814-683815', 'prod_name': 'Tresemmé Shampoo Moisture Rich', 'waitrose_Qty': '800ml', 'waitrose_discounted_price': '£5.50', 'waitrose_offer_desc': None, 'waitrose_url': 'https://www.waitrose.com/ecom/shop/browse/groceries/toiletries_health_and_beauty/hair_care/shampoo', 'waitrose_rating': None, 'waitrose_unit_price': '(68.8p/100ml)', 'waitrose_new_flag': None, 'waitrose_prod_name': 'Tresemmé Shampoo Moisture Rich 800ml', 'images': []}
DEBUG: Scraped from <200 https://www.waitrose.com/ecom/shop/browse/groceries/toiletries_health_and_beauty/hair_care/shampoo>
{'client': 'Waitrose', 'time': datetime.datetime(2020, 8, 22, 12, 18, 10, 366000), 'category': 'Shampoo', 'id': 'tPp778297-720309-720310', 'prod_name': 'Pantene Grow Strong Shampoo', 'waitrose_Qty': '400ml', 'waitrose_discounted_price': '£3.75', 'waitrose_offer_desc': 'Add 2 for £5', 'waitrose_url': 'https://www.waitrose.com/ecom/shop/browse/groceries/toiletries_health_and_beauty/hair_care/shampoo', 'waitrose_rating': None, 'waitrose_unit_price': '(93.8p/100ml)', 'waitrose_new_flag': None, 'waitrose_prod_name': 'Pantene Grow Strong Shampoo 400ml', 'images': []}
DEBUG: Scraped from <200 https://www.waitrose.com/ecom/shop/browse/groceries/toiletries_health_and_beauty/hair_care/shampoo>
{'client': 'Waitrose', 'time': datetime.datetime(2020, 8, 22, 12, 18, 10, 366000), 'category': 'Shampoo', 'id': 'tPp863078-695988-695989', 'prod_name': 'Pantene Hair Biology Full & Vibrant', 'waitrose_Qty': '250ml', 'waitrose_discounted_price': '£2.99', 'waitrose_offer_desc': 'Save 1/3.', 'waitrose_url': 'https://www.waitrose.com/ecom/shop/browse/groceries/toiletries_health_and_beauty/hair_care/shampoo', 'waitrose_rating': None, 'waitrose_unit_price': '(£1.20/100ml)', 'waitrose_new_flag': None, 'waitrose_prod_name': 'Pantene Hair Biology Full & Vibrant 250ml', 'images': []}
DEBUG: Scraped from <200 https://www.waitrose.com/ecom/shop/browse/groceries/toiletries_health_and_beauty/hair_care/shampoo>
{'client': 'Waitrose', 'time': datetime.datetime(2020, 8, 22, 12, 18, 10, 366000), 'category': 'Shampoo', 'id': 'tPp480888-154495-154496', 'prod_name': 'Head & Shoulders Smooth Shampoo', 'waitrose_Qty': '500ml', 'waitrose_discounted_price': '£3.43', 'waitrose_offer_desc': 'Save 1/3.', 'waitrose_url': 'https://www.waitrose.com/ecom/shop/browse/groceries/toiletries_health_and_beauty/hair_care/shampoo', 'waitrose_rating': None, 'waitrose_unit_price': '(68.6p/100ml)', 'waitrose_new_flag': None, 'waitrose_prod_name': 'Head & Shoulders Smooth Shampoo 500ml', 'images': []}
DEBUG: Scraped from <200 https://www.waitrose.com/ecom/shop/browse/groceries/toiletries_health_and_beauty/hair_care/shampoo>
{'client': 'Waitrose', 'time': datetime.datetime(2020, 8, 22, 12, 18, 10, 366000), 'category': 'Shampoo', 'id': 'tPp062495-31737-31738', 'prod_name': 'Neutrogena T/Gel shampoo dry hair', 'waitrose_Qty': '125ml', 'waitrose_discounted_price': '£5.15', 'waitrose_offer_desc': None, 'waitrose_url': 'https://www.waitrose.com/ecom/shop/browse/groceries/toiletries_health_and_beauty/hair_care/shampoo', 'waitrose_rating': None, 'waitrose_unit_price': '(£4.12/100ml)', 'waitrose_new_flag': None, 'waitrose_prod_name': 'Neutrogena T/Gel shampoo dry hair 125ml', 'images': []}
DEBUG: Scraped from <200 https://www.waitrose.com/ecom/shop/browse/groceries/toiletries_health_and_beauty/hair_care/shampoo>
{'client': 'Waitrose', 'time': datetime.datetime(2020, 8, 22, 12, 18, 10, 366000), 'category': 'Shampoo', 'id': 'tPp092708-47659-47660', 'prod_name': 'Vosene Original Shampoo', 'waitrose_Qty': '250ml', 'waitrose_discounted_price': '£2.05', 'waitrose_offer_desc': None, 'waitrose_url': 'https://www.waitrose.com/ecom/shop/browse/groceries/toiletries_health_and_beauty/hair_care/shampoo', 'waitrose_rating': '5', 'waitrose_unit_price': '(82p/100ml)', 'waitrose_new_flag': None, 'waitrose_prod_name': 'Vosene Original Shampoo 250ml', 'images': []}
DEBUG: Scraped from <200 https://www.waitrose.com/ecom/shop/browse/groceries/toiletries_health_and_beauty/hair_care/shampoo>
{'client': 'Waitrose', 'time': datetime.datetime(2020, 8, 22, 12, 18, 10, 366000), 'category': 'Shampoo', 'id': 'tPp011495-5706-5707', 'prod_name': 'John Frieda Shampoo Touchably Full', 'waitrose_Qty': '250ml', 'waitrose_discounted_price': '£6.00', 'waitrose_offer_desc': None, 'waitrose_url': 'https://www.waitrose.com/ecom/shop/browse/groceries/toiletries_health_and_beauty/hair_care/shampoo', 'waitrose_rating': '4', 'waitrose_unit_price': '(£2.40/100ml)', 'waitrose_new_flag': None, 'waitrose_prod_name': 'John Frieda Shampoo Touchably Full 250ml', 'images': []}
DEBUG: Scraped from <200 https://www.waitrose.com/ecom/shop/browse/groceries/toiletries_health_and_beauty/hair_care/shampoo>
{'client': 'Waitrose', 'time': datetime.datetime(2020, 8, 22, 12, 18, 10, 366000), 'category': 'Shampoo', 'id': 'tPp464815-154487-154488', 'prod_name': 'Batiste original dry shampoo', 'waitrose_Qty': '200ml', 'waitrose_discounted_price': '£3.00', 'waitrose_offer_desc': None, 'waitrose_url': 'https://www.waitrose.com/ecom/shop/browse/groceries/toiletries_health_and_beauty/hair_care/shampoo', 'waitrose_rating': '5', 'waitrose_unit_price': '(£1.50/100ml)', 'waitrose_new_flag': None, 'waitrose_prod_name': 'Batiste original dry shampoo 200ml', 'images': []}
DEBUG: Scraped from <200 https://www.waitrose.com/ecom/shop/browse/groceries/toiletries_health_and_beauty/hair_care/shampoo>
{'client': 'Waitrose', 'time': datetime.datetime(2020, 8, 22, 12, 18, 10, 366000), 'category': 'Shampoo', 'id': 'tPp714629-729752-729753', 'prod_name': 'OGX Keratin Oil Shampoo', 'waitrose_Qty': '385ml', 'waitrose_discounted_price': '£7.00', 'waitrose_offer_desc': 'Add 2 for £10', 'waitrose_url': 'https://www.waitrose.com/ecom/shop/browse/groceries/toiletries_health_and_beauty/hair_care/shampoo', 'waitrose_rating': None, 'waitrose_unit_price': '(£1.82/100ml)', 'waitrose_new_flag': 'NEW', 'waitrose_prod_name': 'OGX Keratin Oil Shampoo 385ml', 'images': []}
DEBUG: Scraped from <200 https://www.waitrose.com/ecom/shop/browse/groceries/toiletries_health_and_beauty/hair_care/shampoo>
{'client': 'Waitrose', 'time': datetime.datetime(2020, 8, 22, 12, 18, 10, 366000), 'category': 'Shampoo', 'id': 'tPp480728-631267-631268', 'prod_name': 'Ogx Orchid Oil Shampoo', 'waitrose_Qty': '385ml', 'waitrose_discounted_price': '£7.00', 'waitrose_offer_desc': 'Add 2 for £10', 'waitrose_url': 'https://www.waitrose.com/ecom/shop/browse/groceries/toiletries_health_and_beauty/hair_care/shampoo', 'waitrose_rating': '5', 'waitrose_unit_price': '(£1.82/100ml)', 'waitrose_new_flag': None, 'waitrose_prod_name': 'Ogx Orchid Oil Shampoo 385ml', 'images': []}
DEBUG: Scraped from <200 https://www.waitrose.com/ecom/shop/browse/groceries/toiletries_health_and_beauty/hair_care/shampoo>
{'client': 'Waitrose', 'time': datetime.datetime(2020, 8, 22, 12, 18, 10, 366000), 'category': 'Shampoo', 'id': 'tPp076232-38732-38733', 'prod_name': 'AOrganic Lavender Shampoo', 'waitrose_Qty': '325ml', 'waitrose_discounted_price': '£7.00', 'waitrose_offer_desc': 'Add 2 for £11', 'waitrose_url': 'https://www.waitrose.com/ecom/shop/browse/groceries/toiletries_health_and_beauty/hair_care/shampoo', 'waitrose_rating': '3.8', 'waitrose_unit_price': '(£2.16/100ml)', 'waitrose_new_flag': None, 'waitrose_prod_name': 'AOrganic Lavender Shampoo 325ml', 'images': []}
DEBUG: Scraped from <200 https://www.waitrose.com/ecom/shop/browse/groceries/toiletries_health_and_beauty/hair_care/shampoo>
{'client': 'Waitrose', 'time': datetime.datetime(2020, 8, 22, 12, 18, 10, 366000), 'category': 'Shampoo', 'id': 'tPp059421-29947-29948', 'prod_name': 'Aussie Aussome Volume Shampoo', 'waitrose_Qty': '300ml', 'waitrose_discounted_price': '£4.00', 'waitrose_offer_desc': None, 'waitrose_url': 'https://www.waitrose.com/ecom/shop/browse/groceries/toiletries_health_and_beauty/hair_care/shampoo', 'waitrose_rating': '5', 'waitrose_unit_price': '(£1.34/100ml)', 'waitrose_new_flag': None, 'waitrose_prod_name': 'Aussie Aussome Volume Shampoo 300ml', 'images': []}
DEBUG: Scraped from <200 https://www.waitrose.com/ecom/shop/browse/groceries/toiletries_health_and_beauty/hair_care/shampoo>
{'client': 'Waitrose', 'time': datetime.datetime(2020, 8, 22, 12, 18, 10, 366000), 'category': 'Shampoo', 'id': 'tPp694392-98595-98596', 'prod_name': 'Head & Shoulders Shampoo Cool Menthol', 'waitrose_Qty': '500ml', 'waitrose_discounted_price': '£3.43', 'waitrose_offer_desc': 'Save 1/3.', 'waitrose_url': 'https://www.waitrose.com/ecom/shop/browse/groceries/toiletries_health_and_beauty/hair_care/shampoo', 'waitrose_rating': None, 'waitrose_unit_price': '(68.6p/100ml)', 'waitrose_new_flag': None, 'waitrose_prod_name': 'Head & Shoulders Shampoo Cool Menthol 500ml', 'images': []}
DEBUG: Scraped from <200 https://www.waitrose.com/ecom/shop/browse/groceries/toiletries_health_and_beauty/hair_care/shampoo>
{'client': 'Waitrose', 'time': datetime.datetime(2020, 8, 22, 12, 18, 10, 366000), 'category': 'Shampoo', 'id': 'tPp724972-694185-694186', 'prod_name': 'Pantene 3in1 Repair & Protect', 'waitrose_Qty': '450ml', 'waitrose_discounted_price': '£3.75', 'waitrose_offer_desc': 'Add 2 for £5', 'waitrose_url': 'https://www.waitrose.com/ecom/shop/browse/groceries/toiletries_health_and_beauty/hair_care/shampoo', 'waitrose_rating': None, 'waitrose_unit_price': '(83.3p/100ml)', 'waitrose_new_flag': None, 'waitrose_prod_name': 'Pantene 3in1 Repair & Protect 450ml', 'images': []}
DEBUG: Scraped from <200 https://www.waitrose.com/ecom/shop/browse/groceries/toiletries_health_and_beauty/hair_care/shampoo>
{'client': 'Waitrose', 'time': datetime.datetime(2020, 8, 22, 12, 18, 10, 366000), 'category': 'Shampoo', 'id': 'tPp834106-299691-299692', 'prod_name': 'Head & Shoulders 2in1 smooth & silky', 'waitrose_Qty': '450ml', 'waitrose_discounted_price': '£3.33', 'waitrose_offer_desc': 'Save 1/3.', 'waitrose_url': 'https://www.waitrose.com/ecom/shop/browse/groceries/toiletries_health_and_beauty/hair_care/shampoo', 'waitrose_rating': None, 'waitrose_unit_price': '(74p/100ml)', 'waitrose_new_flag': None, 'waitrose_prod_name': 'Head & Shoulders 2in1 smooth & silky 450ml', 'images': []}
DEBUG: Scraped from <200 https://www.waitrose.com/ecom/shop/browse/groceries/toiletries_health_and_beauty/hair_care/shampoo>
{'client': 'Waitrose', 'time': datetime.datetime(2020, 8, 22, 12, 18, 10, 366000), 'category': 'Shampoo', 'id': 'tPp775870-724036-724037', 'prod_name': 'Faith in Nature Wild Rose Shampoo', 'waitrose_Qty': '400ml', 'waitrose_discounted_price': '£5.79', 'waitrose_offer_desc': None, 'waitrose_url': 'https://www.waitrose.com/ecom/shop/browse/groceries/toiletries_health_and_beauty/hair_care/shampoo', 'waitrose_rating': '5', 'waitrose_unit_price': '(£1.45/100ml)', 'waitrose_new_flag': None, 'waitrose_prod_name': 'Faith in Nature Wild Rose Shampoo 400ml', 'images': []}
DEBUG: Scraped from <200 https://www.waitrose.com/ecom/shop/browse/groceries/toiletries_health_and_beauty/hair_care/shampoo>
{'client': 'Waitrose', 'time': datetime.datetime(2020, 8, 22, 12, 18, 10, 366000), 'category': 'Shampoo', 'id': 'tPp595050-720203-720204', 'prod_name': 'Herbal Essences Coconut Shampoo', 'waitrose_Qty': '250ml', 'waitrose_discounted_price': '£3.00', 'waitrose_offer_desc': None, 'waitrose_url': 'https://www.waitrose.com/ecom/shop/browse/groceries/toiletries_health_and_beauty/hair_care/shampoo', 'waitrose_rating': None, 'waitrose_unit_price': '(£1.20/100ml)', 'waitrose_new_flag': None, 'waitrose_prod_name': 'Herbal Essences Coconut Shampoo 250ml', 'images': []}
DEBUG: Scraped from <200 https://www.waitrose.com/ecom/shop/browse/groceries/toiletries_health_and_beauty/hair_care/shampoo>
{'client': 'Waitrose', 'time': datetime.datetime(2020, 8, 22, 12, 18, 10, 366000), 'category': 'Shampoo', 'id': 'tPp639145-337007-337008', 'prod_name': 'Tresemmé Shampoo Deep Cleansing', 'waitrose_Qty': '800ml', 'waitrose_discounted_price': '£5.50', 'waitrose_offer_desc': None, 'waitrose_url': 'https://www.waitrose.com/ecom/shop/browse/groceries/toiletries_health_and_beauty/hair_care/shampoo', 'waitrose_rating': '5', 'waitrose_unit_price': '(68.8p/100ml)', 'waitrose_new_flag': None, 'waitrose_prod_name': 'Tresemmé Shampoo Deep Cleansing 800ml', 'images': []}
DEBUG: Scraped from <200 https://www.waitrose.com/ecom/shop/browse/groceries/toiletries_health_and_beauty/hair_care/shampoo>
{'client': 'Waitrose', 'time': datetime.datetime(2020, 8, 22, 12, 18, 10, 366000), 'category': 'Shampoo', 'id': 'tPp836383-271490-271491', 'prod_name': 'Head & Shoulders 2in1 citrus care', 'waitrose_Qty': '450ml', 'waitrose_discounted_price': '£3.43', 'waitrose_offer_desc': 'Save 1/3.', 'waitrose_url': 'https://www.waitrose.com/ecom/shop/browse/groceries/toiletries_health_and_beauty/hair_care/shampoo', 'waitrose_rating': None, 'waitrose_unit_price': '(76.2p/100ml)', 'waitrose_new_flag': None, 'waitrose_prod_name': 'Head & Shoulders 2in1 citrus care 450ml', 'images': []}
DEBUG: Scraped from <200 https://www.waitrose.com/ecom/shop/browse/groceries/toiletries_health_and_beauty/hair_care/shampoo>
{'client': 'Waitrose', 'time': datetime.datetime(2020, 8, 22, 12, 18, 10, 366000), 'category': 'Shampoo', 'id': 'tPp610920-86669-86670', 'prod_name': 'Sheer Blonde Go Blonder Shampoo', 'waitrose_Qty': '250ml', 'waitrose_discounted_price': '£6.00', 'waitrose_offer_desc': None, 'waitrose_url': 'https://www.waitrose.com/ecom/shop/browse/groceries/toiletries_health_and_beauty/hair_care/shampoo', 'waitrose_rating': '3.5', 'waitrose_unit_price': '(£2.40/100ml)', 'waitrose_new_flag': None, 'waitrose_prod_name': 'Sheer Blonde Go Blonder Shampoo 250ml', 'images': []}
DEBUG: Scraped from <200 https://www.waitrose.com/ecom/shop/browse/groceries/toiletries_health_and_beauty/hair_care/shampoo>
{'client': 'Waitrose', 'time': datetime.datetime(2020, 8, 22, 12, 18, 10, 366000), 'category': 'Shampoo', 'id': 'tPp486943-68769-68770', 'prod_name': 'Head & Shoulders 2in1 classic clean', 'waitrose_Qty': '225ml', 'waitrose_discounted_price': '£3.00', 'waitrose_offer_desc': None, 'waitrose_url': 'https://www.waitrose.com/ecom/shop/browse/groceries/toiletries_health_and_beauty/hair_care/shampoo', 'waitrose_rating': '4', 'waitrose_unit_price': '(£1.34/100ml)', 'waitrose_new_flag': None, 'waitrose_prod_name': 'Head & Shoulders 2in1 classic clean 225ml', 'images': []}
DEBUG: Scraped from <200 https://www.waitrose.com/ecom/shop/browse/groceries/toiletries_health_and_beauty/hair_care/shampoo>
{'client': 'Waitrose', 'time': datetime.datetime(2020, 8, 22, 12, 18, 10, 366000), 'category': 'Shampoo', 'id': 'tPp554742-695503-695504', 'prod_name': 'Umberto Giannini Violet Shampoo', 'waitrose_Qty': '250ml', 'waitrose_discounted_price': '£8.00', 'waitrose_offer_desc': None, 'waitrose_url': 'https://www.waitrose.com/ecom/shop/browse/groceries/toiletries_health_and_beauty/hair_care/shampoo', 'waitrose_rating': None, 'waitrose_unit_price': '(£3.20/100ml)', 'waitrose_new_flag': None, 'waitrose_prod_name': 'Umberto Giannini Violet Shampoo 250ml', 'images': []}
DEBUG: Scraped from <200 https://www.waitrose.com/ecom/shop/browse/groceries/toiletries_health_and_beauty/hair_care/shampoo>
{'client': 'Waitrose', 'time': datetime.datetime(2020, 8, 22, 12, 18, 10, 366000), 'category': 'Shampoo', 'id': 'tPp725068-723986-723987', 'prod_name': 'Faith in Nature Lavender Shampoo', 'waitrose_Qty': '400ml', 'waitrose_discounted_price': '£5.79', 'waitrose_offer_desc': None, 'waitrose_url': 'https://www.waitrose.com/ecom/shop/browse/groceries/toiletries_health_and_beauty/hair_care/shampoo', 'waitrose_rating': None, 'waitrose_unit_price': '(£1.45/100ml)', 'waitrose_new_flag': None, 'waitrose_prod_name': 'Faith in Nature Lavender Shampoo 400ml', 'images': []}
DEBUG: Scraped from <200 https://www.waitrose.com/ecom/shop/browse/groceries/toiletries_health_and_beauty/hair_care/shampoo>
{'client': 'Waitrose', 'time': datetime.datetime(2020, 8, 22, 12, 18, 10, 366000), 'category': 'Shampoo', 'id': 'tPp425163-526469-526470', 'prod_name': 'Frizz Ease Shampoo Miraculous Recovery', 'waitrose_Qty': '250ml', 'waitrose_discounted_price': '£6.00', 'waitrose_offer_desc': None, 'waitrose_url': 'https://www.waitrose.com/ecom/shop/browse/groceries/toiletries_health_and_beauty/hair_care/shampoo', 'waitrose_rating': None, 'waitrose_unit_price': '(£2.40/100ml)', 'waitrose_new_flag': None, 'waitrose_prod_name': 'Frizz Ease Shampoo Miraculous Recovery 250ml', 'images': []}
DEBUG: Scraped from <200 https://www.waitrose.com/ecom/shop/browse/groceries/toiletries_health_and_beauty/hair_care/shampoo>
{'client': 'Waitrose', 'time': datetime.datetime(2020, 8, 22, 12, 18, 10, 366000), 'category': 'Shampoo', 'id': 'tPp575547-494836-494837', 'prod_name': 'DGJ Thickening Shampoo', 'waitrose_Qty': '250ml', 'waitrose_discounted_price': '£5.00', 'waitrose_offer_desc': None, 'waitrose_url': 'https://www.waitrose.com/ecom/shop/browse/groceries/toiletries_health_and_beauty/hair_care/shampoo', 'waitrose_rating': '5', 'waitrose_unit_price': '(£2/100ml)', 'waitrose_new_flag': None, 'waitrose_prod_name': 'DGJ Thickening Shampoo 250ml', 'images': []}
DEBUG: Scraped from <200 https://www.waitrose.com/ecom/shop/browse/groceries/toiletries_health_and_beauty/hair_care/shampoo>
{'client': 'Waitrose', 'time': datetime.datetime(2020, 8, 22, 12, 18, 10, 366000), 'category': 'Shampoo', 'id': 'tPp096508-49364-49365', 'prod_name': 'Aussie Miracle Moist Shampoo', 'waitrose_Qty': '300ml', 'waitrose_discounted_price': '£4.10', 'waitrose_offer_desc': None, 'waitrose_url': 'https://www.waitrose.com/ecom/shop/browse/groceries/toiletries_health_and_beauty/hair_care/shampoo', 'waitrose_rating': '3.7', 'waitrose_unit_price': '(£1.37/100ml)', 'waitrose_new_flag': None, 'waitrose_prod_name': 'Aussie Miracle Moist Shampoo 300ml', 'images': []}
DEBUG: Scraped from <200 https://www.waitrose.com/ecom/shop/browse/groceries/toiletries_health_and_beauty/hair_care/shampoo>
{'client': 'Waitrose', 'time': datetime.datetime(2020, 8, 22, 12, 18, 10, 366000), 'category': 'Shampoo', 'id': 'tPp096232-49248-49249', 'prod_name': 'Aussie Mega Shampoo', 'waitrose_Qty': '300ml', 'waitrose_discounted_price': '£4.10', 'waitrose_offer_desc': None, 'waitrose_url': 'https://www.waitrose.com/ecom/shop/browse/groceries/toiletries_health_and_beauty/hair_care/shampoo', 'waitrose_rating': '2.5', 'waitrose_unit_price': '(£1.37/100ml)', 'waitrose_new_flag': None, 'waitrose_prod_name': 'Aussie Mega Shampoo 300ml', 'images': []}
DEBUG: Scraped from <200 https://www.waitrose.com/ecom/shop/browse/groceries/toiletries_health_and_beauty/hair_care/shampoo>
{'client': 'Waitrose', 'time': datetime.datetime(2020, 8, 22, 12, 18, 10, 366000), 'category': 'Shampoo', 'id': 'tPp433216-720111-720112', 'prod_name': 'John Frieda Hydrate & Recharge Shampoo', 'waitrose_Qty': '250ml', 'waitrose_discounted_price': '£5.99', 'waitrose_offer_desc': None, 'waitrose_url': 'https://www.waitrose.com/ecom/shop/browse/groceries/toiletries_health_and_beauty/hair_care/shampoo', 'waitrose_rating': None, 'waitrose_unit_price': '(£2.40/100ml)', 'waitrose_new_flag': None, 'waitrose_prod_name': 'John Frieda Hydrate & Recharge Shampoo 250ml', 'images': []}
DEBUG: Scraped from <200 https://www.waitrose.com/ecom/shop/browse/groceries/toiletries_health_and_beauty/hair_care/shampoo>
{'client': 'Waitrose', 'time': datetime.datetime(2020, 8, 22, 12, 18, 10, 366000), 'category': 'Shampoo', 'id': 'tPp425124-59787-59788', 'prod_name': 'Brilliant Brunette Protecting Shampoo', 'waitrose_Qty': '250ml', 'waitrose_discounted_price': '£6.00', 'waitrose_offer_desc': None, 'waitrose_url': 'https://www.waitrose.com/ecom/shop/browse/groceries/toiletries_health_and_beauty/hair_care/shampoo', 'waitrose_rating': None, 'waitrose_unit_price': '(£2.40/100ml)', 'waitrose_new_flag': None, 'waitrose_prod_name': 'Brilliant Brunette Protecting Shampoo 250ml', 'images': []}
DEBUG: Scraped from <200 https://www.waitrose.com/ecom/shop/browse/groceries/toiletries_health_and_beauty/hair_care/shampoo>
{'client': 'Waitrose', 'time': datetime.datetime(2020, 8, 22, 12, 18, 10, 366000), 'category': 'Shampoo', 'id': 'tPp032765-16025-16026', 'prod_name': "L'Oréal kids shampoo berry strawberry", 'waitrose_Qty': '250ml', 'waitrose_discounted_price': '£2.00', 'waitrose_offer_desc': None, 'waitrose_url': 'https://www.waitrose.com/ecom/shop/browse/groceries/toiletries_health_and_beauty/hair_care/shampoo', 'waitrose_rating': None, 'waitrose_unit_price': '(80p/100ml)', 'waitrose_new_flag': None, 'waitrose_prod_name': "L'Oréal kids shampoo berry strawberry 250ml", 'images': []}
DEBUG: Scraped from <200 https://www.waitrose.com/ecom/shop/browse/groceries/toiletries_health_and_beauty/hair_care/shampoo>
{'client': 'Waitrose', 'time': datetime.datetime(2020, 8, 22, 12, 18, 10, 366000), 'category': 'Shampoo', 'id': 'tPp405353-729640-729641', 'prod_name': 'Percy & Reed No-Fuss Dry Shampoo', 'waitrose_Qty': '200ml', 'waitrose_discounted_price': '£10.00', 'waitrose_offer_desc': 'Save 1/3.', 'waitrose_url': 'https://www.waitrose.com/ecom/shop/browse/groceries/toiletries_health_and_beauty/hair_care/shampoo', 'waitrose_rating': None, 'waitrose_unit_price': '(£5/100ml)', 'waitrose_new_flag': 'NEW', 'waitrose_prod_name': 'Percy & Reed No-Fuss Dry Shampoo 200ml', 'images': []}
DEBUG: Scraped from <200 https://www.waitrose.com/ecom/shop/browse/groceries/toiletries_health_and_beauty/hair_care/shampoo>
{'client': 'Waitrose', 'time': datetime.datetime(2020, 8, 22, 12, 18, 10, 366000), 'category': 'Shampoo', 'id': 'tPp855732-695986-695987', 'prod_name': 'Hair Biology De-Frizz Shampoo', 'waitrose_Qty': '250ml', 'waitrose_discounted_price': '£2.99', 'waitrose_offer_desc': 'Save 1/3.', 'waitrose_url': 'https://www.waitrose.com/ecom/shop/browse/groceries/toiletries_health_and_beauty/hair_care/shampoo', 'waitrose_rating': None, 'waitrose_unit_price': '(£1.20/100ml)', 'waitrose_new_flag': None, 'waitrose_prod_name': 'Hair Biology De-Frizz Shampoo 250ml', 'images': []}
DEBUG: Scraped from <200 https://www.waitrose.com/ecom/shop/browse/groceries/toiletries_health_and_beauty/hair_care/shampoo>
{'client': 'Waitrose', 'time': datetime.datetime(2020, 8, 22, 12, 18, 10, 366000), 'category': 'Shampoo', 'id': 'tPp567427-683666-683667', 'prod_name': 'Ogx Charcoal Detox Shampoo', 'waitrose_Qty': '385ml', 'waitrose_discounted_price': '£7.00', 'waitrose_offer_desc': 'Add 2 for £10', 'waitrose_url': 'https://www.waitrose.com/ecom/shop/browse/groceries/toiletries_health_and_beauty/hair_care/shampoo', 'waitrose_rating': None, 'waitrose_unit_price': '(£1.82/100ml)', 'waitrose_new_flag': None, 'waitrose_prod_name': 'Ogx Charcoal Detox Shampoo 385ml', 'images': []}
DEBUG: Scraped from <200 https://www.waitrose.com/ecom/shop/browse/groceries/toiletries_health_and_beauty/hair_care/shampoo>
{'client': 'Waitrose', 'time': datetime.datetime(2020, 8, 22, 12, 18, 10, 366000), 'category': 'Shampoo', 'id': 'tPp809690-337194-337195', 'prod_name': 'Head & Shoulders 2in1 Itchy Scalp', 'waitrose_Qty': '450ml', 'waitrose_discounted_price': '£3.43', 'waitrose_offer_desc': 'Save 1/3.', 'waitrose_url': 'https://www.waitrose.com/ecom/shop/browse/groceries/toiletries_health_and_beauty/hair_care/shampoo', 'waitrose_rating': '5', 'waitrose_unit_price': '(76.2p/100ml)', 'waitrose_new_flag': None, 'waitrose_prod_name': 'Head & Shoulders 2in1 Itchy Scalp 450ml', 'images': []}
DEBUG: Scraped from <200 https://www.waitrose.com/ecom/shop/browse/groceries/toiletries_health_and_beauty/hair_care/shampoo>
{'client': 'Waitrose', 'time': datetime.datetime(2020, 8, 22, 12, 18, 10, 366000), 'category': 'Shampoo', 'id': 'tPp871494-495182-495183', 'prod_name': 'DGJ Hairjuice Shampoo', 'waitrose_Qty': '250ml', 'waitrose_discounted_price': '£5.00', 'waitrose_offer_desc': None, 'waitrose_url': 'https://www.waitrose.com/ecom/shop/browse/groceries/toiletries_health_and_beauty/hair_care/shampoo', 'waitrose_rating': '5', 'waitrose_unit_price': '(£2/100ml)', 'waitrose_new_flag': None, 'waitrose_prod_name': 'DGJ Hairjuice Shampoo 250ml', 'images': []}
DEBUG: Scraped from <200 https://www.waitrose.com/ecom/shop/browse/groceries/toiletries_health_and_beauty/hair_care/shampoo>
{'client': 'Waitrose', 'time': datetime.datetime(2020, 8, 22, 12, 18, 10, 366000), 'category': 'Shampoo', 'id': 'tPp083596-42439-42440', 'prod_name': 'Aussie Colour Mate Shampoo', 'waitrose_Qty': '300ml', 'waitrose_discounted_price': '£4.10', 'waitrose_offer_desc': None, 'waitrose_url': 'https://www.waitrose.com/ecom/shop/browse/groceries/toiletries_health_and_beauty/hair_care/shampoo', 'waitrose_rating': '5', 'waitrose_unit_price': '(£1.37/100ml)', 'waitrose_new_flag': None, 'waitrose_prod_name': 'Aussie Colour Mate Shampoo 300ml', 'images': []}
DEBUG: Scraped from <200 https://www.waitrose.com/ecom/shop/browse/groceries/toiletries_health_and_beauty/hair_care/shampoo>
{'client': 'Waitrose', 'time': datetime.datetime(2020, 8, 22, 12, 18, 10, 366000), 'category': 'Shampoo', 'id': 'tPp852396-695857-695858', 'prod_name': 'BECO. Honey Blossom Shampoo Bar', 'waitrose_Qty': '90g', 'waitrose_discounted_price': '£4.00', 'waitrose_offer_desc': None, 'waitrose_url': 'https://www.waitrose.com/ecom/shop/browse/groceries/toiletries_health_and_beauty/hair_care/shampoo', 'waitrose_rating': '4.9', 'waitrose_unit_price': '(£4.45/100g)', 'waitrose_new_flag': None, 'waitrose_prod_name': 'BECO. Honey Blossom Shampoo Bar 90g', 'images': []}
DEBUG: Scraped from <200 https://www.waitrose.com/ecom/shop/browse/groceries/toiletries_health_and_beauty/hair_care/shampoo>
{'client': 'Waitrose', 'time': datetime.datetime(2020, 8, 22, 12, 18, 10, 366000), 'category': 'Shampoo', 'id': 'tPp844892-695845-695846', 'prod_name': 'Head & Shoulders Colour Protect', 'waitrose_Qty': '400ml', 'waitrose_discounted_price': '£5.00', 'waitrose_offer_desc': None, 'waitrose_url': 'https://www.waitrose.com/ecom/shop/browse/groceries/toiletries_health_and_beauty/hair_care/shampoo', 'waitrose_rating': None, 'waitrose_unit_price': '(£1.25/100ml)', 'waitrose_new_flag': None, 'waitrose_prod_name': 'Head & Shoulders Colour Protect 400ml', 'images': []}
DEBUG: Scraped from <200 https://www.waitrose.com/ecom/shop/browse/groceries/toiletries_health_and_beauty/hair_care/shampoo>
{'client': 'Waitrose', 'time': datetime.datetime(2020, 8, 22, 12, 18, 10, 366000), 'category': 'Shampoo', 'id': 'tPp756229-563906-563907', 'prod_name': 'Head & Shoulders 2 in 1 Total Care', 'waitrose_Qty': '225ml', 'waitrose_discounted_price': '£3.00', 'waitrose_offer_desc': None, 'waitrose_url': 'https://www.waitrose.com/ecom/shop/browse/groceries/toiletries_health_and_beauty/hair_care/shampoo', 'waitrose_rating': None, 'waitrose_unit_price': '(£1.34/100ml)', 'waitrose_new_flag': None, 'waitrose_prod_name': 'Head & Shoulders 2 in 1 Total Care 225ml', 'images': []}
DEBUG: Scraped from <200 https://www.waitrose.com/ecom/shop/browse/groceries/toiletries_health_and_beauty/hair_care/shampoo>
{'client': 'Waitrose', 'time': datetime.datetime(2020, 8, 22, 12, 18, 10, 366000), 'category': 'Shampoo', 'id': 'tPp402915-526384-526385', 'prod_name': 'John Frieda Violet Crush Shampoo', 'waitrose_Qty': '250ml', 'waitrose_discounted_price': '£6.00', 'waitrose_offer_desc': None, 'waitrose_url': 'https://www.waitrose.com/ecom/shop/browse/groceries/toiletries_health_and_beauty/hair_care/shampoo', 'waitrose_rating': '5', 'waitrose_unit_price': '(£2.40/100ml)', 'waitrose_new_flag': None, 'waitrose_prod_name': 'John Frieda Violet Crush Shampoo 250ml', 'images': []}
DEBUG: Scraped from <200 https://www.waitrose.com/ecom/shop/browse/groceries/toiletries_health_and_beauty/hair_care/shampoo>
{'client': 'Waitrose', 'time': datetime.datetime(2020, 8, 22, 12, 18, 10, 366000), 'category': 'Shampoo', 'id': 'tPp819563-729788-729789', 'prod_name': 'Aussie Blonde Purple Shampoo', 'waitrose_Qty': '290ml', 'waitrose_discounted_price': '£5.99', 'waitrose_offer_desc': None, 'waitrose_url': 'https://www.waitrose.com/ecom/shop/browse/groceries/toiletries_health_and_beauty/hair_care/shampoo', 'waitrose_rating': None, 'waitrose_unit_price': '(£2.07/100ml)', 'waitrose_new_flag': 'NEW', 'waitrose_prod_name': 'Aussie Blonde Purple Shampoo 290ml', 'images': []}
DEBUG: Scraped from <200 https://www.waitrose.com/ecom/shop/browse/groceries/toiletries_health_and_beauty/hair_care/shampoo>
{'client': 'Waitrose', 'time': datetime.datetime(2020, 8, 22, 12, 18, 10, 366000), 'category': 'Shampoo', 'id': 'tPp538896-720173-720174', 'prod_name': 'Herbal Essences Argan Oil Shampoo', 'waitrose_Qty': '250ml', 'waitrose_discounted_price': '£3.00', 'waitrose_offer_desc': None, 'waitrose_url': 'https://www.waitrose.com/ecom/shop/browse/groceries/toiletries_health_and_beauty/hair_care/shampoo', 'waitrose_rating': None, 'waitrose_unit_price': '(£1.20/100ml)', 'waitrose_new_flag': None, 'waitrose_prod_name': 'Herbal Essences Argan Oil Shampoo 250ml', 'images': []}
DEBUG: Scraped from <200 https://www.waitrose.com/ecom/shop/browse/groceries/toiletries_health_and_beauty/hair_care/shampoo>
{'client': 'Waitrose', 'time': datetime.datetime(2020, 8, 22, 12, 18, 10, 366000), 'category': 'Shampoo', 'id': 'tPp494340-69860-69861', 'prod_name': "Neal's Yard Rose Shampoo", 'waitrose_Qty': '200ml', 'waitrose_discounted_price': '£11.50', 'waitrose_offer_desc': None, 'waitrose_url': 'https://www.waitrose.com/ecom/shop/browse/groceries/toiletries_health_and_beauty/hair_care/shampoo', 'waitrose_rating': '3.1', 'waitrose_unit_price': '(£5.75/100ml)', 'waitrose_new_flag': None, 'waitrose_prod_name': "Neal's Yard Rose Shampoo 200ml", 'images': []}
DEBUG: Scraped from <200 https://www.waitrose.com/ecom/shop/browse/groceries/toiletries_health_and_beauty/hair_care/shampoo>
{'client': 'Waitrose', 'time': datetime.datetime(2020, 8, 22, 12, 18, 10, 366000), 'category': 'Shampoo', 'id': 'tPp584599-695531-695532', 'prod_name': 'Batiste Dry Shampoo Volume', 'waitrose_Qty': '200ml', 'waitrose_discounted_price': '£4.25', 'waitrose_offer_desc': None, 'waitrose_url': 'https://www.waitrose.com/ecom/shop/browse/groceries/toiletries_health_and_beauty/hair_care/shampoo', 'waitrose_rating': None, 'waitrose_unit_price': '(£2.13/100ml)', 'waitrose_new_flag': None, 'waitrose_prod_name': 'Batiste Dry Shampoo Volume 200ml', 'images': []}
DEBUG: Scraped from <200 https://www.waitrose.com/ecom/shop/browse/groceries/toiletries_health_and_beauty/hair_care/shampoo>
{'client': 'Waitrose', 'time': datetime.datetime(2020, 8, 22, 12, 18, 10, 366000), 'category': 'Shampoo', 'id': 'tPp711086-652694-652695', 'prod_name': 'Head & Shoulders Supreme Moisture', 'waitrose_Qty': '400ml', 'waitrose_discounted_price': '£5.15', 'waitrose_offer_desc': None, 'waitrose_url': 'https://www.waitrose.com/ecom/shop/browse/groceries/toiletries_health_and_beauty/hair_care/shampoo', 'waitrose_rating': None, 'waitrose_unit_price': '(£1.29/100ml)', 'waitrose_new_flag': None, 'waitrose_prod_name': 'Head & Shoulders Supreme Moisture 400ml', 'images': []}
DEBUG: Scraped from <200 https://www.waitrose.com/ecom/shop/browse/groceries/toiletries_health_and_beauty/hair_care/shampoo>
{'client': 'Waitrose', 'time': datetime.datetime(2020, 8, 22, 12, 18, 10, 366000), 'category': 'Shampoo', 'id': 'tPp686838-346630-346631', 'prod_name': 'Richard Ward argan antiageing shampoo', 'waitrose_Qty': '250ml', 'waitrose_discounted_price': '£6.00', 'waitrose_offer_desc': None, 'waitrose_url': 'https://www.waitrose.com/ecom/shop/browse/groceries/toiletries_health_and_beauty/hair_care/shampoo', 'waitrose_rating': '4.1', 'waitrose_unit_price': '(£2.40/100ml)', 'waitrose_new_flag': None, 'waitrose_prod_name': 'Richard Ward argan antiageing shampoo 250ml', 'images': []}
DEBUG: Scraped from <200 https://www.waitrose.com/ecom/shop/browse/groceries/toiletries_health_and_beauty/hair_care/shampoo>
{'client': 'Waitrose', 'time': datetime.datetime(2020, 8, 22, 12, 18, 10, 366000), 'category': 'Shampoo', 'id': 'tPp853982-154925-154926', 'prod_name': 'Batiste blush dry shampoo', 'waitrose_Qty': '200ml', 'waitrose_discounted_price': '£3.00', 'waitrose_offer_desc': None, 'waitrose_url': 'https://www.waitrose.com/ecom/shop/browse/groceries/toiletries_health_and_beauty/hair_care/shampoo', 'waitrose_rating': '4', 'waitrose_unit_price': '(£1.50/100ml)', 'waitrose_new_flag': None, 'waitrose_prod_name': 'Batiste blush dry shampoo 200ml', 'images': []}
DEBUG: Scraped from <200 https://www.waitrose.com/ecom/shop/browse/groceries/toiletries_health_and_beauty/hair_care/shampoo>
{'client': 'Waitrose', 'time': datetime.datetime(2020, 8, 22, 12, 18, 10, 366000), 'category': 'Shampoo', 'id': 'tPp492090-729670-729671', 'prod_name': 'Percy & Reed Volumising Shampoo', 'waitrose_Qty': '250ml', 'waitrose_discounted_price': '£12.00', 'waitrose_offer_desc': 'Save 1/3.', 'waitrose_url': 'https://www.waitrose.com/ecom/shop/browse/groceries/toiletries_health_and_beauty/hair_care/shampoo', 'waitrose_rating': None, 'waitrose_unit_price': '(£4.80/100ml)', 'waitrose_new_flag': 'NEW', 'waitrose_prod_name': 'Percy & Reed Volumising Shampoo 250ml', 'images': []}
DEBUG: Scraped from <200 https://www.waitrose.com/ecom/shop/browse/groceries/toiletries_health_and_beauty/hair_care/shampoo>
{'client': 'Waitrose', 'time': datetime.datetime(2020, 8, 22, 12, 18, 10, 366000), 'category': 'Shampoo', 'id': 'tPp889100-330444-330445', 'prod_name': 'AOrganic Rosemary Shampoo', 'waitrose_Qty': '325ml', 'waitrose_discounted_price': '£7.00', 'waitrose_offer_desc': 'Add 2 for £11', 'waitrose_url': 'https://www.waitrose.com/ecom/shop/browse/groceries/toiletries_health_and_beauty/hair_care/shampoo', 'waitrose_rating': '2.5', 'waitrose_unit_price': '(£2.16/100ml)', 'waitrose_new_flag': None, 'waitrose_prod_name': 'AOrganic Rosemary Shampoo 325ml', 'images': []}
DEBUG: Scraped from <200 https://www.waitrose.com/ecom/shop/browse/groceries/toiletries_health_and_beauty/hair_care/shampoo>
{'client': 'Waitrose', 'time': datetime.datetime(2020, 8, 22, 12, 18, 10, 366000), 'category': 'Shampoo', 'id': 'tPp803275-329016-329017', 'prod_name': 'AOrganic Peppermint Shampoo', 'waitrose_Qty': '325ml', 'waitrose_discounted_price': '£7.00', 'waitrose_offer_desc': 'Add 2 for £11', 'waitrose_url': 'https://www.waitrose.com/ecom/shop/browse/groceries/toiletries_health_and_beauty/hair_care/shampoo', 'waitrose_rating': None, 'waitrose_unit_price': '(£2.16/100ml)', 'waitrose_new_flag': None, 'waitrose_prod_name': 'AOrganic Peppermint Shampoo 325ml', 'images': []}
DEBUG: Scraped from <200 https://www.waitrose.com/ecom/shop/browse/groceries/toiletries_health_and_beauty/hair_care/shampoo>
{'client': 'Waitrose', 'time': datetime.datetime(2020, 8, 22, 12, 18, 10, 366000), 'category': 'Shampoo', 'id': 'tPp581644-729702-729703', 'prod_name': 'Percy & Reed Hydrating Shampoo', 'waitrose_Qty': '250ml', 'waitrose_discounted_price': '£12.00', 'waitrose_offer_desc': 'Save 1/3.', 'waitrose_url': 'https://www.waitrose.com/ecom/shop/browse/groceries/toiletries_health_and_beauty/hair_care/shampoo', 'waitrose_rating': None, 'waitrose_unit_price': '(£4.80/100ml)', 'waitrose_new_flag': 'NEW', 'waitrose_prod_name': 'Percy & Reed Hydrating Shampoo 250ml', 'images': []}
DEBUG: Scraped from <200 https://www.waitrose.com/ecom/shop/browse/groceries/toiletries_health_and_beauty/hair_care/shampoo>
{'client': 'Waitrose', 'time': datetime.datetime(2020, 8, 22, 12, 18, 10, 366000), 'category': 'Shampoo', 'id': 'tPp838287-695984-695985', 'prod_name': 'Pantene Hair Biology Illuminating Mask', 'waitrose_Qty': '160ml', 'waitrose_discounted_price': '£2.99', 'waitrose_offer_desc': 'Save 1/3.', 'waitrose_url': 'https://www.waitrose.com/ecom/shop/browse/groceries/toiletries_health_and_beauty/hair_care/shampoo', 'waitrose_rating': None, 'waitrose_unit_price': '(£1.87/100ml)', 'waitrose_new_flag': None, 'waitrose_prod_name': 'Pantene Hair Biology Illuminating Mask 160ml', 'images': []}
DEBUG: Scraped from <200 https://www.waitrose.com/ecom/shop/browse/groceries/toiletries_health_and_beauty/hair_care/shampoo>
{'client': 'Waitrose', 'time': datetime.datetime(2020, 8, 22, 12, 18, 10, 366000), 'category': 'Shampoo', 'id': 'tPp888765-695909-695910', 'prod_name': 'Umberto Giannini Curl Jelly Wash', 'waitrose_Qty': '250ml', 'waitrose_discounted_price': '£8.00', 'waitrose_offer_desc': None, 'waitrose_url': 'https://www.waitrose.com/ecom/shop/browse/groceries/toiletries_health_and_beauty/hair_care/shampoo', 'waitrose_rating': '2.5', 'waitrose_unit_price': '(£3.20/100ml)', 'waitrose_new_flag': None, 'waitrose_prod_name': 'Umberto Giannini Curl Jelly Wash 250ml', 'images': []}
DEBUG: Scraped from <200 https://www.waitrose.com/ecom/shop/browse/groceries/toiletries_health_and_beauty/hair_care/shampoo>
{'client': 'Waitrose', 'time': datetime.datetime(2020, 8, 22, 12, 18, 10, 366000), 'category': 'Shampoo', 'id': 'tPp829437-695831-695832', 'prod_name': 'Umberto Giannini Grow Long Shampoo', 'waitrose_Qty': '250ml', 'waitrose_discounted_price': '£8.00', 'waitrose_offer_desc': None, 'waitrose_url': 'https://www.waitrose.com/ecom/shop/browse/groceries/toiletries_health_and_beauty/hair_care/shampoo', 'waitrose_rating': '5', 'waitrose_unit_price': '(£3.20/100ml)', 'waitrose_new_flag': None, 'waitrose_prod_name': 'Umberto Giannini Grow Long Shampoo 250ml', 'images': []}
DEBUG: Scraped from <200 https://www.waitrose.com/ecom/shop/browse/groceries/toiletries_health_and_beauty/hair_care/shampoo>
{'client': 'Waitrose', 'time': datetime.datetime(2020, 8, 22, 12, 18, 10, 366000), 'category': 'Shampoo', 'id': 'tPp734002-695705-695706', 'prod_name': 'Percy & Reed Wonder Wash Shampoo', 'waitrose_Qty': '250ml', 'waitrose_discounted_price': '£12.00', 'waitrose_offer_desc': 'Save 1/3.', 'waitrose_url': 'https://www.waitrose.com/ecom/shop/browse/groceries/toiletries_health_and_beauty/hair_care/shampoo', 'waitrose_rating': None, 'waitrose_unit_price': '(£4.80/100ml)', 'waitrose_new_flag': None, 'waitrose_prod_name': 'Percy & Reed Wonder Wash Shampoo 250ml', 'images': []}
DEBUG: Scraped from <200 https://www.waitrose.com/ecom/shop/browse/groceries/toiletries_health_and_beauty/hair_care/shampoo>
{'client': 'Waitrose', 'time': datetime.datetime(2020, 8, 22, 12, 18, 10, 366000), 'category': 'Shampoo', 'id': 'tPp865734-216867-216868', 'prod_name': 'Ogx Argan Oil of Morocco Shampoo', 'waitrose_Qty': '385ml', 'waitrose_discounted_price': '£7.00', 'waitrose_offer_desc': 'Add 2 for £10', 'waitrose_url': 'https://www.waitrose.com/ecom/shop/browse/groceries/toiletries_health_and_beauty/hair_care/shampoo', 'waitrose_rating': '3.4', 'waitrose_unit_price': '(£1.82/100ml)', 'waitrose_new_flag': None, 'waitrose_prod_name': 'Ogx Argan Oil of Morocco Shampoo 385ml', 'images': []}
DEBUG: Scraped from <200 https://www.waitrose.com/ecom/shop/browse/groceries/toiletries_health_and_beauty/hair_care/shampoo>
{'client': 'Waitrose', 'time': datetime.datetime(2020, 8, 22, 12, 18, 10, 366000), 'category': 'Shampoo', 'id': 'tPp819340-720339-720340', 'prod_name': 'Head & Shoulders Supreme Shampoo', 'waitrose_Qty': '400ml', 'waitrose_discounted_price': '£5.00', 'waitrose_offer_desc': None, 'waitrose_url': 'https://www.waitrose.com/ecom/shop/browse/groceries/toiletries_health_and_beauty/hair_care/shampoo', 'waitrose_rating': None, 'waitrose_unit_price': '(£1.25/100ml)', 'waitrose_new_flag': None, 'waitrose_prod_name': 'Head & Shoulders Supreme Shampoo 400ml', 'images': []}
DEBUG: Scraped from <200 https://www.waitrose.com/ecom/shop/browse/groceries/toiletries_health_and_beauty/hair_care/shampoo>
{'client': 'Waitrose', 'time': datetime.datetime(2020, 8, 22, 12, 18, 10, 366000), 'category': 'Shampoo', 'id': 'tPp735040-695707-695708', 'prod_name': 'Vosene Kids 3in1 Tea Tree Shampoo', 'waitrose_Qty': '250ml', 'waitrose_discounted_price': '£2.50', 'waitrose_offer_desc': None, 'waitrose_url': 'https://www.waitrose.com/ecom/shop/browse/groceries/toiletries_health_and_beauty/hair_care/shampoo', 'waitrose_rating': None, 'waitrose_unit_price': '(£1/100ml)', 'waitrose_new_flag': None, 'waitrose_prod_name': 'Vosene Kids 3in1 Tea Tree Shampoo 250ml', 'images': []}
DEBUG: Scraped from <200 https://www.waitrose.com/ecom/shop/browse/groceries/toiletries_health_and_beauty/hair_care/shampoo>
{'client': 'Waitrose', 'time': datetime.datetime(2020, 8, 22, 12, 18, 10, 366000), 'category': 'Shampoo', 'id': 'tPp583946-82773-82774', 'prod_name': "Neal's Yard Lavender Shampoo", 'waitrose_Qty': '200ml', 'waitrose_discounted_price': '£11.50', 'waitrose_offer_desc': None, 'waitrose_url': 'https://www.waitrose.com/ecom/shop/browse/groceries/toiletries_health_and_beauty/hair_care/shampoo', 'waitrose_rating': '2.3', 'waitrose_unit_price': '(£5.75/100ml)', 'waitrose_new_flag': None, 'waitrose_prod_name': "Neal's Yard Lavender Shampoo 200ml", 'images': []}
DEBUG: Scraped from <200 https://www.waitrose.com/ecom/shop/browse/groceries/toiletries_health_and_beauty/hair_care/shampoo>
{'client': 'Waitrose', 'time': datetime.datetime(2020, 8, 22, 12, 18, 10, 366000), 'category': 'Shampoo', 'id': 'tPp847454-724141-724142', 'prod_name': 'Faith in Nature Grapefruit Shampoo', 'waitrose_Qty': '400ml', 'waitrose_discounted_price': '£5.79', 'waitrose_offer_desc': None, 'waitrose_url': 'https://www.waitrose.com/ecom/shop/browse/groceries/toiletries_health_and_beauty/hair_care/shampoo', 'waitrose_rating': None, 'waitrose_unit_price': '(£1.45/100ml)', 'waitrose_new_flag': None, 'waitrose_prod_name': 'Faith in Nature Grapefruit Shampoo 400ml', 'images': []}
DEBUG: Scraped from <200 https://www.waitrose.com/ecom/shop/browse/groceries/toiletries_health_and_beauty/hair_care/shampoo>
{'client': 'Waitrose', 'time': datetime.datetime(2020, 8, 22, 12, 18, 10, 366000), 'category': 'Shampoo', 'id': 'tPp547359-720175-720176', 'prod_name': 'Maui Moisture Bamboo Shampoo', 'waitrose_Qty': '385ml', 'waitrose_discounted_price': '£9.00', 'waitrose_offer_desc': None, 'waitrose_url': 'https://www.waitrose.com/ecom/shop/browse/groceries/toiletries_health_and_beauty/hair_care/shampoo', 'waitrose_rating': '5', 'waitrose_unit_price': '(£2.34/100ml)', 'waitrose_new_flag': None, 'waitrose_prod_name': 'Maui Moisture Bamboo Shampoo 385ml', 'images': []}
DEBUG: Scraped from <200 https://www.waitrose.com/ecom/shop/browse/groceries/toiletries_health_and_beauty/hair_care/shampoo>
{'client': 'Waitrose', 'time': datetime.datetime(2020, 8, 22, 12, 18, 10, 366000), 'category': 'Shampoo', 'id': 'tPp812614-707138-707139', 'prod_name': 'Beco Spring Meadow Shampoo Bar', 'waitrose_Qty': '90g', 'waitrose_discounted_price': '£4.00', 'waitrose_offer_desc': None, 'waitrose_url': 'https://www.waitrose.com/ecom/shop/browse/groceries/toiletries_health_and_beauty/hair_care/shampoo', 'waitrose_rating': '3.3', 'waitrose_unit_price': '(£4.45/100g)', 'waitrose_new_flag': None, 'waitrose_prod_name': 'Beco Spring Meadow Shampoo Bar 90g', 'images': []}
DEBUG: Scraped from <200 https://www.waitrose.com/ecom/shop/browse/groceries/toiletries_health_and_beauty/hair_care/shampoo>
{'client': 'Waitrose', 'time': datetime.datetime(2020, 8, 22, 12, 18, 10, 366000), 'category': 'Shampoo', 'id': 'tPp747801-683764-683765', 'prod_name': 'Aussie Shampoo Scent-sational', 'waitrose_Qty': '300ml', 'waitrose_discounted_price': '£4.00', 'waitrose_offer_desc': None, 'waitrose_url': 'https://www.waitrose.com/ecom/shop/browse/groceries/toiletries_health_and_beauty/hair_care/shampoo', 'waitrose_rating': '5', 'waitrose_unit_price': '(£1.34/100ml)', 'waitrose_new_flag': None, 'waitrose_prod_name': 'Aussie Shampoo Scent-sational 300ml', 'images': []}
DEBUG: Scraped from <200 https://www.waitrose.com/ecom/shop/browse/groceries/toiletries_health_and_beauty/hair_care/shampoo>
{'client': 'Waitrose', 'time': datetime.datetime(2020, 8, 22, 12, 18, 10, 366000), 'category': 'Shampoo', 'id': 'tPp725372-631511-631512', 'prod_name': 'Hask Moni Coconut Oil Shampoo', 'waitrose_Qty': '355ml', 'waitrose_discounted_price': '£7.00', 'waitrose_offer_desc': None, 'waitrose_url': 'https://www.waitrose.com/ecom/shop/browse/groceries/toiletries_health_and_beauty/hair_care/shampoo', 'waitrose_rating': None, 'waitrose_unit_price': '(£1.98/100ml)', 'waitrose_new_flag': None, 'waitrose_prod_name': 'Hask Moni Coconut Oil Shampoo 355ml', 'images': []}
DEBUG: Scraped from <200 https://www.waitrose.com/ecom/shop/browse/groceries/toiletries_health_and_beauty/hair_care/shampoo>
{'client': 'Waitrose', 'time': datetime.datetime(2020, 8, 22, 12, 18, 10, 366000), 'category': 'Shampoo', 'id': 'tPp502050-631293-631294', 'prod_name': 'Hask Argan Oil Repairing Shampoo', 'waitrose_Qty': '355ml', 'waitrose_discounted_price': '£7.00', 'waitrose_offer_desc': None, 'waitrose_url': 'https://www.waitrose.com/ecom/shop/browse/groceries/toiletries_health_and_beauty/hair_care/shampoo', 'waitrose_rating': '3.7', 'waitrose_unit_price': '(£1.98/100ml)', 'waitrose_new_flag': None, 'waitrose_prod_name': 'Hask Argan Oil Repairing Shampoo 355ml', 'images': []}
DEBUG: Scraped from <200 https://www.waitrose.com/ecom/shop/browse/groceries/toiletries_health_and_beauty/hair_care/shampoo>
{'client': 'Waitrose', 'time': datetime.datetime(2020, 8, 22, 12, 18, 10, 366000), 'category': 'Shampoo', 'id': 'tPp895328-495224-495225', 'prod_name': 'DGJ Kids Detangle Shampoo', 'waitrose_Qty': '250ml', 'waitrose_discounted_price': '£3.50', 'waitrose_offer_desc': None, 'waitrose_url': 'https://www.waitrose.com/ecom/shop/browse/groceries/toiletries_health_and_beauty/hair_care/shampoo', 'waitrose_rating': None, 'waitrose_unit_price': '(£1.40/100ml)', 'waitrose_new_flag': None, 'waitrose_prod_name': 'DGJ Kids Detangle Shampoo 250ml', 'images': []}
DEBUG: Scraped from <200 https://www.waitrose.com/ecom/shop/browse/groceries/toiletries_health_and_beauty/hair_care/shampoo>
{'client': 'Waitrose', 'time': datetime.datetime(2020, 8, 22, 12, 18, 10, 366000), 'category': 'Shampoo', 'id': 'tPp364793-255761-255762', 'prod_name': 'Aussie Miracle Shine Shampoo', 'waitrose_Qty': '300ml', 'waitrose_discounted_price': '£4.00', 'waitrose_offer_desc': None, 'waitrose_url': 'https://www.waitrose.com/ecom/shop/browse/groceries/toiletries_health_and_beauty/hair_care/shampoo', 'waitrose_rating': None, 'waitrose_unit_price': '(£1.34/100ml)', 'waitrose_new_flag': None, 'waitrose_prod_name': 'Aussie Miracle Shine Shampoo 300ml', 'images': []}
DEBUG: Scraped from <200 https://www.waitrose.com/ecom/shop/browse/groceries/toiletries_health_and_beauty/hair_care/shampoo>
{'client': 'Waitrose', 'time': datetime.datetime(2020, 8, 22, 12, 18, 10, 366000), 'category': 'Shampoo', 'id': 'tPp051100-25409-25410', 'prod_name': 'Sheer Blonde Moisturising Shampoo', 'waitrose_Qty': '250ml', 'waitrose_discounted_price': '£6.00', 'waitrose_offer_desc': None, 'waitrose_url': 'https://www.waitrose.com/ecom/shop/browse/groceries/toiletries_health_and_beauty/hair_care/shampoo', 'waitrose_rating': '3', 'waitrose_unit_price': '(£2.40/100ml)', 'waitrose_new_flag': None, 'waitrose_prod_name': 'Sheer Blonde Moisturising Shampoo 250ml', 'images': []}
DEBUG: Scraped from <200 https://www.waitrose.com/ecom/shop/browse/groceries/toiletries_health_and_beauty/hair_care/shampoo>
{'client': 'Waitrose', 'time': datetime.datetime(2020, 8, 22, 12, 18, 10, 366000), 'category': 'Shampoo', 'id': 'tPp861587-154949-154950', 'prod_name': 'Batiste dark & deep brown dry shampoo', 'waitrose_Qty': '200ml', 'waitrose_discounted_price': '£4.00', 'waitrose_offer_desc': None, 'waitrose_url': 'https://www.waitrose.com/ecom/shop/browse/groceries/toiletries_health_and_beauty/hair_care/shampoo', 'waitrose_rating': None, 'waitrose_unit_price': '(£2/100ml)', 'waitrose_new_flag': None, 'waitrose_prod_name': 'Batiste dark & deep brown dry shampoo 200ml', 'images': []}
DEBUG: Scraped from <200 https://www.waitrose.com/ecom/shop/browse/groceries/toiletries_health_and_beauty/hair_care/shampoo>
{'client': 'Waitrose', 'time': datetime.datetime(2020, 8, 22, 12, 18, 10, 366000), 'category': 'Shampoo', 'id': 'tPp884562-720413-720414', 'prod_name': 'Maui Moisture Shea Butter Shampoo', 'waitrose_Qty': '385ml', 'waitrose_discounted_price': '£9.00', 'waitrose_offer_desc': None, 'waitrose_url': 'https://www.waitrose.com/ecom/shop/browse/groceries/toiletries_health_and_beauty/hair_care/shampoo', 'waitrose_rating': None, 'waitrose_unit_price': '(£2.34/100ml)', 'waitrose_new_flag': None, 'waitrose_prod_name': 'Maui Moisture Shea Butter Shampoo 385ml', 'images': []}
DEBUG: Scraped from <200 https://www.waitrose.com/ecom/shop/browse/groceries/toiletries_health_and_beauty/hair_care/shampoo>
{'client': 'Waitrose', 'time': datetime.datetime(2020, 8, 22, 12, 18, 10, 366000), 'category': 'Shampoo', 'id': 'tPp502437-720153-720154', 'prod_name': 'Aussie Calm The Frizz Shampoo', 'waitrose_Qty': '300ml', 'waitrose_discounted_price': '£4.00', 'waitrose_offer_desc': None, 'waitrose_url': 'https://www.waitrose.com/ecom/shop/browse/groceries/toiletries_health_and_beauty/hair_care/shampoo', 'waitrose_rating': None, 'waitrose_unit_price': '(£1.34/100ml)', 'waitrose_new_flag': None, 'waitrose_prod_name': 'Aussie Calm The Frizz Shampoo 300ml', 'images': []}
DEBUG: Scraped from <200 https://www.waitrose.com/ecom/shop/browse/groceries/toiletries_health_and_beauty/hair_care/shampoo>
{'client': 'Waitrose', 'time': datetime.datetime(2020, 8, 22, 12, 18, 10, 366000), 'category': 'Shampoo', 'id': 'tPp649492-695625-695626', 'prod_name': 'Vosene Kids 2in1 Melon Shampoo', 'waitrose_Qty': '250ml', 'waitrose_discounted_price': '£2.00', 'waitrose_offer_desc': None, 'waitrose_url': 'https://www.waitrose.com/ecom/shop/browse/groceries/toiletries_health_and_beauty/hair_care/shampoo', 'waitrose_rating': None, 'waitrose_unit_price': '(80p/100ml)', 'waitrose_new_flag': None, 'waitrose_prod_name': 'Vosene Kids 2in1 Melon Shampoo 250ml', 'images': []}
DEBUG: Scraped from <200 https://www.waitrose.com/ecom/shop/browse/groceries/toiletries_health_and_beauty/hair_care/shampoo>
{'client': 'Waitrose', 'time': datetime.datetime(2020, 8, 22, 12, 18, 10, 366000), 'category': 'Shampoo', 'id': 'tPp530991-695493-695494', 'prod_name': 'John Frieda Shampoo Detox & Repair', 'waitrose_Qty': '250ml', 'waitrose_discounted_price': '£6.00', 'waitrose_offer_desc': None, 'waitrose_url': 'https://www.waitrose.com/ecom/shop/browse/groceries/toiletries_health_and_beauty/hair_care/shampoo', 'waitrose_rating': None, 'waitrose_unit_price': '(£2.40/100ml)', 'waitrose_new_flag': None, 'waitrose_prod_name': 'John Frieda Shampoo Detox & Repair 250ml', 'images': []}
DEBUG: Scraped from <200 https://www.waitrose.com/ecom/shop/browse/groceries/toiletries_health_and_beauty/hair_care/shampoo>
{'client': 'Waitrose', 'time': datetime.datetime(2020, 8, 22, 12, 18, 10, 366000), 'category': 'Shampoo', 'id': 'tPp414862-695397-695398', 'prod_name': 'Noughty Wave Hello Shampoo', 'waitrose_Qty': '250ml', 'waitrose_discounted_price': '£7.00', 'waitrose_offer_desc': None, 'waitrose_url': 'https://www.waitrose.com/ecom/shop/browse/groceries/toiletries_health_and_beauty/hair_care/shampoo', 'waitrose_rating': None, 'waitrose_unit_price': '(£2.80/100ml)', 'waitrose_new_flag': None, 'waitrose_prod_name': 'Noughty Wave Hello Shampoo 250ml', 'images': []}
DEBUG: Scraped from <200 https://www.waitrose.com/ecom/shop/browse/groceries/toiletries_health_and_beauty/hair_care/shampoo>
{'client': 'Waitrose', 'time': datetime.datetime(2020, 8, 22, 12, 18, 10, 366000), 'category': 'Shampoo', 'id': 'tPp895244-495222-495223', 'prod_name': 'DGJ Clarifying Shampoo', 'waitrose_Qty': '250ml', 'waitrose_discounted_price': '£5.00', 'waitrose_offer_desc': None, 'waitrose_url': 'https://www.waitrose.com/ecom/shop/browse/groceries/toiletries_health_and_beauty/hair_care/shampoo', 'waitrose_rating': None, 'waitrose_unit_price': '(£2/100ml)', 'waitrose_new_flag': None, 'waitrose_prod_name': 'DGJ Clarifying Shampoo 250ml', 'images': []}
DEBUG: Scraped from <200 https://www.waitrose.com/ecom/shop/browse/groceries/toiletries_health_and_beauty/hair_care/shampoo>
{'client': 'Waitrose', 'time': datetime.datetime(2020, 8, 22, 12, 18, 10, 366000), 'category': 'Shampoo', 'id': 'tPp807825-473364-473365', 'prod_name': 'SenSpa Deep Cleanse Shampoo', 'waitrose_Qty': '250ml', 'waitrose_discounted_price': '£6.00', 'waitrose_offer_desc': None, 'waitrose_url': 'https://www.waitrose.com/ecom/shop/browse/groceries/toiletries_health_and_beauty/hair_care/shampoo', 'waitrose_rating': '3.7', 'waitrose_unit_price': '(£2.40/100ml)', 'waitrose_new_flag': None, 'waitrose_prod_name': 'SenSpa Deep Cleanse Shampoo 250ml', 'images': []}
DEBUG: Scraped from <200 https://www.waitrose.com/ecom/shop/browse/groceries/toiletries_health_and_beauty/hair_care/shampoo>
{'client': 'Waitrose', 'time': datetime.datetime(2020, 8, 22, 12, 18, 10, 366000), 'category': 'Shampoo', 'id': 'tPp407272-440973-440974', 'prod_name': 'Richard Ward Chelsea Cleanse & Condition', 'waitrose_Qty': '250ml', 'waitrose_discounted_price': '£6.00', 'waitrose_offer_desc': None, 'waitrose_url': 'https://www.waitrose.com/ecom/shop/browse/groceries/toiletries_health_and_beauty/hair_care/shampoo', 'waitrose_rating': '3.7', 'waitrose_unit_price': '(£2.40/100ml)', 'waitrose_new_flag': None, 'waitrose_prod_name': 'Richard Ward Chelsea Cleanse & Condition 250ml', 'images': []}
DEBUG: Scraped from <200 https://www.waitrose.com/ecom/shop/browse/groceries/toiletries_health_and_beauty/hair_care/shampoo>
{'client': 'Waitrose', 'time': datetime.datetime(2020, 8, 22, 12, 18, 10, 366000), 'category': 'Shampoo', 'id': 'tPp687186-337057-337058', 'prod_name': 'Argan + Argan Oil Rejuvenating Shampoo', 'waitrose_Qty': '300ml', 'waitrose_discounted_price': '£6.00', 'waitrose_offer_desc': None, 'waitrose_url': 'https://www.waitrose.com/ecom/shop/browse/groceries/toiletries_health_and_beauty/hair_care/shampoo', 'waitrose_rating': '5', 'waitrose_unit_price': '(£2/100ml)', 'waitrose_new_flag': None, 'waitrose_prod_name': 'Argan + Argan Oil Rejuvenating Shampoo 300ml', 'images': []}
DEBUG: Scraped from <200 https://www.waitrose.com/ecom/shop/browse/groceries/toiletries_health_and_beauty/hair_care/shampoo>
{'client': 'Waitrose', 'time': datetime.datetime(2020, 8, 22, 12, 18, 10, 366000), 'category': 'Shampoo', 'id': 'tPp065299-33095-33096', 'prod_name': 'Frizz Ease Dream Curls Shampoo', 'waitrose_Qty': '250ml', 'waitrose_discounted_price': '£6.00', 'waitrose_offer_desc': None, 'waitrose_url': 'https://www.waitrose.com/ecom/shop/browse/groceries/toiletries_health_and_beauty/hair_care/shampoo', 'waitrose_rating': '5', 'waitrose_unit_price': '(£2.40/100ml)', 'waitrose_new_flag': None, 'waitrose_prod_name': 'Frizz Ease Dream Curls Shampoo 250ml', 'images': []}
DEBUG: Scraped from <200 https://www.waitrose.com/ecom/shop/browse/groceries/toiletries_health_and_beauty/hair_care/shampoo>
{'client': 'Waitrose', 'time': datetime.datetime(2020, 8, 22, 12, 18, 10, 366000), 'category': 'Shampoo', 'id': 'tPp563832-295347-295348', 'prod_name': 'Argan + Argan Oil 5Oil Miracle Shampoo', 'waitrose_Qty': '300ml', 'waitrose_discounted_price': '£6.00', 'waitrose_offer_desc': None, 'waitrose_url': 'https://www.waitrose.com/ecom/shop/browse/groceries/toiletries_health_and_beauty/hair_care/shampoo', 'waitrose_rating': '5', 'waitrose_unit_price': '(£2/100ml)', 'waitrose_new_flag': None, 'waitrose_prod_name': 'Argan + Argan Oil 5Oil Miracle Shampoo 300ml', 'images': []}
DEBUG: Scraped from <200 https://www.waitrose.com/ecom/shop/browse/groceries/toiletries_health_and_beauty/hair_care/shampoo>
{'client': 'Waitrose', 'time': datetime.datetime(2020, 8, 22, 12, 18, 10, 366000), 'category': 'Shampoo', 'id': 'tPp567481-719558-719559', 'prod_name': 'Fit Kit Gentle Shampoo &Conditioner', 'waitrose_Qty': '200ml', 'waitrose_discounted_price': '£3.99', 'waitrose_offer_desc': None, 'waitrose_url': 'https://www.waitrose.com/ecom/shop/browse/groceries/toiletries_health_and_beauty/hair_care/shampoo', 'waitrose_rating': '5', 'waitrose_unit_price': '(£2/100ml)', 'waitrose_new_flag': None, 'waitrose_prod_name': 'Fit Kit Gentle Shampoo &Conditioner 200ml', 'images': []}
DEBUG: Scraped from <200 https://www.waitrose.com/ecom/shop/browse/groceries/toiletries_health_and_beauty/hair_care/shampoo>
{'client': 'Waitrose', 'time': datetime.datetime(2020, 8, 22, 12, 18, 10, 366000), 'category': 'Shampoo', 'id': 'tPp703131-695681-695682', 'prod_name': 'Head & Shoulders Repair Shampoo', 'waitrose_Qty': '400ml', 'waitrose_discounted_price': '£5.00', 'waitrose_offer_desc': None, 'waitrose_url': 'https://www.waitrose.com/ecom/shop/browse/groceries/toiletries_health_and_beauty/hair_care/shampoo', 'waitrose_rating': '4', 'waitrose_unit_price': '(£1.25/100ml)', 'waitrose_new_flag': None, 'waitrose_prod_name': 'Head & Shoulders Repair Shampoo 400ml', 'images': []}
DEBUG: Scraped from <200 https://www.waitrose.com/ecom/shop/browse/groceries/toiletries_health_and_beauty/hair_care/shampoo>
{'client': 'Waitrose', 'time': datetime.datetime(2020, 8, 22, 12, 18, 10, 366000), 'category': 'Shampoo', 'id': 'tPp657930-695639-695640', 'prod_name': 'Noughty Pumped Up Shampoo', 'waitrose_Qty': '250ml', 'waitrose_discounted_price': '£7.00', 'waitrose_offer_desc': None, 'waitrose_url': 'https://www.waitrose.com/ecom/shop/browse/groceries/toiletries_health_and_beauty/hair_care/shampoo', 'waitrose_rating': '5', 'waitrose_unit_price': '(£2.80/100ml)', 'waitrose_new_flag': None, 'waitrose_prod_name': 'Noughty Pumped Up Shampoo 250ml', 'images': []}
DEBUG: Scraped from <200 https://www.waitrose.com/ecom/shop/browse/groceries/toiletries_health_and_beauty/hair_care/shampoo>
{'client': 'Waitrose', 'time': datetime.datetime(2020, 8, 22, 12, 18, 10, 366000), 'category': 'Shampoo', 'id': 'tPp645178-695617-695618', 'prod_name': 'John Frieda Shampoo Weightless Wonder', 'waitrose_Qty': '250ml', 'waitrose_discounted_price': '£6.00', 'waitrose_offer_desc': None, 'waitrose_url': 'https://www.waitrose.com/ecom/shop/browse/groceries/toiletries_health_and_beauty/hair_care/shampoo', 'waitrose_rating': '4.6', 'waitrose_unit_price': '(£2.40/100ml)', 'waitrose_new_flag': None, 'waitrose_prod_name': 'John Frieda Shampoo Weightless Wonder 250ml', 'images': []}
DEBUG: Scraped from <200 https://www.waitrose.com/ecom/shop/browse/groceries/toiletries_health_and_beauty/hair_care/shampoo>
{'client': 'Waitrose', 'time': datetime.datetime(2020, 8, 22, 12, 18, 10, 366000), 'category': 'Shampoo', 'id': 'tPp631829-695597-695598', 'prod_name': 'Noughty Detox Dynamo Shampoo', 'waitrose_Qty': '250ml', 'waitrose_discounted_price': '£7.00', 'waitrose_offer_desc': None, 'waitrose_url': 'https://www.waitrose.com/ecom/shop/browse/groceries/toiletries_health_and_beauty/hair_care/shampoo', 'waitrose_rating': None, 'waitrose_unit_price': '(£2.80/100ml)', 'waitrose_new_flag': None, 'waitrose_prod_name': 'Noughty Detox Dynamo Shampoo 250ml', 'images': []}
DEBUG: Scraped from <200 https://www.waitrose.com/ecom/shop/browse/groceries/toiletries_health_and_beauty/hair_care/shampoo>
{'client': 'Waitrose', 'time': datetime.datetime(2020, 8, 22, 12, 18, 10, 366000), 'category': 'Shampoo', 'id': 'tPp623864-695587-695588', 'prod_name': 'Noughty Care Taker Shampoo', 'waitrose_Qty': '250ml', 'waitrose_discounted_price': '£7.00', 'waitrose_offer_desc': None, 'waitrose_url': 'https://www.waitrose.com/ecom/shop/browse/groceries/toiletries_health_and_beauty/hair_care/shampoo', 'waitrose_rating': '4', 'waitrose_unit_price': '(£2.80/100ml)', 'waitrose_new_flag': None, 'waitrose_prod_name': 'Noughty Care Taker Shampoo 250ml', 'images': []}
DEBUG: Scraped from <200 https://www.waitrose.com/ecom/shop/browse/groceries/toiletries_health_and_beauty/hair_care/shampoo>
{'client': 'Waitrose', 'time': datetime.datetime(2020, 8, 22, 12, 18, 10, 366000), 'category': 'Shampoo', 'id': 'tPp453160-695433-695434', 'prod_name': 'Argan+ Long & Strong Shampoo', 'waitrose_Qty': '300ml', 'waitrose_discounted_price': '£6.00', 'waitrose_offer_desc': None, 'waitrose_url': 'https://www.waitrose.com/ecom/shop/browse/groceries/toiletries_health_and_beauty/hair_care/shampoo', 'waitrose_rating': None, 'waitrose_unit_price': '(£2/100ml)', 'waitrose_new_flag': None, 'waitrose_prod_name': 'Argan+ Long & Strong Shampoo 300ml', 'images': []}
DEBUG: Scraped from <200 https://www.waitrose.com/ecom/shop/browse/groceries/toiletries_health_and_beauty/hair_care/shampoo>
{'client': 'Waitrose', 'time': datetime.datetime(2020, 8, 22, 12, 18, 10, 366000), 'category': 'Shampoo', 'id': 'tPp492466-631281-631282', 'prod_name': 'Hask Keratin Protein Smoothing Shampoo', 'waitrose_Qty': '355ml', 'waitrose_discounted_price': '£7.00', 'waitrose_offer_desc': None, 'waitrose_url': 'https://www.waitrose.com/ecom/shop/browse/groceries/toiletries_health_and_beauty/hair_care/shampoo', 'waitrose_rating': None, 'waitrose_unit_price': '(£1.98/100ml)', 'waitrose_new_flag': None, 'waitrose_prod_name': 'Hask Keratin Protein Smoothing Shampoo 355ml', 'images': []}
DEBUG: Scraped from <200 https://www.waitrose.com/ecom/shop/browse/groceries/toiletries_health_and_beauty/hair_care/shampoo>
{'client': 'Waitrose', 'time': datetime.datetime(2020, 8, 22, 12, 18, 10, 366000), 'category': 'Shampoo', 'id': 'tPp401660-588303-588304', 'prod_name': 'Richard Ward Brunette Shampoo', 'waitrose_Qty': '250ml', 'waitrose_discounted_price': '£6.00', 'waitrose_offer_desc': None, 'waitrose_url': 'https://www.waitrose.com/ecom/shop/browse/groceries/toiletries_health_and_beauty/hair_care/shampoo', 'waitrose_rating': '5', 'waitrose_unit_price': '(£2.40/100ml)', 'waitrose_new_flag': None, 'waitrose_prod_name': 'Richard Ward Brunette Shampoo 250ml', 'images': []}
DEBUG: Scraped from <200 https://www.waitrose.com/ecom/shop/browse/groceries/toiletries_health_and_beauty/hair_care/shampoo>
{'client': 'Waitrose', 'time': datetime.datetime(2020, 8, 22, 12, 18, 10, 366000), 'category': 'Shampoo', 'id': 'tPp755186-495024-495025', 'prod_name': 'DGJ Colour Save Shampoo', 'waitrose_Qty': '250ml', 'waitrose_discounted_price': '£5.00', 'waitrose_offer_desc': None, 'waitrose_url': 'https://www.waitrose.com/ecom/shop/browse/groceries/toiletries_health_and_beauty/hair_care/shampoo', 'waitrose_rating': None, 'waitrose_unit_price': '(£2/100ml)', 'waitrose_new_flag': None, 'waitrose_prod_name': 'DGJ Colour Save Shampoo 250ml', 'images': []}
DEBUG: Scraped from <200 https://www.waitrose.com/ecom/shop/browse/groceries/toiletries_health_and_beauty/hair_care/shampoo>
{'client': 'Waitrose', 'time': datetime.datetime(2020, 8, 22, 12, 18, 10, 366000), 'category': 'Shampoo', 'id': 'tPp702159-494964-494965', 'prod_name': 'DGJ Argan Oil Shampoo', 'waitrose_Qty': '250ml', 'waitrose_discounted_price': '£5.00', 'waitrose_offer_desc': None, 'waitrose_url': 'https://www.waitrose.com/ecom/shop/browse/groceries/toiletries_health_and_beauty/hair_care/shampoo', 'waitrose_rating': None, 'waitrose_unit_price': '(£2/100ml)', 'waitrose_new_flag': None, 'waitrose_prod_name': 'DGJ Argan Oil Shampoo 250ml', 'images': []}
DEBUG: Scraped from <200 https://www.waitrose.com/ecom/shop/browse/groceries/toiletries_health_and_beauty/hair_care/shampoo>
{'client': 'Waitrose', 'time': datetime.datetime(2020, 8, 22, 12, 18, 10, 366000), 'category': 'Shampoo', 'id': 'tPp833802-337290-337291', 'prod_name': 'Aussie Miracle Moist Spray', 'waitrose_Qty': '250ml', 'waitrose_discounted_price': '£5.15', 'waitrose_offer_desc': None, 'waitrose_url': 'https://www.waitrose.com/ecom/shop/browse/groceries/toiletries_health_and_beauty/hair_care/shampoo', 'waitrose_rating': None, 'waitrose_unit_price': '(£2.06/100ml)', 'waitrose_new_flag': None, 'waitrose_prod_name': 'Aussie Miracle Moist Spray 250ml', 'images': []}
DEBUG: Scraped from <200 https://www.waitrose.com/ecom/shop/browse/groceries/toiletries_health_and_beauty/hair_care/shampoo>
{'client': 'Waitrose', 'time': datetime.datetime(2020, 8, 22, 12, 18, 10, 366000), 'category': 'Shampoo', 'id': 'tPp567431-729696-729697', 'prod_name': 'Batiste Dry Shampoo for Blondes', 'waitrose_Qty': '200ml', 'waitrose_discounted_price': '£4.00', 'waitrose_offer_desc': None, 'waitrose_url': 'https://www.waitrose.com/ecom/shop/browse/groceries/toiletries_health_and_beauty/hair_care/shampoo', 'waitrose_rating': None, 'waitrose_unit_price': '(£2/100ml)', 'waitrose_new_flag': 'NEW', 'waitrose_prod_name': 'Batiste Dry Shampoo for Blondes 200ml', 'images': []}
DEBUG: Scraped from <200 https://www.waitrose.com/ecom/shop/browse/groceries/toiletries_health_and_beauty/hair_care/shampoo>
{'client': 'Waitrose', 'time': datetime.datetime(2020, 8, 22, 12, 18, 10, 366000), 'category': 'Shampoo', 'id': 'tPp808436-720325-720326', 'prod_name': 'Hask Biotin Boost Shampoo', 'waitrose_Qty': '355ml', 'waitrose_discounted_price': '£7.00', 'waitrose_offer_desc': None, 'waitrose_url': 'https://www.waitrose.com/ecom/shop/browse/groceries/toiletries_health_and_beauty/hair_care/shampoo', 'waitrose_rating': None, 'waitrose_unit_price': '(£1.98/100ml)', 'waitrose_new_flag': None, 'waitrose_prod_name': 'Hask Biotin Boost Shampoo 355ml', 'images': []}
DEBUG: Scraped from <200 https://www.waitrose.com/ecom/shop/browse/groceries/toiletries_health_and_beauty/hair_care/shampoo>
{'client': 'Waitrose', 'time': datetime.datetime(2020, 8, 22, 12, 18, 10, 366000), 'category': 'Shampoo', 'id': 'tPp527154-720165-720166', 'prod_name': 'Maui Moisture Hibiscus Water', 'waitrose_Qty': '385ml', 'waitrose_discounted_price': '£9.00', 'waitrose_offer_desc': None, 'waitrose_url': 'https://www.waitrose.com/ecom/shop/browse/groceries/toiletries_health_and_beauty/hair_care/shampoo', 'waitrose_rating': None, 'waitrose_unit_price': '(£2.34/100ml)', 'waitrose_new_flag': None, 'waitrose_prod_name': 'Maui Moisture Hibiscus Water 385ml', 'images': []}
DEBUG: Scraped from <200 https://www.waitrose.com/ecom/shop/browse/groceries/toiletries_health_and_beauty/hair_care/shampoo>
{'client': 'Waitrose', 'time': datetime.datetime(2020, 8, 22, 12, 18, 10, 366000), 'category': 'Shampoo', 'id': 'tPp663502-695641-695642', 'prod_name': 'Noughty To The Rescue Shampoo', 'waitrose_Qty': '250ml', 'waitrose_discounted_price': '£7.00', 'waitrose_offer_desc': None, 'waitrose_url': 'https://www.waitrose.com/ecom/shop/browse/groceries/toiletries_health_and_beauty/hair_care/shampoo', 'waitrose_rating': '5', 'waitrose_unit_price': '(£2.80/100ml)', 'waitrose_new_flag': None, 'waitrose_prod_name': 'Noughty To The Rescue Shampoo 250ml', 'images': []}
DEBUG: Scraped from <200 https://www.waitrose.com/ecom/shop/browse/groceries/toiletries_health_and_beauty/hair_care/shampoo>
{'client': 'Waitrose', 'time': datetime.datetime(2020, 8, 22, 12, 18, 10, 366000), 'category': 'Shampoo', 'id': 'tPp603087-695555-695556', 'prod_name': 'Noughty Colour Bomb Shampoo', 'waitrose_Qty': '250ml', 'waitrose_discounted_price': '£7.00', 'waitrose_offer_desc': None, 'waitrose_url': 'https://www.waitrose.com/ecom/shop/browse/groceries/toiletries_health_and_beauty/hair_care/shampoo', 'waitrose_rating': '3', 'waitrose_unit_price': '(£2.80/100ml)', 'waitrose_new_flag': None, 'waitrose_prod_name': 'Noughty Colour Bomb Shampoo 250ml', 'images': []}
DEBUG: Scraped from <200 https://www.waitrose.com/ecom/shop/browse/groceries/toiletries_health_and_beauty/hair_care/shampoo>
{'client': 'Waitrose', 'time': datetime.datetime(2020, 8, 22, 12, 18, 10, 366000), 'category': 'Shampoo', 'id': 'tPp591666-681031-681032', 'prod_name': 'Pure Grace Shower Gel', 'waitrose_Qty': '480ml', 'waitrose_discounted_price': '£19.50', 'waitrose_offer_desc': None, 'waitrose_url': 'https://www.waitrose.com/ecom/shop/browse/groceries/toiletries_health_and_beauty/hair_care/shampoo', 'waitrose_rating': None, 'waitrose_unit_price': '(£4.07/100ml)', 'waitrose_new_flag': None, 'waitrose_prod_name': 'Pure Grace Shower Gel 480ml', 'images': []}
DEBUG: Scraped from <200 https://www.waitrose.com/ecom/shop/browse/groceries/toiletries_health_and_beauty/hair_care/shampoo>
{'client': 'Waitrose', 'time': datetime.datetime(2020, 8, 22, 12, 18, 10, 366000), 'category': 'Shampoo', 'id': 'tPp745828-495012-495013', 'prod_name': 'DGJ Kids Lice Repel Shampoo', 'waitrose_Qty': '250ml', 'waitrose_discounted_price': '£3.50', 'waitrose_offer_desc': None, 'waitrose_url': 'https://www.waitrose.com/ecom/shop/browse/groceries/toiletries_health_and_beauty/hair_care/shampoo', 'waitrose_rating': None, 'waitrose_unit_price': '(£1.40/100ml)', 'waitrose_new_flag': None, 'waitrose_prod_name': 'DGJ Kids Lice Repel Shampoo 250ml', 'images': []}
DEBUG: Scraped from <200 https://www.waitrose.com/ecom/shop/browse/groceries/toiletries_health_and_beauty/hair_care/shampoo>
{'client': 'Waitrose', 'time': datetime.datetime(2020, 8, 22, 12, 18, 10, 366000), 'category': 'Shampoo', 'id': 'tPp816738-442231-442232', 'prod_name': 'SensSpa Nourishing Shampoo', 'waitrose_Qty': '250ml', 'waitrose_discounted_price': '£6.00', 'waitrose_offer_desc': None, 'waitrose_url': 'https://www.waitrose.com/ecom/shop/browse/groceries/toiletries_health_and_beauty/hair_care/shampoo', 'waitrose_rating': '2.6', 'waitrose_unit_price': '(£2.40/100ml)', 'waitrose_new_flag': None, 'waitrose_prod_name': 'SensSpa Nourishing Shampoo 250ml', 'images': []}
INFO: Closing spider (finished)
INFO: Stored json feed (140 items) in: waitrose_082220.json
INFO: Dumping Scrapy stats:
{'downloader/request_bytes': 2588,
 'downloader/request_count': 1,
 'downloader/request_method_count/POST': 1,
 'downloader/response_bytes': 1493056,
 'downloader/response_count': 1,
 'downloader/response_status_count/200': 1,
 'finish_reason': 'finished',
 'finish_time': datetime.datetime(2020, 8, 22, 6, 49, 41, 42522),
 'item_scraped_count': 140,
 'log_count/DEBUG': 141,
 'log_count/INFO': 11,
 'log_count/WARNING': 1,
 'response_received_count': 1,
 'scheduler/dequeued': 2,
 'scheduler/dequeued/memory': 2,
 'scheduler/enqueued': 2,
 'scheduler/enqueued/memory': 2,
 'splash/execute/request_count': 1,
 'splash/execute/response_count/200': 1,
 'start_time': datetime.datetime(2020, 8, 22, 6, 48, 12, 344994)}
INFO: Spider closed (finished)
INFO: Scrapy 1.6.0 started (bot: waitrose)
INFO: Versions: lxml 4.5.1.0, libxml2 2.9.10, cssselect 1.1.0, parsel 1.6.0, w3lib 1.22.0, Twisted 20.3.0, Python 3.7.7 (default, May  6 2020, 11:45:54) [MSC v.1916 64 bit (AMD64)], pyOpenSSL 19.1.0 (OpenSSL 1.1.1g  21 Apr 2020), cryptography 2.9.2, Platform Windows-10-10.0.18362-SP0
INFO: Overridden settings: {'BOT_NAME': 'waitrose', 'DOWNLOAD_TIMEOUT': 1200, 'DUPEFILTER_CLASS': 'scrapy_splash.SplashAwareDupeFilter', 'FEED_EXPORT_ENCODING': 'utf-8', 'FEED_FORMAT': 'json', 'FEED_URI': 'waitrose_082320.json', 'NEWSPIDER_MODULE': 'waitrose.spiders', 'SPIDER_MODULES': ['waitrose.spiders']}
INFO: Telnet Password: 5ef0e2027064250b
INFO: Enabled extensions:
['scrapy.extensions.corestats.CoreStats',
 'scrapy.extensions.telnet.TelnetConsole',
 'scrapy.extensions.feedexport.FeedExporter',
 'scrapy.extensions.logstats.LogStats']
INFO: Enabled downloader middlewares:
['scrapy.downloadermiddlewares.httpauth.HttpAuthMiddleware',
 'scrapy.downloadermiddlewares.downloadtimeout.DownloadTimeoutMiddleware',
 'scrapy.downloadermiddlewares.defaultheaders.DefaultHeadersMiddleware',
 'scrapy.downloadermiddlewares.useragent.UserAgentMiddleware',
 'scrapy.downloadermiddlewares.retry.RetryMiddleware',
 'scrapy.downloadermiddlewares.redirect.MetaRefreshMiddleware',
 'scrapy.downloadermiddlewares.redirect.RedirectMiddleware',
 'scrapy.downloadermiddlewares.cookies.CookiesMiddleware',
 'scrapy_splash.SplashCookiesMiddleware',
 'scrapy_splash.SplashMiddleware',
 'scrapy.downloadermiddlewares.httpproxy.HttpProxyMiddleware',
 'scrapy.downloadermiddlewares.httpcompression.HttpCompressionMiddleware',
 'scrapy.downloadermiddlewares.stats.DownloaderStats']
INFO: Enabled spider middlewares:
['scrapy.spidermiddlewares.httperror.HttpErrorMiddleware',
 'scrapy_splash.SplashDeduplicateArgsMiddleware',
 'scrapy.spidermiddlewares.offsite.OffsiteMiddleware',
 'scrapy.spidermiddlewares.referer.RefererMiddleware',
 'scrapy.spidermiddlewares.urllength.UrlLengthMiddleware',
 'scrapy.spidermiddlewares.depth.DepthMiddleware']
INFO: Enabled item pipelines:
['waitrose.pipelines.ImageDownloaderPipeline',
 'waitrose.pipelines.SQLlitePipeline']
INFO: Spider opened
INFO: Crawled 0 pages (at 0 pages/min), scraped 0 items (at 0 items/min)
WARNING: C:\Users\sujithk\AppData\Local\Continuum\anaconda3\envs\Virtual_Env\lib\site-packages\scrapy\spidermiddlewares\offsite.py:61: URLWarning: allowed_domains accepts only domains, not URLs. Ignoring URL entry https://www.waitrose.com/ in allowed_domains.
  warnings.warn(message, URLWarning)

INFO: Telnet console listening on 127.0.0.1:6026
INFO: Crawled 0 pages (at 0 pages/min), scraped 0 items (at 0 items/min)
DEBUG: Crawled (200) <GET https://www.waitrose.com/ecom/shop/browse/groceries/toiletries_health_and_beauty/hair_care/shampoo via http://192.168.1.9:8050/execute> (referer: None)
DEBUG: Scraped from <200 https://www.waitrose.com/ecom/shop/browse/groceries/toiletries_health_and_beauty/hair_care/shampoo>
{'client': 'Waitrose', 'time': datetime.datetime(2020, 8, 23, 18, 32, 56, 501632), 'category': 'Shampoo', 'id': 'tPp639366-90822-90823', 'prod_name': 'Head & Shoulders Shampoo Classic', 'waitrose_Qty': '500ml', 'waitrose_discounted_price': '£3.43', 'waitrose_offer_desc': 'Save 1/3.', 'waitrose_url': 'https://www.waitrose.com/ecom/shop/browse/groceries/toiletries_health_and_beauty/hair_care/shampoo', 'waitrose_rating': '3.5', 'waitrose_unit_price': '(68.6p/100ml)', 'waitrose_new_flag': None, 'waitrose_prod_name': 'Head & Shoulders Shampoo Classic 500ml', 'images': []}
DEBUG: Scraped from <200 https://www.waitrose.com/ecom/shop/browse/groceries/toiletries_health_and_beauty/hair_care/shampoo>
{'client': 'Waitrose', 'time': datetime.datetime(2020, 8, 23, 18, 32, 56, 501632), 'category': 'Shampoo', 'id': 'tPp435635-694165-694166', 'prod_name': 'Pantene Classic Clean Shampoo', 'waitrose_Qty': '500ml', 'waitrose_discounted_price': '£5.15', 'waitrose_offer_desc': 'Add 2 for £5', 'waitrose_url': 'https://www.waitrose.com/ecom/shop/browse/groceries/toiletries_health_and_beauty/hair_care/shampoo', 'waitrose_rating': None, 'waitrose_unit_price': '(£1.03/100ml)', 'waitrose_new_flag': None, 'waitrose_prod_name': 'Pantene Classic Clean Shampoo 500ml', 'images': []}
DEBUG: Scraped from <200 https://www.waitrose.com/ecom/shop/browse/groceries/toiletries_health_and_beauty/hair_care/shampoo>
{'client': 'Waitrose', 'time': datetime.datetime(2020, 8, 23, 18, 32, 56, 501632), 'category': 'Shampoo', 'id': 'tPp824583-694195-694196', 'prod_name': 'Pantene Repair & Protect Shampoo', 'waitrose_Qty': '500ml', 'waitrose_discounted_price': '£3.75', 'waitrose_offer_desc': 'Add 2 for £5', 'waitrose_url': 'https://www.waitrose.com/ecom/shop/browse/groceries/toiletries_health_and_beauty/hair_care/shampoo', 'waitrose_rating': None, 'waitrose_unit_price': '(75p/100ml)', 'waitrose_new_flag': None, 'waitrose_prod_name': 'Pantene Repair & Protect Shampoo 500ml', 'images': []}
DEBUG: Scraped from <200 https://www.waitrose.com/ecom/shop/browse/groceries/toiletries_health_and_beauty/hair_care/shampoo>
{'client': 'Waitrose', 'time': datetime.datetime(2020, 8, 23, 18, 32, 56, 501632), 'category': 'Shampoo', 'id': 'tPp836753-694201-694202', 'prod_name': 'Pantene Volume & Body Shampoo', 'waitrose_Qty': '500ml', 'waitrose_discounted_price': '£5.15', 'waitrose_offer_desc': 'Add 2 for £5', 'waitrose_url': 'https://www.waitrose.com/ecom/shop/browse/groceries/toiletries_health_and_beauty/hair_care/shampoo', 'waitrose_rating': None, 'waitrose_unit_price': '(£1.03/100ml)', 'waitrose_new_flag': None, 'waitrose_prod_name': 'Pantene Volume & Body Shampoo 500ml', 'images': []}
DEBUG: Scraped from <200 https://www.waitrose.com/ecom/shop/browse/groceries/toiletries_health_and_beauty/hair_care/shampoo>
{'client': 'Waitrose', 'time': datetime.datetime(2020, 8, 23, 18, 32, 56, 501632), 'category': 'Shampoo', 'id': 'tPp455905-591789-591790', 'prod_name': 'Herbal Essences clean Shampoo', 'waitrose_Qty': '400ml', 'waitrose_discounted_price': '£4.50', 'waitrose_offer_desc': 'Add 2 for £6', 'waitrose_url': 'https://www.waitrose.com/ecom/shop/browse/groceries/toiletries_health_and_beauty/hair_care/shampoo', 'waitrose_rating': None, 'waitrose_unit_price': '(£1.13/100ml)', 'waitrose_new_flag': None, 'waitrose_prod_name': 'Herbal Essences clean Shampoo 400ml', 'images': []}
DEBUG: Scraped from <200 https://www.waitrose.com/ecom/shop/browse/groceries/toiletries_health_and_beauty/hair_care/shampoo>
{'client': 'Waitrose', 'time': datetime.datetime(2020, 8, 23, 18, 32, 56, 501632), 'category': 'Shampoo', 'id': 'tPp582132-472091-472092', 'prod_name': 'Ogx Argan Oil Morocco Shampoo', 'waitrose_Qty': '385ml', 'waitrose_discounted_price': '£7.00', 'waitrose_offer_desc': 'Add 2 for £10', 'waitrose_url': 'https://www.waitrose.com/ecom/shop/browse/groceries/toiletries_health_and_beauty/hair_care/shampoo', 'waitrose_rating': '4', 'waitrose_unit_price': '(£1.82/100ml)', 'waitrose_new_flag': None, 'waitrose_prod_name': 'Ogx Argan Oil Morocco Shampoo 385ml', 'images': []}
DEBUG: Scraped from <200 https://www.waitrose.com/ecom/shop/browse/groceries/toiletries_health_and_beauty/hair_care/shampoo>
{'client': 'Waitrose', 'time': datetime.datetime(2020, 8, 23, 18, 32, 56, 501632), 'category': 'Shampoo', 'id': 'tPp839781-154875-154876', 'prod_name': 'Aussie miracle moist shampoo', 'waitrose_Qty': '500ml', 'waitrose_discounted_price': '£6.15', 'waitrose_offer_desc': 'Add 2 for £9', 'waitrose_url': 'https://www.waitrose.com/ecom/shop/browse/groceries/toiletries_health_and_beauty/hair_care/shampoo', 'waitrose_rating': None, 'waitrose_unit_price': '(£1.23/100ml)', 'waitrose_new_flag': None, 'waitrose_prod_name': 'Aussie miracle moist shampoo 500ml', 'images': []}
DEBUG: Scraped from <200 https://www.waitrose.com/ecom/shop/browse/groceries/toiletries_health_and_beauty/hair_care/shampoo>
{'client': 'Waitrose', 'time': datetime.datetime(2020, 8, 23, 18, 32, 56, 501632), 'category': 'Shampoo', 'id': 'tPp757780-107799-107800', 'prod_name': 'Head & Shoulders 2in1 Classic Clean', 'waitrose_Qty': '450ml', 'waitrose_discounted_price': '£3.43', 'waitrose_offer_desc': 'Save 1/3.', 'waitrose_url': 'https://www.waitrose.com/ecom/shop/browse/groceries/toiletries_health_and_beauty/hair_care/shampoo', 'waitrose_rating': '4', 'waitrose_unit_price': '(76.2p/100ml)', 'waitrose_new_flag': None, 'waitrose_prod_name': 'Head & Shoulders 2in1 Classic Clean 450ml', 'images': []}
DEBUG: Scraped from <200 https://www.waitrose.com/ecom/shop/browse/groceries/toiletries_health_and_beauty/hair_care/shampoo>
{'client': 'Waitrose', 'time': datetime.datetime(2020, 8, 23, 18, 32, 56, 501632), 'category': 'Shampoo', 'id': 'tPp657721-694179-694180', 'prod_name': 'Pantene 3 in 1 Classic Clean', 'waitrose_Qty': '450ml', 'waitrose_discounted_price': '£3.75', 'waitrose_offer_desc': 'Add 2 for £5', 'waitrose_url': 'https://www.waitrose.com/ecom/shop/browse/groceries/toiletries_health_and_beauty/hair_care/shampoo', 'waitrose_rating': None, 'waitrose_unit_price': '(83.3p/100ml)', 'waitrose_new_flag': None, 'waitrose_prod_name': 'Pantene 3 in 1 Classic Clean 450ml', 'images': []}
DEBUG: Scraped from <200 https://www.waitrose.com/ecom/shop/browse/groceries/toiletries_health_and_beauty/hair_care/shampoo>
{'client': 'Waitrose', 'time': datetime.datetime(2020, 8, 23, 18, 32, 56, 501632), 'category': 'Shampoo', 'id': 'tPp821139-694191-694192', 'prod_name': 'Pantene Smooth & Sleek Shampoo', 'waitrose_Qty': '500ml', 'waitrose_discounted_price': '£5.15', 'waitrose_offer_desc': 'Add 2 for £5', 'waitrose_url': 'https://www.waitrose.com/ecom/shop/browse/groceries/toiletries_health_and_beauty/hair_care/shampoo', 'waitrose_rating': None, 'waitrose_unit_price': '(£1.03/100ml)', 'waitrose_new_flag': None, 'waitrose_prod_name': 'Pantene Smooth & Sleek Shampoo 500ml', 'images': []}
DEBUG: Scraped from <200 https://www.waitrose.com/ecom/shop/browse/groceries/toiletries_health_and_beauty/hair_care/shampoo>
{'client': 'Waitrose', 'time': datetime.datetime(2020, 8, 23, 18, 32, 56, 501632), 'category': 'Shampoo', 'id': 'tPp882824-154983-154984', 'prod_name': 'Head & Shoulders itchy scalp shampoo', 'waitrose_Qty': '500ml', 'waitrose_discounted_price': '£3.43', 'waitrose_offer_desc': 'Save 1/3.', 'waitrose_url': 'https://www.waitrose.com/ecom/shop/browse/groceries/toiletries_health_and_beauty/hair_care/shampoo', 'waitrose_rating': '5', 'waitrose_unit_price': '(68.6p/100ml)', 'waitrose_new_flag': None, 'waitrose_prod_name': 'Head & Shoulders itchy scalp shampoo 500ml', 'images': []}
DEBUG: Scraped from <200 https://www.waitrose.com/ecom/shop/browse/groceries/toiletries_health_and_beauty/hair_care/shampoo>
{'client': 'Waitrose', 'time': datetime.datetime(2020, 8, 23, 18, 32, 56, 501632), 'category': 'Shampoo', 'id': 'tPp490113-591883-591884', 'prod_name': 'Herbal Essences Volume Shampoo', 'waitrose_Qty': '400ml', 'waitrose_discounted_price': '£4.50', 'waitrose_offer_desc': 'Add 2 for £6', 'waitrose_url': 'https://www.waitrose.com/ecom/shop/browse/groceries/toiletries_health_and_beauty/hair_care/shampoo', 'waitrose_rating': '5', 'waitrose_unit_price': '(£1.13/100ml)', 'waitrose_new_flag': None, 'waitrose_prod_name': 'Herbal Essences Volume Shampoo 400ml', 'images': []}
DEBUG: Scraped from <200 https://www.waitrose.com/ecom/shop/browse/groceries/toiletries_health_and_beauty/hair_care/shampoo>
{'client': 'Waitrose', 'time': datetime.datetime(2020, 8, 23, 18, 32, 56, 501632), 'category': 'Shampoo', 'id': 'tPp701301-99532-99533', 'prod_name': 'Essential Daily Care Shampoo', 'waitrose_Qty': '300ml', 'waitrose_discounted_price': '80p', 'waitrose_offer_desc': None, 'waitrose_url': 'https://www.waitrose.com/ecom/shop/browse/groceries/toiletries_health_and_beauty/hair_care/shampoo', 'waitrose_rating': '4.1', 'waitrose_unit_price': '(26.7p/100ml)', 'waitrose_new_flag': None, 'waitrose_prod_name': 'Essential Daily Care Shampoo 300ml', 'images': []}
DEBUG: Scraped from <200 https://www.waitrose.com/ecom/shop/browse/groceries/toiletries_health_and_beauty/hair_care/shampoo>
{'client': 'Waitrose', 'time': datetime.datetime(2020, 8, 23, 18, 32, 56, 501632), 'category': 'Shampoo', 'id': 'tPp407453-471203-471204', 'prod_name': 'Ogx Biotin & Collagen Shampoo', 'waitrose_Qty': '385ml', 'waitrose_discounted_price': '£7.00', 'waitrose_offer_desc': 'Add 2 for £10', 'waitrose_url': 'https://www.waitrose.com/ecom/shop/browse/groceries/toiletries_health_and_beauty/hair_care/shampoo', 'waitrose_rating': None, 'waitrose_unit_price': '(£1.82/100ml)', 'waitrose_new_flag': None, 'waitrose_prod_name': 'Ogx Biotin & Collagen Shampoo 385ml', 'images': []}
DEBUG: Scraped from <200 https://www.waitrose.com/ecom/shop/browse/groceries/toiletries_health_and_beauty/hair_care/shampoo>
{'client': 'Waitrose', 'time': datetime.datetime(2020, 8, 23, 18, 32, 56, 501632), 'category': 'Shampoo', 'id': 'tPp427668-591713-591714', 'prod_name': 'Herbal Essences Hydrate Shampoo', 'waitrose_Qty': '400ml', 'waitrose_discounted_price': '£4.50', 'waitrose_offer_desc': 'Add 2 for £6', 'waitrose_url': 'https://www.waitrose.com/ecom/shop/browse/groceries/toiletries_health_and_beauty/hair_care/shampoo', 'waitrose_rating': '5', 'waitrose_unit_price': '(£1.13/100ml)', 'waitrose_new_flag': None, 'waitrose_prod_name': 'Herbal Essences Hydrate Shampoo 400ml', 'images': []}
DEBUG: Scraped from <200 https://www.waitrose.com/ecom/shop/browse/groceries/toiletries_health_and_beauty/hair_care/shampoo>
{'client': 'Waitrose', 'time': datetime.datetime(2020, 8, 23, 18, 32, 56, 501632), 'category': 'Shampoo', 'id': 'tPp581617-694173-694174', 'prod_name': 'Pantene Colour Protect Shampoo', 'waitrose_Qty': '500ml', 'waitrose_discounted_price': '£5.15', 'waitrose_offer_desc': 'Add 2 for £5', 'waitrose_url': 'https://www.waitrose.com/ecom/shop/browse/groceries/toiletries_health_and_beauty/hair_care/shampoo', 'waitrose_rating': None, 'waitrose_unit_price': '(£1.03/100ml)', 'waitrose_new_flag': None, 'waitrose_prod_name': 'Pantene Colour Protect Shampoo 500ml', 'images': []}
DEBUG: Scraped from <200 https://www.waitrose.com/ecom/shop/browse/groceries/toiletries_health_and_beauty/hair_care/shampoo>
{'client': 'Waitrose', 'time': datetime.datetime(2020, 8, 23, 18, 32, 56, 501632), 'category': 'Shampoo', 'id': 'tPp627460-154629-154630', 'prod_name': 'Aussie mega shampoo', 'waitrose_Qty': '500ml', 'waitrose_discounted_price': '£6.15', 'waitrose_offer_desc': 'Add 2 for £9', 'waitrose_url': 'https://www.waitrose.com/ecom/shop/browse/groceries/toiletries_health_and_beauty/hair_care/shampoo', 'waitrose_rating': '3.8', 'waitrose_unit_price': '(£1.23/100ml)', 'waitrose_new_flag': None, 'waitrose_prod_name': 'Aussie mega shampoo 500ml', 'images': []}
DEBUG: Scraped from <200 https://www.waitrose.com/ecom/shop/browse/groceries/toiletries_health_and_beauty/hair_care/shampoo>
{'client': 'Waitrose', 'time': datetime.datetime(2020, 8, 23, 18, 32, 56, 501632), 'category': 'Shampoo', 'id': 'tPp472240-591833-591834', 'prod_name': 'Herbal Essences Repair Shampoo', 'waitrose_Qty': '400ml', 'waitrose_discounted_price': '£4.50', 'waitrose_offer_desc': 'Add 2 for £6', 'waitrose_url': 'https://www.waitrose.com/ecom/shop/browse/groceries/toiletries_health_and_beauty/hair_care/shampoo', 'waitrose_rating': '5', 'waitrose_unit_price': '(£1.13/100ml)', 'waitrose_new_flag': None, 'waitrose_prod_name': 'Herbal Essences Repair Shampoo 400ml', 'images': []}
DEBUG: Scraped from <200 https://www.waitrose.com/ecom/shop/browse/groceries/toiletries_health_and_beauty/hair_care/shampoo>
{'client': 'Waitrose', 'time': datetime.datetime(2020, 8, 23, 18, 32, 56, 501632), 'category': 'Shampoo', 'id': 'tPp535961-75786-75787', 'prod_name': 'essential Waitrose Nourishing Shampoo', 'waitrose_Qty': '300ml', 'waitrose_discounted_price': '80p', 'waitrose_offer_desc': None, 'waitrose_url': 'https://www.waitrose.com/ecom/shop/browse/groceries/toiletries_health_and_beauty/hair_care/shampoo', 'waitrose_rating': '4.4', 'waitrose_unit_price': '(26.7p/100ml)', 'waitrose_new_flag': None, 'waitrose_prod_name': 'essential Waitrose Nourishing Shampoo 300ml', 'images': []}
DEBUG: Scraped from <200 https://www.waitrose.com/ecom/shop/browse/groceries/toiletries_health_and_beauty/hair_care/shampoo>
{'client': 'Waitrose', 'time': datetime.datetime(2020, 8, 23, 18, 32, 56, 501632), 'category': 'Shampoo', 'id': 'tPp855140-216863-216864', 'prod_name': 'Ogx Coconut Milk Shampoo', 'waitrose_Qty': '385ml', 'waitrose_discounted_price': '£7.00', 'waitrose_offer_desc': 'Add 2 for £10', 'waitrose_url': 'https://www.waitrose.com/ecom/shop/browse/groceries/toiletries_health_and_beauty/hair_care/shampoo', 'waitrose_rating': '5', 'waitrose_unit_price': '(£1.82/100ml)', 'waitrose_new_flag': None, 'waitrose_prod_name': 'Ogx Coconut Milk Shampoo 385ml', 'images': []}
DEBUG: Scraped from <200 https://www.waitrose.com/ecom/shop/browse/groceries/toiletries_health_and_beauty/hair_care/shampoo>
{'client': 'Waitrose', 'time': datetime.datetime(2020, 8, 23, 18, 32, 56, 501632), 'category': 'Shampoo', 'id': 'tPp886458-216893-216894', 'prod_name': 'Ogx Brazilian Keratin Shampoo', 'waitrose_Qty': '385ml', 'waitrose_discounted_price': '£7.00', 'waitrose_offer_desc': 'Add 2 for £10', 'waitrose_url': 'https://www.waitrose.com/ecom/shop/browse/groceries/toiletries_health_and_beauty/hair_care/shampoo', 'waitrose_rating': '5', 'waitrose_unit_price': '(£1.82/100ml)', 'waitrose_new_flag': None, 'waitrose_prod_name': 'Ogx Brazilian Keratin Shampoo 385ml', 'images': []}
DEBUG: Scraped from <200 https://www.waitrose.com/ecom/shop/browse/groceries/toiletries_health_and_beauty/hair_care/shampoo>
{'client': 'Waitrose', 'time': datetime.datetime(2020, 8, 23, 18, 32, 56, 501632), 'category': 'Shampoo', 'id': 'tPp868154-695990-695991', 'prod_name': 'Hair Biology Purple Shampoo', 'waitrose_Qty': '250ml', 'waitrose_discounted_price': '£2.99', 'waitrose_offer_desc': 'Save 1/3.', 'waitrose_url': 'https://www.waitrose.com/ecom/shop/browse/groceries/toiletries_health_and_beauty/hair_care/shampoo', 'waitrose_rating': None, 'waitrose_unit_price': '(£1.20/100ml)', 'waitrose_new_flag': None, 'waitrose_prod_name': 'Hair Biology Purple Shampoo 250ml', 'images': []}
DEBUG: Scraped from <200 https://www.waitrose.com/ecom/shop/browse/groceries/toiletries_health_and_beauty/hair_care/shampoo>
{'client': 'Waitrose', 'time': datetime.datetime(2020, 8, 23, 18, 32, 56, 501632), 'category': 'Shampoo', 'id': 'tPp047805-23664-23665', 'prod_name': 'Avalon Organics tea tree shampoo', 'waitrose_Qty': '325ml', 'waitrose_discounted_price': '£7.00', 'waitrose_offer_desc': 'Add 2 for £11', 'waitrose_url': 'https://www.waitrose.com/ecom/shop/browse/groceries/toiletries_health_and_beauty/hair_care/shampoo', 'waitrose_rating': '4.9', 'waitrose_unit_price': '(£2.16/100ml)', 'waitrose_new_flag': None, 'waitrose_prod_name': 'Avalon Organics tea tree shampoo 325ml', 'images': []}
DEBUG: Scraped from <200 https://www.waitrose.com/ecom/shop/browse/groceries/toiletries_health_and_beauty/hair_care/shampoo>
{'client': 'Waitrose', 'time': datetime.datetime(2020, 8, 23, 18, 32, 56, 501632), 'category': 'Shampoo', 'id': 'tPp752186-631541-631542', 'prod_name': 'Ogx Coconut OIl Shampoo', 'waitrose_Qty': '385ml', 'waitrose_discounted_price': '£7.00', 'waitrose_offer_desc': 'Add 2 for £10', 'waitrose_url': 'https://www.waitrose.com/ecom/shop/browse/groceries/toiletries_health_and_beauty/hair_care/shampoo', 'waitrose_rating': None, 'waitrose_unit_price': '(£1.82/100ml)', 'waitrose_new_flag': None, 'waitrose_prod_name': 'Ogx Coconut OIl Shampoo 385ml', 'images': []}
DEBUG: Scraped from <200 https://www.waitrose.com/ecom/shop/browse/groceries/toiletries_health_and_beauty/hair_care/shampoo>
{'client': 'Waitrose', 'time': datetime.datetime(2020, 8, 23, 18, 32, 56, 501632), 'category': 'Shampoo', 'id': 'tPp755349-720291-720292', 'prod_name': 'Herbal Essences Aloe & Mango Shampoo', 'waitrose_Qty': '380ml', 'waitrose_discounted_price': '£4.50', 'waitrose_offer_desc': 'Add 2 for £6', 'waitrose_url': 'https://www.waitrose.com/ecom/shop/browse/groceries/toiletries_health_and_beauty/hair_care/shampoo', 'waitrose_rating': None, 'waitrose_unit_price': '(£1.19/100ml)', 'waitrose_new_flag': None, 'waitrose_prod_name': 'Herbal Essences Aloe & Mango Shampoo 380ml', 'images': []}
DEBUG: Scraped from <200 https://www.waitrose.com/ecom/shop/browse/groceries/toiletries_health_and_beauty/hair_care/shampoo>
{'client': 'Waitrose', 'time': datetime.datetime(2020, 8, 23, 18, 32, 56, 501632), 'category': 'Shampoo', 'id': 'tPp791725-375655-375656', 'prod_name': 'Ogx Kukuí Oil Shampoo', 'waitrose_Qty': '385ml', 'waitrose_discounted_price': '£7.00', 'waitrose_offer_desc': 'Add 2 for £10', 'waitrose_url': 'https://www.waitrose.com/ecom/shop/browse/groceries/toiletries_health_and_beauty/hair_care/shampoo', 'waitrose_rating': '5', 'waitrose_unit_price': '(£1.82/100ml)', 'waitrose_new_flag': None, 'waitrose_prod_name': 'Ogx Kukuí Oil Shampoo 385ml', 'images': []}
DEBUG: Scraped from <200 https://www.waitrose.com/ecom/shop/browse/groceries/toiletries_health_and_beauty/hair_care/shampoo>
{'client': 'Waitrose', 'time': datetime.datetime(2020, 8, 23, 18, 32, 56, 501632), 'category': 'Shampoo', 'id': 'tPp432893-216691-216692', 'prod_name': 'Head & Shoulders Shampoo Apple Fresh', 'waitrose_Qty': '500ml', 'waitrose_discounted_price': '£3.43', 'waitrose_offer_desc': 'Save 1/3.', 'waitrose_url': 'https://www.waitrose.com/ecom/shop/browse/groceries/toiletries_health_and_beauty/hair_care/shampoo', 'waitrose_rating': None, 'waitrose_unit_price': '(68.6p/100ml)', 'waitrose_new_flag': None, 'waitrose_prod_name': 'Head & Shoulders Shampoo Apple Fresh 500ml', 'images': []}
DEBUG: Scraped from <200 https://www.waitrose.com/ecom/shop/browse/groceries/toiletries_health_and_beauty/hair_care/shampoo>
{'client': 'Waitrose', 'time': datetime.datetime(2020, 8, 23, 18, 32, 56, 501632), 'category': 'Shampoo', 'id': 'tPp626001-88825-88826', 'prod_name': 'Head & Shoulders Shampoo Citrus Fresh', 'waitrose_Qty': '500ml', 'waitrose_discounted_price': '£3.43', 'waitrose_offer_desc': 'Save 1/3.', 'waitrose_url': 'https://www.waitrose.com/ecom/shop/browse/groceries/toiletries_health_and_beauty/hair_care/shampoo', 'waitrose_rating': None, 'waitrose_unit_price': '(68.6p/100ml)', 'waitrose_new_flag': None, 'waitrose_prod_name': 'Head & Shoulders Shampoo Citrus Fresh 500ml', 'images': []}
DEBUG: Scraped from <200 https://www.waitrose.com/ecom/shop/browse/groceries/toiletries_health_and_beauty/hair_care/shampoo>
{'client': 'Waitrose', 'time': datetime.datetime(2020, 8, 23, 18, 32, 56, 501632), 'category': 'Shampoo', 'id': 'tPp755068-720289-720290', 'prod_name': 'Herbal Essences Aloe Hemp Shampoo', 'waitrose_Qty': '380ml', 'waitrose_discounted_price': '£4.50', 'waitrose_offer_desc': 'Add 2 for £6', 'waitrose_url': 'https://www.waitrose.com/ecom/shop/browse/groceries/toiletries_health_and_beauty/hair_care/shampoo', 'waitrose_rating': None, 'waitrose_unit_price': '(£1.19/100ml)', 'waitrose_new_flag': None, 'waitrose_prod_name': 'Herbal Essences Aloe Hemp Shampoo 380ml', 'images': []}
DEBUG: Scraped from <200 https://www.waitrose.com/ecom/shop/browse/groceries/toiletries_health_and_beauty/hair_care/shampoo>
{'client': 'Waitrose', 'time': datetime.datetime(2020, 8, 23, 18, 32, 56, 501632), 'category': 'Shampoo', 'id': 'tPp721134-337091-337092', 'prod_name': 'Aussie miracle shine shampoo', 'waitrose_Qty': '500ml', 'waitrose_discounted_price': '£6.00', 'waitrose_offer_desc': 'Add 2 for £9', 'waitrose_url': 'https://www.waitrose.com/ecom/shop/browse/groceries/toiletries_health_and_beauty/hair_care/shampoo', 'waitrose_rating': None, 'waitrose_unit_price': '(£1.20/100ml)', 'waitrose_new_flag': None, 'waitrose_prod_name': 'Aussie miracle shine shampoo 500ml', 'images': []}
DEBUG: Scraped from <200 https://www.waitrose.com/ecom/shop/browse/groceries/toiletries_health_and_beauty/hair_care/shampoo>
{'client': 'Waitrose', 'time': datetime.datetime(2020, 8, 23, 18, 32, 56, 501632), 'category': 'Shampoo', 'id': 'tPp810201-352482-352483', 'prod_name': 'Essential Daily Care 2 in 1', 'waitrose_Qty': '300ml', 'waitrose_discounted_price': '80p', 'waitrose_offer_desc': None, 'waitrose_url': 'https://www.waitrose.com/ecom/shop/browse/groceries/toiletries_health_and_beauty/hair_care/shampoo', 'waitrose_rating': '4.3', 'waitrose_unit_price': '(26.7p/100ml)', 'waitrose_new_flag': None, 'waitrose_prod_name': 'Essential Daily Care 2 in 1 300ml', 'images': []}
DEBUG: Scraped from <200 https://www.waitrose.com/ecom/shop/browse/groceries/toiletries_health_and_beauty/hair_care/shampoo>
{'client': 'Waitrose', 'time': datetime.datetime(2020, 8, 23, 18, 32, 56, 501632), 'category': 'Shampoo', 'id': 'tPp820157-724089-724090', 'prod_name': 'Eco Warrior Shampoo Bar', 'waitrose_Qty': '100g', 'waitrose_discounted_price': '£3.00', 'waitrose_offer_desc': 'Save 1/3.', 'waitrose_url': 'https://www.waitrose.com/ecom/shop/browse/groceries/toiletries_health_and_beauty/hair_care/shampoo', 'waitrose_rating': None, 'waitrose_unit_price': '(£3/100g)', 'waitrose_new_flag': None, 'waitrose_prod_name': 'Eco Warrior Shampoo Bar 100g', 'images': []}
DEBUG: Scraped from <200 https://www.waitrose.com/ecom/shop/browse/groceries/toiletries_health_and_beauty/hair_care/shampoo>
{'client': 'Waitrose', 'time': datetime.datetime(2020, 8, 23, 18, 32, 56, 501632), 'category': 'Shampoo', 'id': 'tPp426973-298983-298984', 'prod_name': 'Head & Shoulders 2in1 Apple Fresh', 'waitrose_Qty': '450ml', 'waitrose_discounted_price': '£3.33', 'waitrose_offer_desc': 'Save 1/3.', 'waitrose_url': 'https://www.waitrose.com/ecom/shop/browse/groceries/toiletries_health_and_beauty/hair_care/shampoo', 'waitrose_rating': None, 'waitrose_unit_price': '(74p/100ml)', 'waitrose_new_flag': None, 'waitrose_prod_name': 'Head & Shoulders 2in1 Apple Fresh 450ml', 'images': []}
DEBUG: Scraped from <200 https://www.waitrose.com/ecom/shop/browse/groceries/toiletries_health_and_beauty/hair_care/shampoo>
{'client': 'Waitrose', 'time': datetime.datetime(2020, 8, 23, 18, 32, 56, 501632), 'category': 'Shampoo', 'id': 'tPp735751-154731-154732', 'prod_name': 'Aussie aussome volume shampoo', 'waitrose_Qty': '500ml', 'waitrose_discounted_price': '£6.10', 'waitrose_offer_desc': 'Add 2 for £9', 'waitrose_url': 'https://www.waitrose.com/ecom/shop/browse/groceries/toiletries_health_and_beauty/hair_care/shampoo', 'waitrose_rating': None, 'waitrose_unit_price': '(£1.22/100ml)', 'waitrose_new_flag': None, 'waitrose_prod_name': 'Aussie aussome volume shampoo 500ml', 'images': []}
DEBUG: Scraped from <200 https://www.waitrose.com/ecom/shop/browse/groceries/toiletries_health_and_beauty/hair_care/shampoo>
{'client': 'Waitrose', 'time': datetime.datetime(2020, 8, 23, 18, 32, 56, 501632), 'category': 'Shampoo', 'id': 'tPp740653-352034-352035', 'prod_name': 'essential Waitrose Anti-Dandruff 2 in 1', 'waitrose_Qty': '300ml', 'waitrose_discounted_price': '£1.00', 'waitrose_offer_desc': None, 'waitrose_url': 'https://www.waitrose.com/ecom/shop/browse/groceries/toiletries_health_and_beauty/hair_care/shampoo', 'waitrose_rating': '4', 'waitrose_unit_price': '(33.3p/100ml)', 'waitrose_new_flag': None, 'waitrose_prod_name': 'essential Waitrose Anti-Dandruff 2 in 1 300ml', 'images': []}
DEBUG: Scraped from <200 https://www.waitrose.com/ecom/shop/browse/groceries/toiletries_health_and_beauty/hair_care/shampoo>
{'client': 'Waitrose', 'time': datetime.datetime(2020, 8, 23, 18, 32, 56, 501632), 'category': 'Shampoo', 'id': 'tPp027940-13599-13600', 'prod_name': 'Avalon Organics lemon shampoo', 'waitrose_Qty': '325ml', 'waitrose_discounted_price': '£7.00', 'waitrose_offer_desc': 'Add 2 for £11', 'waitrose_url': 'https://www.waitrose.com/ecom/shop/browse/groceries/toiletries_health_and_beauty/hair_care/shampoo', 'waitrose_rating': '3.6', 'waitrose_unit_price': '(£2.16/100ml)', 'waitrose_new_flag': None, 'waitrose_prod_name': 'Avalon Organics lemon shampoo 325ml', 'images': []}
DEBUG: Scraped from <200 https://www.waitrose.com/ecom/shop/browse/groceries/toiletries_health_and_beauty/hair_care/shampoo>
{'client': 'Waitrose', 'time': datetime.datetime(2020, 8, 23, 18, 32, 56, 501632), 'category': 'Shampoo', 'id': 'tPp867514-720387-720388', 'prod_name': 'Head & Shoulders Coconut Shampoo', 'waitrose_Qty': '500ml', 'waitrose_discounted_price': '£3.33', 'waitrose_offer_desc': 'Save 1/3.', 'waitrose_url': 'https://www.waitrose.com/ecom/shop/browse/groceries/toiletries_health_and_beauty/hair_care/shampoo', 'waitrose_rating': None, 'waitrose_unit_price': '(66.6p/100ml)', 'waitrose_new_flag': None, 'waitrose_prod_name': 'Head & Shoulders Coconut Shampoo 500ml', 'images': []}
DEBUG: Scraped from <200 https://www.waitrose.com/ecom/shop/browse/groceries/toiletries_health_and_beauty/hair_care/shampoo>
{'client': 'Waitrose', 'time': datetime.datetime(2020, 8, 23, 18, 32, 56, 501632), 'category': 'Shampoo', 'id': 'tPp810302-683828-683829', 'prod_name': 'Herbal Essences Deep Repair Shampoo', 'waitrose_Qty': '400ml', 'waitrose_discounted_price': '£4.50', 'waitrose_offer_desc': 'Add 2 for £6', 'waitrose_url': 'https://www.waitrose.com/ecom/shop/browse/groceries/toiletries_health_and_beauty/hair_care/shampoo', 'waitrose_rating': None, 'waitrose_unit_price': '(£1.13/100ml)', 'waitrose_new_flag': None, 'waitrose_prod_name': 'Herbal Essences Deep Repair Shampoo 400ml', 'images': []}
DEBUG: Scraped from <200 https://www.waitrose.com/ecom/shop/browse/groceries/toiletries_health_and_beauty/hair_care/shampoo>
{'client': 'Waitrose', 'time': datetime.datetime(2020, 8, 23, 18, 32, 56, 501632), 'category': 'Shampoo', 'id': 'tPp076232-38732-38733', 'prod_name': 'AOrganic Lavender Shampoo', 'waitrose_Qty': '325ml', 'waitrose_discounted_price': '£7.00', 'waitrose_offer_desc': 'Add 2 for £11', 'waitrose_url': 'https://www.waitrose.com/ecom/shop/browse/groceries/toiletries_health_and_beauty/hair_care/shampoo', 'waitrose_rating': '3.8', 'waitrose_unit_price': '(£2.16/100ml)', 'waitrose_new_flag': None, 'waitrose_prod_name': 'AOrganic Lavender Shampoo 325ml', 'images': []}
DEBUG: Scraped from <200 https://www.waitrose.com/ecom/shop/browse/groceries/toiletries_health_and_beauty/hair_care/shampoo>
{'client': 'Waitrose', 'time': datetime.datetime(2020, 8, 23, 18, 32, 56, 501632), 'category': 'Shampoo', 'id': 'tPp662395-154665-154666', 'prod_name': 'Aussie colour mate shampoo', 'waitrose_Qty': '500ml', 'waitrose_discounted_price': '£6.15', 'waitrose_offer_desc': 'Add 2 for £9', 'waitrose_url': 'https://www.waitrose.com/ecom/shop/browse/groceries/toiletries_health_and_beauty/hair_care/shampoo', 'waitrose_rating': None, 'waitrose_unit_price': '(£1.23/100ml)', 'waitrose_new_flag': None, 'waitrose_prod_name': 'Aussie colour mate shampoo 500ml', 'images': []}
DEBUG: Scraped from <200 https://www.waitrose.com/ecom/shop/browse/groceries/toiletries_health_and_beauty/hair_care/shampoo>
{'client': 'Waitrose', 'time': datetime.datetime(2020, 8, 23, 18, 32, 56, 501632), 'category': 'Shampoo', 'id': 'tPp790782-694215-694216', 'prod_name': 'Pantene 3in1 Smooth & Sleek', 'waitrose_Qty': '450ml', 'waitrose_discounted_price': '£3.75', 'waitrose_offer_desc': 'Add 2 for £5', 'waitrose_url': 'https://www.waitrose.com/ecom/shop/browse/groceries/toiletries_health_and_beauty/hair_care/shampoo', 'waitrose_rating': None, 'waitrose_unit_price': '(83.3p/100ml)', 'waitrose_new_flag': None, 'waitrose_prod_name': 'Pantene 3in1 Smooth & Sleek 450ml', 'images': []}
DEBUG: Scraped from <200 https://www.waitrose.com/ecom/shop/browse/groceries/toiletries_health_and_beauty/hair_care/shampoo>
{'client': 'Waitrose', 'time': datetime.datetime(2020, 8, 23, 18, 32, 56, 501632), 'category': 'Shampoo', 'id': 'tPp480728-631267-631268', 'prod_name': 'Ogx Orchid Oil Shampoo', 'waitrose_Qty': '385ml', 'waitrose_discounted_price': '£7.00', 'waitrose_offer_desc': 'Add 2 for £10', 'waitrose_url': 'https://www.waitrose.com/ecom/shop/browse/groceries/toiletries_health_and_beauty/hair_care/shampoo', 'waitrose_rating': '5', 'waitrose_unit_price': '(£1.82/100ml)', 'waitrose_new_flag': None, 'waitrose_prod_name': 'Ogx Orchid Oil Shampoo 385ml', 'images': []}
DEBUG: Scraped from <200 https://www.waitrose.com/ecom/shop/browse/groceries/toiletries_health_and_beauty/hair_care/shampoo>
{'client': 'Waitrose', 'time': datetime.datetime(2020, 8, 23, 18, 32, 56, 501632), 'category': 'Shampoo', 'id': 'tPp799806-683814-683815', 'prod_name': 'Tresemmé Shampoo Moisture Rich', 'waitrose_Qty': '800ml', 'waitrose_discounted_price': '£5.50', 'waitrose_offer_desc': None, 'waitrose_url': 'https://www.waitrose.com/ecom/shop/browse/groceries/toiletries_health_and_beauty/hair_care/shampoo', 'waitrose_rating': None, 'waitrose_unit_price': '(68.8p/100ml)', 'waitrose_new_flag': None, 'waitrose_prod_name': 'Tresemmé Shampoo Moisture Rich 800ml', 'images': []}
DEBUG: Scraped from <200 https://www.waitrose.com/ecom/shop/browse/groceries/toiletries_health_and_beauty/hair_care/shampoo>
{'client': 'Waitrose', 'time': datetime.datetime(2020, 8, 23, 18, 32, 56, 501632), 'category': 'Shampoo', 'id': 'tPp011495-5706-5707', 'prod_name': 'John Frieda Shampoo Touchably Full', 'waitrose_Qty': '250ml', 'waitrose_discounted_price': '£6.00', 'waitrose_offer_desc': None, 'waitrose_url': 'https://www.waitrose.com/ecom/shop/browse/groceries/toiletries_health_and_beauty/hair_care/shampoo', 'waitrose_rating': '4', 'waitrose_unit_price': '(£2.40/100ml)', 'waitrose_new_flag': None, 'waitrose_prod_name': 'John Frieda Shampoo Touchably Full 250ml', 'images': []}
DEBUG: Scraped from <200 https://www.waitrose.com/ecom/shop/browse/groceries/toiletries_health_and_beauty/hair_care/shampoo>
{'client': 'Waitrose', 'time': datetime.datetime(2020, 8, 23, 18, 32, 56, 501632), 'category': 'Shampoo', 'id': 'tPp092708-47659-47660', 'prod_name': 'Vosene Original Shampoo', 'waitrose_Qty': '250ml', 'waitrose_discounted_price': '£2.05', 'waitrose_offer_desc': None, 'waitrose_url': 'https://www.waitrose.com/ecom/shop/browse/groceries/toiletries_health_and_beauty/hair_care/shampoo', 'waitrose_rating': '5', 'waitrose_unit_price': '(82p/100ml)', 'waitrose_new_flag': None, 'waitrose_prod_name': 'Vosene Original Shampoo 250ml', 'images': []}
DEBUG: Scraped from <200 https://www.waitrose.com/ecom/shop/browse/groceries/toiletries_health_and_beauty/hair_care/shampoo>
{'client': 'Waitrose', 'time': datetime.datetime(2020, 8, 23, 18, 32, 56, 501632), 'category': 'Shampoo', 'id': 'tPp464815-154487-154488', 'prod_name': 'Batiste original dry shampoo', 'waitrose_Qty': '200ml', 'waitrose_discounted_price': '£3.00', 'waitrose_offer_desc': None, 'waitrose_url': 'https://www.waitrose.com/ecom/shop/browse/groceries/toiletries_health_and_beauty/hair_care/shampoo', 'waitrose_rating': '5', 'waitrose_unit_price': '(£1.50/100ml)', 'waitrose_new_flag': None, 'waitrose_prod_name': 'Batiste original dry shampoo 200ml', 'images': []}
DEBUG: Scraped from <200 https://www.waitrose.com/ecom/shop/browse/groceries/toiletries_health_and_beauty/hair_care/shampoo>
{'client': 'Waitrose', 'time': datetime.datetime(2020, 8, 23, 18, 32, 56, 501632), 'category': 'Shampoo', 'id': 'tPp714629-729752-729753', 'prod_name': 'OGX Keratin Oil Shampoo', 'waitrose_Qty': '385ml', 'waitrose_discounted_price': '£7.00', 'waitrose_offer_desc': 'Add 2 for £10', 'waitrose_url': 'https://www.waitrose.com/ecom/shop/browse/groceries/toiletries_health_and_beauty/hair_care/shampoo', 'waitrose_rating': None, 'waitrose_unit_price': '(£1.82/100ml)', 'waitrose_new_flag': 'NEW', 'waitrose_prod_name': 'OGX Keratin Oil Shampoo 385ml', 'images': []}
DEBUG: Scraped from <200 https://www.waitrose.com/ecom/shop/browse/groceries/toiletries_health_and_beauty/hair_care/shampoo>
{'client': 'Waitrose', 'time': datetime.datetime(2020, 8, 23, 18, 32, 56, 501632), 'category': 'Shampoo', 'id': 'tPp809690-337194-337195', 'prod_name': 'Head & Shoulders 2in1 Itchy Scalp', 'waitrose_Qty': '450ml', 'waitrose_discounted_price': '£3.43', 'waitrose_offer_desc': 'Save 1/3.', 'waitrose_url': 'https://www.waitrose.com/ecom/shop/browse/groceries/toiletries_health_and_beauty/hair_care/shampoo', 'waitrose_rating': '5', 'waitrose_unit_price': '(76.2p/100ml)', 'waitrose_new_flag': None, 'waitrose_prod_name': 'Head & Shoulders 2in1 Itchy Scalp 450ml', 'images': []}
DEBUG: Scraped from <200 https://www.waitrose.com/ecom/shop/browse/groceries/toiletries_health_and_beauty/hair_care/shampoo>
{'client': 'Waitrose', 'time': datetime.datetime(2020, 8, 23, 18, 32, 56, 501632), 'category': 'Shampoo', 'id': 'tPp062495-31737-31738', 'prod_name': 'Neutrogena T/Gel shampoo dry hair', 'waitrose_Qty': '125ml', 'waitrose_discounted_price': '£5.15', 'waitrose_offer_desc': None, 'waitrose_url': 'https://www.waitrose.com/ecom/shop/browse/groceries/toiletries_health_and_beauty/hair_care/shampoo', 'waitrose_rating': None, 'waitrose_unit_price': '(£4.12/100ml)', 'waitrose_new_flag': None, 'waitrose_prod_name': 'Neutrogena T/Gel shampoo dry hair 125ml', 'images': []}
DEBUG: Scraped from <200 https://www.waitrose.com/ecom/shop/browse/groceries/toiletries_health_and_beauty/hair_care/shampoo>
{'client': 'Waitrose', 'time': datetime.datetime(2020, 8, 23, 18, 32, 56, 501632), 'category': 'Shampoo', 'id': 'tPp059421-29947-29948', 'prod_name': 'Aussie Aussome Volume Shampoo', 'waitrose_Qty': '300ml', 'waitrose_discounted_price': '£4.00', 'waitrose_offer_desc': None, 'waitrose_url': 'https://www.waitrose.com/ecom/shop/browse/groceries/toiletries_health_and_beauty/hair_care/shampoo', 'waitrose_rating': '5', 'waitrose_unit_price': '(£1.34/100ml)', 'waitrose_new_flag': None, 'waitrose_prod_name': 'Aussie Aussome Volume Shampoo 300ml', 'images': []}
DEBUG: Scraped from <200 https://www.waitrose.com/ecom/shop/browse/groceries/toiletries_health_and_beauty/hair_care/shampoo>
{'client': 'Waitrose', 'time': datetime.datetime(2020, 8, 23, 18, 32, 56, 501632), 'category': 'Shampoo', 'id': 'tPp778297-720309-720310', 'prod_name': 'Pantene Grow Strong Shampoo', 'waitrose_Qty': '400ml', 'waitrose_discounted_price': '£3.75', 'waitrose_offer_desc': 'Add 2 for £5', 'waitrose_url': 'https://www.waitrose.com/ecom/shop/browse/groceries/toiletries_health_and_beauty/hair_care/shampoo', 'waitrose_rating': None, 'waitrose_unit_price': '(93.8p/100ml)', 'waitrose_new_flag': None, 'waitrose_prod_name': 'Pantene Grow Strong Shampoo 400ml', 'images': []}
DEBUG: Scraped from <200 https://www.waitrose.com/ecom/shop/browse/groceries/toiletries_health_and_beauty/hair_care/shampoo>
{'client': 'Waitrose', 'time': datetime.datetime(2020, 8, 23, 18, 32, 56, 501632), 'category': 'Shampoo', 'id': 'tPp836383-271490-271491', 'prod_name': 'Head & Shoulders 2in1 citrus care', 'waitrose_Qty': '450ml', 'waitrose_discounted_price': '£3.43', 'waitrose_offer_desc': 'Save 1/3.', 'waitrose_url': 'https://www.waitrose.com/ecom/shop/browse/groceries/toiletries_health_and_beauty/hair_care/shampoo', 'waitrose_rating': None, 'waitrose_unit_price': '(76.2p/100ml)', 'waitrose_new_flag': None, 'waitrose_prod_name': 'Head & Shoulders 2in1 citrus care 450ml', 'images': []}
DEBUG: Scraped from <200 https://www.waitrose.com/ecom/shop/browse/groceries/toiletries_health_and_beauty/hair_care/shampoo>
{'client': 'Waitrose', 'time': datetime.datetime(2020, 8, 23, 18, 32, 56, 501632), 'category': 'Shampoo', 'id': 'tPp865734-216867-216868', 'prod_name': 'Ogx Argan Oil of Morocco Shampoo', 'waitrose_Qty': '385ml', 'waitrose_discounted_price': '£7.00', 'waitrose_offer_desc': 'Add 2 for £10', 'waitrose_url': 'https://www.waitrose.com/ecom/shop/browse/groceries/toiletries_health_and_beauty/hair_care/shampoo', 'waitrose_rating': '3.4', 'waitrose_unit_price': '(£1.82/100ml)', 'waitrose_new_flag': None, 'waitrose_prod_name': 'Ogx Argan Oil of Morocco Shampoo 385ml', 'images': []}
DEBUG: Scraped from <200 https://www.waitrose.com/ecom/shop/browse/groceries/toiletries_health_and_beauty/hair_care/shampoo>
{'client': 'Waitrose', 'time': datetime.datetime(2020, 8, 23, 18, 32, 56, 501632), 'category': 'Shampoo', 'id': 'tPp480888-154495-154496', 'prod_name': 'Head & Shoulders Smooth Shampoo', 'waitrose_Qty': '500ml', 'waitrose_discounted_price': '£3.43', 'waitrose_offer_desc': 'Save 1/3.', 'waitrose_url': 'https://www.waitrose.com/ecom/shop/browse/groceries/toiletries_health_and_beauty/hair_care/shampoo', 'waitrose_rating': None, 'waitrose_unit_price': '(68.6p/100ml)', 'waitrose_new_flag': None, 'waitrose_prod_name': 'Head & Shoulders Smooth Shampoo 500ml', 'images': []}
DEBUG: Scraped from <200 https://www.waitrose.com/ecom/shop/browse/groceries/toiletries_health_and_beauty/hair_care/shampoo>
{'client': 'Waitrose', 'time': datetime.datetime(2020, 8, 23, 18, 32, 56, 501632), 'category': 'Shampoo', 'id': 'tPp775870-724036-724037', 'prod_name': 'Faith in Nature Wild Rose Shampoo', 'waitrose_Qty': '400ml', 'waitrose_discounted_price': '£5.79', 'waitrose_offer_desc': None, 'waitrose_url': 'https://www.waitrose.com/ecom/shop/browse/groceries/toiletries_health_and_beauty/hair_care/shampoo', 'waitrose_rating': '5', 'waitrose_unit_price': '(£1.45/100ml)', 'waitrose_new_flag': None, 'waitrose_prod_name': 'Faith in Nature Wild Rose Shampoo 400ml', 'images': []}
DEBUG: Scraped from <200 https://www.waitrose.com/ecom/shop/browse/groceries/toiletries_health_and_beauty/hair_care/shampoo>
{'client': 'Waitrose', 'time': datetime.datetime(2020, 8, 23, 18, 32, 56, 501632), 'category': 'Shampoo', 'id': 'tPp595050-720203-720204', 'prod_name': 'Herbal Essences Coconut Shampoo', 'waitrose_Qty': '250ml', 'waitrose_discounted_price': '£3.00', 'waitrose_offer_desc': None, 'waitrose_url': 'https://www.waitrose.com/ecom/shop/browse/groceries/toiletries_health_and_beauty/hair_care/shampoo', 'waitrose_rating': None, 'waitrose_unit_price': '(£1.20/100ml)', 'waitrose_new_flag': None, 'waitrose_prod_name': 'Herbal Essences Coconut Shampoo 250ml', 'images': []}
DEBUG: Scraped from <200 https://www.waitrose.com/ecom/shop/browse/groceries/toiletries_health_and_beauty/hair_care/shampoo>
{'client': 'Waitrose', 'time': datetime.datetime(2020, 8, 23, 18, 32, 56, 501632), 'category': 'Shampoo', 'id': 'tPp694392-98595-98596', 'prod_name': 'Head & Shoulders Shampoo Cool Menthol', 'waitrose_Qty': '500ml', 'waitrose_discounted_price': '£3.43', 'waitrose_offer_desc': 'Save 1/3.', 'waitrose_url': 'https://www.waitrose.com/ecom/shop/browse/groceries/toiletries_health_and_beauty/hair_care/shampoo', 'waitrose_rating': None, 'waitrose_unit_price': '(68.6p/100ml)', 'waitrose_new_flag': None, 'waitrose_prod_name': 'Head & Shoulders Shampoo Cool Menthol 500ml', 'images': []}
DEBUG: Scraped from <200 https://www.waitrose.com/ecom/shop/browse/groceries/toiletries_health_and_beauty/hair_care/shampoo>
{'client': 'Waitrose', 'time': datetime.datetime(2020, 8, 23, 18, 32, 56, 501632), 'category': 'Shampoo', 'id': 'tPp863078-695988-695989', 'prod_name': 'Pantene Hair Biology Full & Vibrant', 'waitrose_Qty': '250ml', 'waitrose_discounted_price': '£2.99', 'waitrose_offer_desc': 'Save 1/3.', 'waitrose_url': 'https://www.waitrose.com/ecom/shop/browse/groceries/toiletries_health_and_beauty/hair_care/shampoo', 'waitrose_rating': None, 'waitrose_unit_price': '(£1.20/100ml)', 'waitrose_new_flag': None, 'waitrose_prod_name': 'Pantene Hair Biology Full & Vibrant 250ml', 'images': []}
DEBUG: Scraped from <200 https://www.waitrose.com/ecom/shop/browse/groceries/toiletries_health_and_beauty/hair_care/shampoo>
{'client': 'Waitrose', 'time': datetime.datetime(2020, 8, 23, 18, 32, 56, 501632), 'category': 'Shampoo', 'id': 'tPp639145-337007-337008', 'prod_name': 'Tresemmé Shampoo Deep Cleansing', 'waitrose_Qty': '800ml', 'waitrose_discounted_price': '£5.50', 'waitrose_offer_desc': None, 'waitrose_url': 'https://www.waitrose.com/ecom/shop/browse/groceries/toiletries_health_and_beauty/hair_care/shampoo', 'waitrose_rating': '5', 'waitrose_unit_price': '(68.8p/100ml)', 'waitrose_new_flag': None, 'waitrose_prod_name': 'Tresemmé Shampoo Deep Cleansing 800ml', 'images': []}
DEBUG: Scraped from <200 https://www.waitrose.com/ecom/shop/browse/groceries/toiletries_health_and_beauty/hair_care/shampoo>
{'client': 'Waitrose', 'time': datetime.datetime(2020, 8, 23, 18, 32, 56, 501632), 'category': 'Shampoo', 'id': 'tPp724972-694185-694186', 'prod_name': 'Pantene 3in1 Repair & Protect', 'waitrose_Qty': '450ml', 'waitrose_discounted_price': '£3.75', 'waitrose_offer_desc': 'Add 2 for £5', 'waitrose_url': 'https://www.waitrose.com/ecom/shop/browse/groceries/toiletries_health_and_beauty/hair_care/shampoo', 'waitrose_rating': None, 'waitrose_unit_price': '(83.3p/100ml)', 'waitrose_new_flag': None, 'waitrose_prod_name': 'Pantene 3in1 Repair & Protect 450ml', 'images': []}
DEBUG: Scraped from <200 https://www.waitrose.com/ecom/shop/browse/groceries/toiletries_health_and_beauty/hair_care/shampoo>
{'client': 'Waitrose', 'time': datetime.datetime(2020, 8, 23, 18, 32, 56, 501632), 'category': 'Shampoo', 'id': 'tPp834106-299691-299692', 'prod_name': 'Head & Shoulders 2in1 smooth & silky', 'waitrose_Qty': '450ml', 'waitrose_discounted_price': '£3.33', 'waitrose_offer_desc': 'Save 1/3.', 'waitrose_url': 'https://www.waitrose.com/ecom/shop/browse/groceries/toiletries_health_and_beauty/hair_care/shampoo', 'waitrose_rating': None, 'waitrose_unit_price': '(74p/100ml)', 'waitrose_new_flag': None, 'waitrose_prod_name': 'Head & Shoulders 2in1 smooth & silky 450ml', 'images': []}
DEBUG: Scraped from <200 https://www.waitrose.com/ecom/shop/browse/groceries/toiletries_health_and_beauty/hair_care/shampoo>
{'client': 'Waitrose', 'time': datetime.datetime(2020, 8, 23, 18, 32, 56, 501632), 'category': 'Shampoo', 'id': 'tPp725068-723986-723987', 'prod_name': 'Faith in Nature Lavender Shampoo', 'waitrose_Qty': '400ml', 'waitrose_discounted_price': '£5.79', 'waitrose_offer_desc': None, 'waitrose_url': 'https://www.waitrose.com/ecom/shop/browse/groceries/toiletries_health_and_beauty/hair_care/shampoo', 'waitrose_rating': None, 'waitrose_unit_price': '(£1.45/100ml)', 'waitrose_new_flag': None, 'waitrose_prod_name': 'Faith in Nature Lavender Shampoo 400ml', 'images': []}
DEBUG: Scraped from <200 https://www.waitrose.com/ecom/shop/browse/groceries/toiletries_health_and_beauty/hair_care/shampoo>
{'client': 'Waitrose', 'time': datetime.datetime(2020, 8, 23, 18, 32, 56, 501632), 'category': 'Shampoo', 'id': 'tPp425124-59787-59788', 'prod_name': 'Brilliant Brunette Protecting Shampoo', 'waitrose_Qty': '250ml', 'waitrose_discounted_price': '£6.00', 'waitrose_offer_desc': None, 'waitrose_url': 'https://www.waitrose.com/ecom/shop/browse/groceries/toiletries_health_and_beauty/hair_care/shampoo', 'waitrose_rating': None, 'waitrose_unit_price': '(£2.40/100ml)', 'waitrose_new_flag': None, 'waitrose_prod_name': 'Brilliant Brunette Protecting Shampoo 250ml', 'images': []}
DEBUG: Scraped from <200 https://www.waitrose.com/ecom/shop/browse/groceries/toiletries_health_and_beauty/hair_care/shampoo>
{'client': 'Waitrose', 'time': datetime.datetime(2020, 8, 23, 18, 32, 56, 501632), 'category': 'Shampoo', 'id': 'tPp575547-494836-494837', 'prod_name': 'DGJ Thickening Shampoo', 'waitrose_Qty': '250ml', 'waitrose_discounted_price': '£5.00', 'waitrose_offer_desc': None, 'waitrose_url': 'https://www.waitrose.com/ecom/shop/browse/groceries/toiletries_health_and_beauty/hair_care/shampoo', 'waitrose_rating': '5', 'waitrose_unit_price': '(£2/100ml)', 'waitrose_new_flag': None, 'waitrose_prod_name': 'DGJ Thickening Shampoo 250ml', 'images': []}
DEBUG: Scraped from <200 https://www.waitrose.com/ecom/shop/browse/groceries/toiletries_health_and_beauty/hair_care/shampoo>
{'client': 'Waitrose', 'time': datetime.datetime(2020, 8, 23, 18, 32, 56, 501632), 'category': 'Shampoo', 'id': 'tPp096508-49364-49365', 'prod_name': 'Aussie Miracle Moist Shampoo', 'waitrose_Qty': '300ml', 'waitrose_discounted_price': '£4.10', 'waitrose_offer_desc': None, 'waitrose_url': 'https://www.waitrose.com/ecom/shop/browse/groceries/toiletries_health_and_beauty/hair_care/shampoo', 'waitrose_rating': '3.7', 'waitrose_unit_price': '(£1.37/100ml)', 'waitrose_new_flag': None, 'waitrose_prod_name': 'Aussie Miracle Moist Shampoo 300ml', 'images': []}
DEBUG: Scraped from <200 https://www.waitrose.com/ecom/shop/browse/groceries/toiletries_health_and_beauty/hair_care/shampoo>
{'client': 'Waitrose', 'time': datetime.datetime(2020, 8, 23, 18, 32, 56, 501632), 'category': 'Shampoo', 'id': 'tPp096232-49248-49249', 'prod_name': 'Aussie Mega Shampoo', 'waitrose_Qty': '300ml', 'waitrose_discounted_price': '£4.10', 'waitrose_offer_desc': None, 'waitrose_url': 'https://www.waitrose.com/ecom/shop/browse/groceries/toiletries_health_and_beauty/hair_care/shampoo', 'waitrose_rating': '2.5', 'waitrose_unit_price': '(£1.37/100ml)', 'waitrose_new_flag': None, 'waitrose_prod_name': 'Aussie Mega Shampoo 300ml', 'images': []}
DEBUG: Scraped from <200 https://www.waitrose.com/ecom/shop/browse/groceries/toiletries_health_and_beauty/hair_care/shampoo>
{'client': 'Waitrose', 'time': datetime.datetime(2020, 8, 23, 18, 32, 56, 501632), 'category': 'Shampoo', 'id': 'tPp855732-695986-695987', 'prod_name': 'Hair Biology De-Frizz Shampoo', 'waitrose_Qty': '250ml', 'waitrose_discounted_price': '£2.99', 'waitrose_offer_desc': 'Save 1/3.', 'waitrose_url': 'https://www.waitrose.com/ecom/shop/browse/groceries/toiletries_health_and_beauty/hair_care/shampoo', 'waitrose_rating': None, 'waitrose_unit_price': '(£1.20/100ml)', 'waitrose_new_flag': None, 'waitrose_prod_name': 'Hair Biology De-Frizz Shampoo 250ml', 'images': []}
DEBUG: Scraped from <200 https://www.waitrose.com/ecom/shop/browse/groceries/toiletries_health_and_beauty/hair_care/shampoo>
{'client': 'Waitrose', 'time': datetime.datetime(2020, 8, 23, 18, 32, 56, 501632), 'category': 'Shampoo', 'id': 'tPp838287-695984-695985', 'prod_name': 'Pantene Hair Biology Illuminating Mask', 'waitrose_Qty': '160ml', 'waitrose_discounted_price': '£2.99', 'waitrose_offer_desc': 'Save 1/3.', 'waitrose_url': 'https://www.waitrose.com/ecom/shop/browse/groceries/toiletries_health_and_beauty/hair_care/shampoo', 'waitrose_rating': None, 'waitrose_unit_price': '(£1.87/100ml)', 'waitrose_new_flag': None, 'waitrose_prod_name': 'Pantene Hair Biology Illuminating Mask 160ml', 'images': []}
DEBUG: Scraped from <200 https://www.waitrose.com/ecom/shop/browse/groceries/toiletries_health_and_beauty/hair_care/shampoo>
{'client': 'Waitrose', 'time': datetime.datetime(2020, 8, 23, 18, 32, 56, 501632), 'category': 'Shampoo', 'id': 'tPp610920-86669-86670', 'prod_name': 'Sheer Blonde Go Blonder Shampoo', 'waitrose_Qty': '250ml', 'waitrose_discounted_price': '£6.00', 'waitrose_offer_desc': None, 'waitrose_url': 'https://www.waitrose.com/ecom/shop/browse/groceries/toiletries_health_and_beauty/hair_care/shampoo', 'waitrose_rating': '3.5', 'waitrose_unit_price': '(£2.40/100ml)', 'waitrose_new_flag': None, 'waitrose_prod_name': 'Sheer Blonde Go Blonder Shampoo 250ml', 'images': []}
DEBUG: Scraped from <200 https://www.waitrose.com/ecom/shop/browse/groceries/toiletries_health_and_beauty/hair_care/shampoo>
{'client': 'Waitrose', 'time': datetime.datetime(2020, 8, 23, 18, 32, 56, 501632), 'category': 'Shampoo', 'id': 'tPp486943-68769-68770', 'prod_name': 'Head & Shoulders 2in1 classic clean', 'waitrose_Qty': '225ml', 'waitrose_discounted_price': '£3.00', 'waitrose_offer_desc': None, 'waitrose_url': 'https://www.waitrose.com/ecom/shop/browse/groceries/toiletries_health_and_beauty/hair_care/shampoo', 'waitrose_rating': '4', 'waitrose_unit_price': '(£1.34/100ml)', 'waitrose_new_flag': None, 'waitrose_prod_name': 'Head & Shoulders 2in1 classic clean 225ml', 'images': []}
DEBUG: Scraped from <200 https://www.waitrose.com/ecom/shop/browse/groceries/toiletries_health_and_beauty/hair_care/shampoo>
{'client': 'Waitrose', 'time': datetime.datetime(2020, 8, 23, 18, 32, 56, 501632), 'category': 'Shampoo', 'id': 'tPp083596-42439-42440', 'prod_name': 'Aussie Colour Mate Shampoo', 'waitrose_Qty': '300ml', 'waitrose_discounted_price': '£4.10', 'waitrose_offer_desc': None, 'waitrose_url': 'https://www.waitrose.com/ecom/shop/browse/groceries/toiletries_health_and_beauty/hair_care/shampoo', 'waitrose_rating': '5', 'waitrose_unit_price': '(£1.37/100ml)', 'waitrose_new_flag': None, 'waitrose_prod_name': 'Aussie Colour Mate Shampoo 300ml', 'images': []}
DEBUG: Scraped from <200 https://www.waitrose.com/ecom/shop/browse/groceries/toiletries_health_and_beauty/hair_care/shampoo>
{'client': 'Waitrose', 'time': datetime.datetime(2020, 8, 23, 18, 32, 56, 501632), 'category': 'Shampoo', 'id': 'tPp425163-526469-526470', 'prod_name': 'Frizz Ease Shampoo Miraculous Recovery', 'waitrose_Qty': '250ml', 'waitrose_discounted_price': '£6.00', 'waitrose_offer_desc': None, 'waitrose_url': 'https://www.waitrose.com/ecom/shop/browse/groceries/toiletries_health_and_beauty/hair_care/shampoo', 'waitrose_rating': None, 'waitrose_unit_price': '(£2.40/100ml)', 'waitrose_new_flag': None, 'waitrose_prod_name': 'Frizz Ease Shampoo Miraculous Recovery 250ml', 'images': []}
DEBUG: Scraped from <200 https://www.waitrose.com/ecom/shop/browse/groceries/toiletries_health_and_beauty/hair_care/shampoo>
{'client': 'Waitrose', 'time': datetime.datetime(2020, 8, 23, 18, 32, 56, 501632), 'category': 'Shampoo', 'id': 'tPp032765-16025-16026', 'prod_name': "L'Oréal kids shampoo berry strawberry", 'waitrose_Qty': '250ml', 'waitrose_discounted_price': '£2.00', 'waitrose_offer_desc': None, 'waitrose_url': 'https://www.waitrose.com/ecom/shop/browse/groceries/toiletries_health_and_beauty/hair_care/shampoo', 'waitrose_rating': None, 'waitrose_unit_price': '(80p/100ml)', 'waitrose_new_flag': None, 'waitrose_prod_name': "L'Oréal kids shampoo berry strawberry 250ml", 'images': []}
DEBUG: Scraped from <200 https://www.waitrose.com/ecom/shop/browse/groceries/toiletries_health_and_beauty/hair_care/shampoo>
{'client': 'Waitrose', 'time': datetime.datetime(2020, 8, 23, 18, 32, 56, 501632), 'category': 'Shampoo', 'id': 'tPp852396-695857-695858', 'prod_name': 'BECO. Honey Blossom Shampoo Bar', 'waitrose_Qty': '90g', 'waitrose_discounted_price': '£4.00', 'waitrose_offer_desc': None, 'waitrose_url': 'https://www.waitrose.com/ecom/shop/browse/groceries/toiletries_health_and_beauty/hair_care/shampoo', 'waitrose_rating': '4.9', 'waitrose_unit_price': '(£4.45/100g)', 'waitrose_new_flag': None, 'waitrose_prod_name': 'BECO. Honey Blossom Shampoo Bar 90g', 'images': []}
DEBUG: Scraped from <200 https://www.waitrose.com/ecom/shop/browse/groceries/toiletries_health_and_beauty/hair_care/shampoo>
{'client': 'Waitrose', 'time': datetime.datetime(2020, 8, 23, 18, 32, 56, 501632), 'category': 'Shampoo', 'id': 'tPp711086-652694-652695', 'prod_name': 'Head & Shoulders Supreme Moisture', 'waitrose_Qty': '400ml', 'waitrose_discounted_price': '£5.15', 'waitrose_offer_desc': None, 'waitrose_url': 'https://www.waitrose.com/ecom/shop/browse/groceries/toiletries_health_and_beauty/hair_care/shampoo', 'waitrose_rating': None, 'waitrose_unit_price': '(£1.29/100ml)', 'waitrose_new_flag': None, 'waitrose_prod_name': 'Head & Shoulders Supreme Moisture 400ml', 'images': []}
DEBUG: Scraped from <200 https://www.waitrose.com/ecom/shop/browse/groceries/toiletries_health_and_beauty/hair_care/shampoo>
{'client': 'Waitrose', 'time': datetime.datetime(2020, 8, 23, 18, 32, 56, 501632), 'category': 'Shampoo', 'id': 'tPp756229-563906-563907', 'prod_name': 'Head & Shoulders 2 in 1 Total Care', 'waitrose_Qty': '225ml', 'waitrose_discounted_price': '£3.00', 'waitrose_offer_desc': None, 'waitrose_url': 'https://www.waitrose.com/ecom/shop/browse/groceries/toiletries_health_and_beauty/hair_care/shampoo', 'waitrose_rating': None, 'waitrose_unit_price': '(£1.34/100ml)', 'waitrose_new_flag': None, 'waitrose_prod_name': 'Head & Shoulders 2 in 1 Total Care 225ml', 'images': []}
DEBUG: Scraped from <200 https://www.waitrose.com/ecom/shop/browse/groceries/toiletries_health_and_beauty/hair_care/shampoo>
{'client': 'Waitrose', 'time': datetime.datetime(2020, 8, 23, 18, 32, 56, 501632), 'category': 'Shampoo', 'id': 'tPp871494-495182-495183', 'prod_name': 'DGJ Hairjuice Shampoo', 'waitrose_Qty': '250ml', 'waitrose_discounted_price': '£5.00', 'waitrose_offer_desc': None, 'waitrose_url': 'https://www.waitrose.com/ecom/shop/browse/groceries/toiletries_health_and_beauty/hair_care/shampoo', 'waitrose_rating': '5', 'waitrose_unit_price': '(£2/100ml)', 'waitrose_new_flag': None, 'waitrose_prod_name': 'DGJ Hairjuice Shampoo 250ml', 'images': []}
DEBUG: Scraped from <200 https://www.waitrose.com/ecom/shop/browse/groceries/toiletries_health_and_beauty/hair_care/shampoo>
{'client': 'Waitrose', 'time': datetime.datetime(2020, 8, 23, 18, 32, 56, 501632), 'category': 'Shampoo', 'id': 'tPp492090-729670-729671', 'prod_name': 'Percy & Reed Volumising Shampoo', 'waitrose_Qty': '250ml', 'waitrose_discounted_price': '£12.00', 'waitrose_offer_desc': 'Save 1/3.', 'waitrose_url': 'https://www.waitrose.com/ecom/shop/browse/groceries/toiletries_health_and_beauty/hair_care/shampoo', 'waitrose_rating': None, 'waitrose_unit_price': '(£4.80/100ml)', 'waitrose_new_flag': 'NEW', 'waitrose_prod_name': 'Percy & Reed Volumising Shampoo 250ml', 'images': []}
DEBUG: Scraped from <200 https://www.waitrose.com/ecom/shop/browse/groceries/toiletries_health_and_beauty/hair_care/shampoo>
{'client': 'Waitrose', 'time': datetime.datetime(2020, 8, 23, 18, 32, 56, 501632), 'category': 'Shampoo', 'id': 'tPp405353-729640-729641', 'prod_name': 'Percy & Reed No-Fuss Dry Shampoo', 'waitrose_Qty': '200ml', 'waitrose_discounted_price': '£10.00', 'waitrose_offer_desc': 'Save 1/3.', 'waitrose_url': 'https://www.waitrose.com/ecom/shop/browse/groceries/toiletries_health_and_beauty/hair_care/shampoo', 'waitrose_rating': None, 'waitrose_unit_price': '(£5/100ml)', 'waitrose_new_flag': 'NEW', 'waitrose_prod_name': 'Percy & Reed No-Fuss Dry Shampoo 200ml', 'images': []}
DEBUG: Scraped from <200 https://www.waitrose.com/ecom/shop/browse/groceries/toiletries_health_and_beauty/hair_care/shampoo>
{'client': 'Waitrose', 'time': datetime.datetime(2020, 8, 23, 18, 32, 56, 501632), 'category': 'Shampoo', 'id': 'tPp567427-683666-683667', 'prod_name': 'Ogx Charcoal Detox Shampoo', 'waitrose_Qty': '385ml', 'waitrose_discounted_price': '£7.00', 'waitrose_offer_desc': 'Add 2 for £10', 'waitrose_url': 'https://www.waitrose.com/ecom/shop/browse/groceries/toiletries_health_and_beauty/hair_care/shampoo', 'waitrose_rating': None, 'waitrose_unit_price': '(£1.82/100ml)', 'waitrose_new_flag': None, 'waitrose_prod_name': 'Ogx Charcoal Detox Shampoo 385ml', 'images': []}
DEBUG: Scraped from <200 https://www.waitrose.com/ecom/shop/browse/groceries/toiletries_health_and_beauty/hair_care/shampoo>
{'client': 'Waitrose', 'time': datetime.datetime(2020, 8, 23, 18, 32, 56, 501632), 'category': 'Shampoo', 'id': 'tPp803275-329016-329017', 'prod_name': 'AOrganic Peppermint Shampoo', 'waitrose_Qty': '325ml', 'waitrose_discounted_price': '£7.00', 'waitrose_offer_desc': 'Add 2 for £11', 'waitrose_url': 'https://www.waitrose.com/ecom/shop/browse/groceries/toiletries_health_and_beauty/hair_care/shampoo', 'waitrose_rating': None, 'waitrose_unit_price': '(£2.16/100ml)', 'waitrose_new_flag': None, 'waitrose_prod_name': 'AOrganic Peppermint Shampoo 325ml', 'images': []}
DEBUG: Scraped from <200 https://www.waitrose.com/ecom/shop/browse/groceries/toiletries_health_and_beauty/hair_care/shampoo>
{'client': 'Waitrose', 'time': datetime.datetime(2020, 8, 23, 18, 32, 56, 501632), 'category': 'Shampoo', 'id': 'tPp584599-695531-695532', 'prod_name': 'Batiste Dry Shampoo Volume', 'waitrose_Qty': '200ml', 'waitrose_discounted_price': '£4.25', 'waitrose_offer_desc': None, 'waitrose_url': 'https://www.waitrose.com/ecom/shop/browse/groceries/toiletries_health_and_beauty/hair_care/shampoo', 'waitrose_rating': None, 'waitrose_unit_price': '(£2.13/100ml)', 'waitrose_new_flag': None, 'waitrose_prod_name': 'Batiste Dry Shampoo Volume 200ml', 'images': []}
DEBUG: Scraped from <200 https://www.waitrose.com/ecom/shop/browse/groceries/toiletries_health_and_beauty/hair_care/shampoo>
{'client': 'Waitrose', 'time': datetime.datetime(2020, 8, 23, 18, 32, 56, 501632), 'category': 'Shampoo', 'id': 'tPp364793-255761-255762', 'prod_name': 'Aussie Miracle Shine Shampoo', 'waitrose_Qty': '300ml', 'waitrose_discounted_price': '£4.00', 'waitrose_offer_desc': None, 'waitrose_url': 'https://www.waitrose.com/ecom/shop/browse/groceries/toiletries_health_and_beauty/hair_care/shampoo', 'waitrose_rating': None, 'waitrose_unit_price': '(£1.34/100ml)', 'waitrose_new_flag': None, 'waitrose_prod_name': 'Aussie Miracle Shine Shampoo 300ml', 'images': []}
DEBUG: Scraped from <200 https://www.waitrose.com/ecom/shop/browse/groceries/toiletries_health_and_beauty/hair_care/shampoo>
{'client': 'Waitrose', 'time': datetime.datetime(2020, 8, 23, 18, 32, 56, 501632), 'category': 'Shampoo', 'id': 'tPp819563-729788-729789', 'prod_name': 'Aussie Blonde Purple Shampoo', 'waitrose_Qty': '290ml', 'waitrose_discounted_price': '£5.99', 'waitrose_offer_desc': None, 'waitrose_url': 'https://www.waitrose.com/ecom/shop/browse/groceries/toiletries_health_and_beauty/hair_care/shampoo', 'waitrose_rating': None, 'waitrose_unit_price': '(£2.07/100ml)', 'waitrose_new_flag': 'NEW', 'waitrose_prod_name': 'Aussie Blonde Purple Shampoo 290ml', 'images': []}
DEBUG: Scraped from <200 https://www.waitrose.com/ecom/shop/browse/groceries/toiletries_health_and_beauty/hair_care/shampoo>
{'client': 'Waitrose', 'time': datetime.datetime(2020, 8, 23, 18, 32, 56, 501632), 'category': 'Shampoo', 'id': 'tPp538896-720173-720174', 'prod_name': 'Herbal Essences Argan Oil Shampoo', 'waitrose_Qty': '250ml', 'waitrose_discounted_price': '£3.00', 'waitrose_offer_desc': None, 'waitrose_url': 'https://www.waitrose.com/ecom/shop/browse/groceries/toiletries_health_and_beauty/hair_care/shampoo', 'waitrose_rating': None, 'waitrose_unit_price': '(£1.20/100ml)', 'waitrose_new_flag': None, 'waitrose_prod_name': 'Herbal Essences Argan Oil Shampoo 250ml', 'images': []}
DEBUG: Scraped from <200 https://www.waitrose.com/ecom/shop/browse/groceries/toiletries_health_and_beauty/hair_care/shampoo>
{'client': 'Waitrose', 'time': datetime.datetime(2020, 8, 23, 18, 32, 56, 501632), 'category': 'Shampoo', 'id': 'tPp433216-720111-720112', 'prod_name': 'John Frieda Hydrate & Recharge Shampoo', 'waitrose_Qty': '250ml', 'waitrose_discounted_price': '£5.99', 'waitrose_offer_desc': None, 'waitrose_url': 'https://www.waitrose.com/ecom/shop/browse/groceries/toiletries_health_and_beauty/hair_care/shampoo', 'waitrose_rating': None, 'waitrose_unit_price': '(£2.40/100ml)', 'waitrose_new_flag': None, 'waitrose_prod_name': 'John Frieda Hydrate & Recharge Shampoo 250ml', 'images': []}
DEBUG: Scraped from <200 https://www.waitrose.com/ecom/shop/browse/groceries/toiletries_health_and_beauty/hair_care/shampoo>
{'client': 'Waitrose', 'time': datetime.datetime(2020, 8, 23, 18, 32, 56, 501632), 'category': 'Shampoo', 'id': 'tPp844892-695845-695846', 'prod_name': 'Head & Shoulders Colour Protect', 'waitrose_Qty': '400ml', 'waitrose_discounted_price': '£5.00', 'waitrose_offer_desc': None, 'waitrose_url': 'https://www.waitrose.com/ecom/shop/browse/groceries/toiletries_health_and_beauty/hair_care/shampoo', 'waitrose_rating': None, 'waitrose_unit_price': '(£1.25/100ml)', 'waitrose_new_flag': None, 'waitrose_prod_name': 'Head & Shoulders Colour Protect 400ml', 'images': []}
DEBUG: Scraped from <200 https://www.waitrose.com/ecom/shop/browse/groceries/toiletries_health_and_beauty/hair_care/shampoo>
{'client': 'Waitrose', 'time': datetime.datetime(2020, 8, 23, 18, 32, 56, 501632), 'category': 'Shampoo', 'id': 'tPp686838-346630-346631', 'prod_name': 'Richard Ward argan antiageing shampoo', 'waitrose_Qty': '250ml', 'waitrose_discounted_price': '£6.00', 'waitrose_offer_desc': None, 'waitrose_url': 'https://www.waitrose.com/ecom/shop/browse/groceries/toiletries_health_and_beauty/hair_care/shampoo', 'waitrose_rating': '4.1', 'waitrose_unit_price': '(£2.40/100ml)', 'waitrose_new_flag': None, 'waitrose_prod_name': 'Richard Ward argan antiageing shampoo 250ml', 'images': []}
DEBUG: Scraped from <200 https://www.waitrose.com/ecom/shop/browse/groceries/toiletries_health_and_beauty/hair_care/shampoo>
{'client': 'Waitrose', 'time': datetime.datetime(2020, 8, 23, 18, 32, 56, 501632), 'category': 'Shampoo', 'id': 'tPp853982-154925-154926', 'prod_name': 'Batiste blush dry shampoo', 'waitrose_Qty': '200ml', 'waitrose_discounted_price': '£3.00', 'waitrose_offer_desc': None, 'waitrose_url': 'https://www.waitrose.com/ecom/shop/browse/groceries/toiletries_health_and_beauty/hair_care/shampoo', 'waitrose_rating': '4', 'waitrose_unit_price': '(£1.50/100ml)', 'waitrose_new_flag': None, 'waitrose_prod_name': 'Batiste blush dry shampoo 200ml', 'images': []}
DEBUG: Scraped from <200 https://www.waitrose.com/ecom/shop/browse/groceries/toiletries_health_and_beauty/hair_care/shampoo>
{'client': 'Waitrose', 'time': datetime.datetime(2020, 8, 23, 18, 32, 56, 501632), 'category': 'Shampoo', 'id': 'tPp884562-720413-720414', 'prod_name': 'Maui Moisture Shea Butter Shampoo', 'waitrose_Qty': '385ml', 'waitrose_discounted_price': '£9.00', 'waitrose_offer_desc': None, 'waitrose_url': 'https://www.waitrose.com/ecom/shop/browse/groceries/toiletries_health_and_beauty/hair_care/shampoo', 'waitrose_rating': None, 'waitrose_unit_price': '(£2.34/100ml)', 'waitrose_new_flag': None, 'waitrose_prod_name': 'Maui Moisture Shea Butter Shampoo 385ml', 'images': []}
DEBUG: Scraped from <200 https://www.waitrose.com/ecom/shop/browse/groceries/toiletries_health_and_beauty/hair_care/shampoo>
{'client': 'Waitrose', 'time': datetime.datetime(2020, 8, 23, 18, 32, 56, 501632), 'category': 'Shampoo', 'id': 'tPp494340-69860-69861', 'prod_name': "Neal's Yard Rose Shampoo", 'waitrose_Qty': '200ml', 'waitrose_discounted_price': '£11.50', 'waitrose_offer_desc': None, 'waitrose_url': 'https://www.waitrose.com/ecom/shop/browse/groceries/toiletries_health_and_beauty/hair_care/shampoo', 'waitrose_rating': '3.1', 'waitrose_unit_price': '(£5.75/100ml)', 'waitrose_new_flag': None, 'waitrose_prod_name': "Neal's Yard Rose Shampoo 200ml", 'images': []}
DEBUG: Scraped from <200 https://www.waitrose.com/ecom/shop/browse/groceries/toiletries_health_and_beauty/hair_care/shampoo>
{'client': 'Waitrose', 'time': datetime.datetime(2020, 8, 23, 18, 32, 56, 501632), 'category': 'Shampoo', 'id': 'tPp402915-526384-526385', 'prod_name': 'John Frieda Violet Crush Shampoo', 'waitrose_Qty': '250ml', 'waitrose_discounted_price': '£6.00', 'waitrose_offer_desc': None, 'waitrose_url': 'https://www.waitrose.com/ecom/shop/browse/groceries/toiletries_health_and_beauty/hair_care/shampoo', 'waitrose_rating': '5', 'waitrose_unit_price': '(£2.40/100ml)', 'waitrose_new_flag': None, 'waitrose_prod_name': 'John Frieda Violet Crush Shampoo 250ml', 'images': []}
DEBUG: Scraped from <200 https://www.waitrose.com/ecom/shop/browse/groceries/toiletries_health_and_beauty/hair_care/shampoo>
{'client': 'Waitrose', 'time': datetime.datetime(2020, 8, 23, 18, 32, 56, 501632), 'category': 'Shampoo', 'id': 'tPp829437-695831-695832', 'prod_name': 'Umberto Giannini Grow Long Shampoo', 'waitrose_Qty': '250ml', 'waitrose_discounted_price': '£8.00', 'waitrose_offer_desc': None, 'waitrose_url': 'https://www.waitrose.com/ecom/shop/browse/groceries/toiletries_health_and_beauty/hair_care/shampoo', 'waitrose_rating': '5', 'waitrose_unit_price': '(£3.20/100ml)', 'waitrose_new_flag': None, 'waitrose_prod_name': 'Umberto Giannini Grow Long Shampoo 250ml', 'images': []}
DEBUG: Scraped from <200 https://www.waitrose.com/ecom/shop/browse/groceries/toiletries_health_and_beauty/hair_care/shampoo>
{'client': 'Waitrose', 'time': datetime.datetime(2020, 8, 23, 18, 32, 56, 501632), 'category': 'Shampoo', 'id': 'tPp554742-695503-695504', 'prod_name': 'Umberto Giannini Violet Shampoo', 'waitrose_Qty': '250ml', 'waitrose_discounted_price': '£8.00', 'waitrose_offer_desc': None, 'waitrose_url': 'https://www.waitrose.com/ecom/shop/browse/groceries/toiletries_health_and_beauty/hair_care/shampoo', 'waitrose_rating': None, 'waitrose_unit_price': '(£3.20/100ml)', 'waitrose_new_flag': None, 'waitrose_prod_name': 'Umberto Giannini Violet Shampoo 250ml', 'images': []}
DEBUG: Scraped from <200 https://www.waitrose.com/ecom/shop/browse/groceries/toiletries_health_and_beauty/hair_care/shampoo>
{'client': 'Waitrose', 'time': datetime.datetime(2020, 8, 23, 18, 32, 56, 501632), 'category': 'Shampoo', 'id': 'tPp889100-330444-330445', 'prod_name': 'AOrganic Rosemary Shampoo', 'waitrose_Qty': '325ml', 'waitrose_discounted_price': '£7.00', 'waitrose_offer_desc': 'Add 2 for £11', 'waitrose_url': 'https://www.waitrose.com/ecom/shop/browse/groceries/toiletries_health_and_beauty/hair_care/shampoo', 'waitrose_rating': '2.5', 'waitrose_unit_price': '(£2.16/100ml)', 'waitrose_new_flag': None, 'waitrose_prod_name': 'AOrganic Rosemary Shampoo 325ml', 'images': []}
DEBUG: Scraped from <200 https://www.waitrose.com/ecom/shop/browse/groceries/toiletries_health_and_beauty/hair_care/shampoo>
{'client': 'Waitrose', 'time': datetime.datetime(2020, 8, 23, 18, 32, 56, 501632), 'category': 'Shampoo', 'id': 'tPp581644-729702-729703', 'prod_name': 'Percy & Reed Hydrating Shampoo', 'waitrose_Qty': '250ml', 'waitrose_discounted_price': '£12.00', 'waitrose_offer_desc': 'Save 1/3.', 'waitrose_url': 'https://www.waitrose.com/ecom/shop/browse/groceries/toiletries_health_and_beauty/hair_care/shampoo', 'waitrose_rating': None, 'waitrose_unit_price': '(£4.80/100ml)', 'waitrose_new_flag': 'NEW', 'waitrose_prod_name': 'Percy & Reed Hydrating Shampoo 250ml', 'images': []}
DEBUG: Scraped from <200 https://www.waitrose.com/ecom/shop/browse/groceries/toiletries_health_and_beauty/hair_care/shampoo>
{'client': 'Waitrose', 'time': datetime.datetime(2020, 8, 23, 18, 32, 56, 501632), 'category': 'Shampoo', 'id': 'tPp888765-695909-695910', 'prod_name': 'Umberto Giannini Curl Jelly Wash', 'waitrose_Qty': '250ml', 'waitrose_discounted_price': '£8.00', 'waitrose_offer_desc': None, 'waitrose_url': 'https://www.waitrose.com/ecom/shop/browse/groceries/toiletries_health_and_beauty/hair_care/shampoo', 'waitrose_rating': '2.5', 'waitrose_unit_price': '(£3.20/100ml)', 'waitrose_new_flag': None, 'waitrose_prod_name': 'Umberto Giannini Curl Jelly Wash 250ml', 'images': []}
DEBUG: Scraped from <200 https://www.waitrose.com/ecom/shop/browse/groceries/toiletries_health_and_beauty/hair_care/shampoo>
{'client': 'Waitrose', 'time': datetime.datetime(2020, 8, 23, 18, 32, 56, 501632), 'category': 'Shampoo', 'id': 'tPp734002-695705-695706', 'prod_name': 'Percy & Reed Wonder Wash Shampoo', 'waitrose_Qty': '250ml', 'waitrose_discounted_price': '£12.00', 'waitrose_offer_desc': 'Save 1/3.', 'waitrose_url': 'https://www.waitrose.com/ecom/shop/browse/groceries/toiletries_health_and_beauty/hair_care/shampoo', 'waitrose_rating': None, 'waitrose_unit_price': '(£4.80/100ml)', 'waitrose_new_flag': None, 'waitrose_prod_name': 'Percy & Reed Wonder Wash Shampoo 250ml', 'images': []}
DEBUG: Scraped from <200 https://www.waitrose.com/ecom/shop/browse/groceries/toiletries_health_and_beauty/hair_care/shampoo>
{'client': 'Waitrose', 'time': datetime.datetime(2020, 8, 23, 18, 32, 56, 501632), 'category': 'Shampoo', 'id': 'tPp847454-724141-724142', 'prod_name': 'Faith in Nature Grapefruit Shampoo', 'waitrose_Qty': '400ml', 'waitrose_discounted_price': '£5.79', 'waitrose_offer_desc': None, 'waitrose_url': 'https://www.waitrose.com/ecom/shop/browse/groceries/toiletries_health_and_beauty/hair_care/shampoo', 'waitrose_rating': None, 'waitrose_unit_price': '(£1.45/100ml)', 'waitrose_new_flag': None, 'waitrose_prod_name': 'Faith in Nature Grapefruit Shampoo 400ml', 'images': []}
DEBUG: Scraped from <200 https://www.waitrose.com/ecom/shop/browse/groceries/toiletries_health_and_beauty/hair_care/shampoo>
{'client': 'Waitrose', 'time': datetime.datetime(2020, 8, 23, 18, 32, 56, 501632), 'category': 'Shampoo', 'id': 'tPp735040-695707-695708', 'prod_name': 'Vosene Kids 3in1 Tea Tree Shampoo', 'waitrose_Qty': '250ml', 'waitrose_discounted_price': '£2.50', 'waitrose_offer_desc': None, 'waitrose_url': 'https://www.waitrose.com/ecom/shop/browse/groceries/toiletries_health_and_beauty/hair_care/shampoo', 'waitrose_rating': None, 'waitrose_unit_price': '(£1/100ml)', 'waitrose_new_flag': None, 'waitrose_prod_name': 'Vosene Kids 3in1 Tea Tree Shampoo 250ml', 'images': []}
DEBUG: Scraped from <200 https://www.waitrose.com/ecom/shop/browse/groceries/toiletries_health_and_beauty/hair_care/shampoo>
{'client': 'Waitrose', 'time': datetime.datetime(2020, 8, 23, 18, 32, 56, 501632), 'category': 'Shampoo', 'id': 'tPp407272-440973-440974', 'prod_name': 'Richard Ward Chelsea Cleanse & Condition', 'waitrose_Qty': '250ml', 'waitrose_discounted_price': '£6.00', 'waitrose_offer_desc': None, 'waitrose_url': 'https://www.waitrose.com/ecom/shop/browse/groceries/toiletries_health_and_beauty/hair_care/shampoo', 'waitrose_rating': '3.7', 'waitrose_unit_price': '(£2.40/100ml)', 'waitrose_new_flag': None, 'waitrose_prod_name': 'Richard Ward Chelsea Cleanse & Condition 250ml', 'images': []}
DEBUG: Scraped from <200 https://www.waitrose.com/ecom/shop/browse/groceries/toiletries_health_and_beauty/hair_care/shampoo>
{'client': 'Waitrose', 'time': datetime.datetime(2020, 8, 23, 18, 32, 56, 501632), 'category': 'Shampoo', 'id': 'tPp065299-33095-33096', 'prod_name': 'Frizz Ease Dream Curls Shampoo', 'waitrose_Qty': '250ml', 'waitrose_discounted_price': '£6.00', 'waitrose_offer_desc': None, 'waitrose_url': 'https://www.waitrose.com/ecom/shop/browse/groceries/toiletries_health_and_beauty/hair_care/shampoo', 'waitrose_rating': '5', 'waitrose_unit_price': '(£2.40/100ml)', 'waitrose_new_flag': None, 'waitrose_prod_name': 'Frizz Ease Dream Curls Shampoo 250ml', 'images': []}
DEBUG: Scraped from <200 https://www.waitrose.com/ecom/shop/browse/groceries/toiletries_health_and_beauty/hair_care/shampoo>
{'client': 'Waitrose', 'time': datetime.datetime(2020, 8, 23, 18, 32, 56, 501632), 'category': 'Shampoo', 'id': 'tPp051100-25409-25410', 'prod_name': 'Sheer Blonde Moisturising Shampoo', 'waitrose_Qty': '250ml', 'waitrose_discounted_price': '£6.00', 'waitrose_offer_desc': None, 'waitrose_url': 'https://www.waitrose.com/ecom/shop/browse/groceries/toiletries_health_and_beauty/hair_care/shampoo', 'waitrose_rating': '3', 'waitrose_unit_price': '(£2.40/100ml)', 'waitrose_new_flag': None, 'waitrose_prod_name': 'Sheer Blonde Moisturising Shampoo 250ml', 'images': []}
DEBUG: Scraped from <200 https://www.waitrose.com/ecom/shop/browse/groceries/toiletries_health_and_beauty/hair_care/shampoo>
{'client': 'Waitrose', 'time': datetime.datetime(2020, 8, 23, 18, 32, 56, 501632), 'category': 'Shampoo', 'id': 'tPp583946-82773-82774', 'prod_name': "Neal's Yard Lavender Shampoo", 'waitrose_Qty': '200ml', 'waitrose_discounted_price': '£11.50', 'waitrose_offer_desc': None, 'waitrose_url': 'https://www.waitrose.com/ecom/shop/browse/groceries/toiletries_health_and_beauty/hair_care/shampoo', 'waitrose_rating': '2.3', 'waitrose_unit_price': '(£5.75/100ml)', 'waitrose_new_flag': None, 'waitrose_prod_name': "Neal's Yard Lavender Shampoo 200ml", 'images': []}
DEBUG: Scraped from <200 https://www.waitrose.com/ecom/shop/browse/groceries/toiletries_health_and_beauty/hair_care/shampoo>
{'client': 'Waitrose', 'time': datetime.datetime(2020, 8, 23, 18, 32, 56, 501632), 'category': 'Shampoo', 'id': 'tPp819340-720339-720340', 'prod_name': 'Head & Shoulders Supreme Shampoo', 'waitrose_Qty': '400ml', 'waitrose_discounted_price': '£5.00', 'waitrose_offer_desc': None, 'waitrose_url': 'https://www.waitrose.com/ecom/shop/browse/groceries/toiletries_health_and_beauty/hair_care/shampoo', 'waitrose_rating': None, 'waitrose_unit_price': '(£1.25/100ml)', 'waitrose_new_flag': None, 'waitrose_prod_name': 'Head & Shoulders Supreme Shampoo 400ml', 'images': []}
DEBUG: Scraped from <200 https://www.waitrose.com/ecom/shop/browse/groceries/toiletries_health_and_beauty/hair_care/shampoo>
{'client': 'Waitrose', 'time': datetime.datetime(2020, 8, 23, 18, 32, 56, 501632), 'category': 'Shampoo', 'id': 'tPp547359-720175-720176', 'prod_name': 'Maui Moisture Bamboo Shampoo', 'waitrose_Qty': '385ml', 'waitrose_discounted_price': '£9.00', 'waitrose_offer_desc': None, 'waitrose_url': 'https://www.waitrose.com/ecom/shop/browse/groceries/toiletries_health_and_beauty/hair_care/shampoo', 'waitrose_rating': '5', 'waitrose_unit_price': '(£2.34/100ml)', 'waitrose_new_flag': None, 'waitrose_prod_name': 'Maui Moisture Bamboo Shampoo 385ml', 'images': []}
DEBUG: Scraped from <200 https://www.waitrose.com/ecom/shop/browse/groceries/toiletries_health_and_beauty/hair_care/shampoo>
{'client': 'Waitrose', 'time': datetime.datetime(2020, 8, 23, 18, 32, 56, 501632), 'category': 'Shampoo', 'id': 'tPp502437-720153-720154', 'prod_name': 'Aussie Calm The Frizz Shampoo', 'waitrose_Qty': '300ml', 'waitrose_discounted_price': '£4.00', 'waitrose_offer_desc': None, 'waitrose_url': 'https://www.waitrose.com/ecom/shop/browse/groceries/toiletries_health_and_beauty/hair_care/shampoo', 'waitrose_rating': None, 'waitrose_unit_price': '(£1.34/100ml)', 'waitrose_new_flag': None, 'waitrose_prod_name': 'Aussie Calm The Frizz Shampoo 300ml', 'images': []}
DEBUG: Scraped from <200 https://www.waitrose.com/ecom/shop/browse/groceries/toiletries_health_and_beauty/hair_care/shampoo>
{'client': 'Waitrose', 'time': datetime.datetime(2020, 8, 23, 18, 32, 56, 501632), 'category': 'Shampoo', 'id': 'tPp567481-719558-719559', 'prod_name': 'Fit Kit Gentle Shampoo &Conditioner', 'waitrose_Qty': '200ml', 'waitrose_discounted_price': '£3.99', 'waitrose_offer_desc': None, 'waitrose_url': 'https://www.waitrose.com/ecom/shop/browse/groceries/toiletries_health_and_beauty/hair_care/shampoo', 'waitrose_rating': '5', 'waitrose_unit_price': '(£2/100ml)', 'waitrose_new_flag': None, 'waitrose_prod_name': 'Fit Kit Gentle Shampoo &Conditioner 200ml', 'images': []}
DEBUG: Scraped from <200 https://www.waitrose.com/ecom/shop/browse/groceries/toiletries_health_and_beauty/hair_care/shampoo>
{'client': 'Waitrose', 'time': datetime.datetime(2020, 8, 23, 18, 32, 56, 501632), 'category': 'Shampoo', 'id': 'tPp812614-707138-707139', 'prod_name': 'Beco Spring Meadow Shampoo Bar', 'waitrose_Qty': '90g', 'waitrose_discounted_price': '£4.00', 'waitrose_offer_desc': None, 'waitrose_url': 'https://www.waitrose.com/ecom/shop/browse/groceries/toiletries_health_and_beauty/hair_care/shampoo', 'waitrose_rating': '3.3', 'waitrose_unit_price': '(£4.45/100g)', 'waitrose_new_flag': None, 'waitrose_prod_name': 'Beco Spring Meadow Shampoo Bar 90g', 'images': []}
DEBUG: Scraped from <200 https://www.waitrose.com/ecom/shop/browse/groceries/toiletries_health_and_beauty/hair_care/shampoo>
{'client': 'Waitrose', 'time': datetime.datetime(2020, 8, 23, 18, 32, 56, 501632), 'category': 'Shampoo', 'id': 'tPp530991-695493-695494', 'prod_name': 'John Frieda Shampoo Detox & Repair', 'waitrose_Qty': '250ml', 'waitrose_discounted_price': '£6.00', 'waitrose_offer_desc': None, 'waitrose_url': 'https://www.waitrose.com/ecom/shop/browse/groceries/toiletries_health_and_beauty/hair_care/shampoo', 'waitrose_rating': None, 'waitrose_unit_price': '(£2.40/100ml)', 'waitrose_new_flag': None, 'waitrose_prod_name': 'John Frieda Shampoo Detox & Repair 250ml', 'images': []}
DEBUG: Scraped from <200 https://www.waitrose.com/ecom/shop/browse/groceries/toiletries_health_and_beauty/hair_care/shampoo>
{'client': 'Waitrose', 'time': datetime.datetime(2020, 8, 23, 18, 32, 56, 501632), 'category': 'Shampoo', 'id': 'tPp747801-683764-683765', 'prod_name': 'Aussie Shampoo Scent-sational', 'waitrose_Qty': '300ml', 'waitrose_discounted_price': '£4.00', 'waitrose_offer_desc': None, 'waitrose_url': 'https://www.waitrose.com/ecom/shop/browse/groceries/toiletries_health_and_beauty/hair_care/shampoo', 'waitrose_rating': '5', 'waitrose_unit_price': '(£1.34/100ml)', 'waitrose_new_flag': None, 'waitrose_prod_name': 'Aussie Shampoo Scent-sational 300ml', 'images': []}
DEBUG: Scraped from <200 https://www.waitrose.com/ecom/shop/browse/groceries/toiletries_health_and_beauty/hair_care/shampoo>
{'client': 'Waitrose', 'time': datetime.datetime(2020, 8, 23, 18, 32, 56, 501632), 'category': 'Shampoo', 'id': 'tPp725372-631511-631512', 'prod_name': 'Hask Moni Coconut Oil Shampoo', 'waitrose_Qty': '355ml', 'waitrose_discounted_price': '£7.00', 'waitrose_offer_desc': None, 'waitrose_url': 'https://www.waitrose.com/ecom/shop/browse/groceries/toiletries_health_and_beauty/hair_care/shampoo', 'waitrose_rating': None, 'waitrose_unit_price': '(£1.98/100ml)', 'waitrose_new_flag': None, 'waitrose_prod_name': 'Hask Moni Coconut Oil Shampoo 355ml', 'images': []}
DEBUG: Scraped from <200 https://www.waitrose.com/ecom/shop/browse/groceries/toiletries_health_and_beauty/hair_care/shampoo>
{'client': 'Waitrose', 'time': datetime.datetime(2020, 8, 23, 18, 32, 56, 501632), 'category': 'Shampoo', 'id': 'tPp502050-631293-631294', 'prod_name': 'Hask Argan Oil Repairing Shampoo', 'waitrose_Qty': '355ml', 'waitrose_discounted_price': '£7.00', 'waitrose_offer_desc': None, 'waitrose_url': 'https://www.waitrose.com/ecom/shop/browse/groceries/toiletries_health_and_beauty/hair_care/shampoo', 'waitrose_rating': '3.7', 'waitrose_unit_price': '(£1.98/100ml)', 'waitrose_new_flag': None, 'waitrose_prod_name': 'Hask Argan Oil Repairing Shampoo 355ml', 'images': []}
DEBUG: Scraped from <200 https://www.waitrose.com/ecom/shop/browse/groceries/toiletries_health_and_beauty/hair_care/shampoo>
{'client': 'Waitrose', 'time': datetime.datetime(2020, 8, 23, 18, 32, 56, 501632), 'category': 'Shampoo', 'id': 'tPp895328-495224-495225', 'prod_name': 'DGJ Kids Detangle Shampoo', 'waitrose_Qty': '250ml', 'waitrose_discounted_price': '£3.50', 'waitrose_offer_desc': None, 'waitrose_url': 'https://www.waitrose.com/ecom/shop/browse/groceries/toiletries_health_and_beauty/hair_care/shampoo', 'waitrose_rating': None, 'waitrose_unit_price': '(£1.40/100ml)', 'waitrose_new_flag': None, 'waitrose_prod_name': 'DGJ Kids Detangle Shampoo 250ml', 'images': []}
DEBUG: Scraped from <200 https://www.waitrose.com/ecom/shop/browse/groceries/toiletries_health_and_beauty/hair_care/shampoo>
{'client': 'Waitrose', 'time': datetime.datetime(2020, 8, 23, 18, 32, 56, 501632), 'category': 'Shampoo', 'id': 'tPp687186-337057-337058', 'prod_name': 'Argan + Argan Oil Rejuvenating Shampoo', 'waitrose_Qty': '300ml', 'waitrose_discounted_price': '£6.00', 'waitrose_offer_desc': None, 'waitrose_url': 'https://www.waitrose.com/ecom/shop/browse/groceries/toiletries_health_and_beauty/hair_care/shampoo', 'waitrose_rating': '5', 'waitrose_unit_price': '(£2/100ml)', 'waitrose_new_flag': None, 'waitrose_prod_name': 'Argan + Argan Oil Rejuvenating Shampoo 300ml', 'images': []}
DEBUG: Scraped from <200 https://www.waitrose.com/ecom/shop/browse/groceries/toiletries_health_and_beauty/hair_care/shampoo>
{'client': 'Waitrose', 'time': datetime.datetime(2020, 8, 23, 18, 32, 56, 501632), 'category': 'Shampoo', 'id': 'tPp861587-154949-154950', 'prod_name': 'Batiste dark & deep brown dry shampoo', 'waitrose_Qty': '200ml', 'waitrose_discounted_price': '£4.00', 'waitrose_offer_desc': None, 'waitrose_url': 'https://www.waitrose.com/ecom/shop/browse/groceries/toiletries_health_and_beauty/hair_care/shampoo', 'waitrose_rating': None, 'waitrose_unit_price': '(£2/100ml)', 'waitrose_new_flag': None, 'waitrose_prod_name': 'Batiste dark & deep brown dry shampoo 200ml', 'images': []}
DEBUG: Scraped from <200 https://www.waitrose.com/ecom/shop/browse/groceries/toiletries_health_and_beauty/hair_care/shampoo>
{'client': 'Waitrose', 'time': datetime.datetime(2020, 8, 23, 18, 32, 56, 501632), 'category': 'Shampoo', 'id': 'tPp527154-720165-720166', 'prod_name': 'Maui Moisture Hibiscus Water', 'waitrose_Qty': '385ml', 'waitrose_discounted_price': '£9.00', 'waitrose_offer_desc': None, 'waitrose_url': 'https://www.waitrose.com/ecom/shop/browse/groceries/toiletries_health_and_beauty/hair_care/shampoo', 'waitrose_rating': None, 'waitrose_unit_price': '(£2.34/100ml)', 'waitrose_new_flag': None, 'waitrose_prod_name': 'Maui Moisture Hibiscus Water 385ml', 'images': []}
DEBUG: Scraped from <200 https://www.waitrose.com/ecom/shop/browse/groceries/toiletries_health_and_beauty/hair_care/shampoo>
{'client': 'Waitrose', 'time': datetime.datetime(2020, 8, 23, 18, 32, 56, 501632), 'category': 'Shampoo', 'id': 'tPp649492-695625-695626', 'prod_name': 'Vosene Kids 2in1 Melon Shampoo', 'waitrose_Qty': '250ml', 'waitrose_discounted_price': '£2.00', 'waitrose_offer_desc': None, 'waitrose_url': 'https://www.waitrose.com/ecom/shop/browse/groceries/toiletries_health_and_beauty/hair_care/shampoo', 'waitrose_rating': None, 'waitrose_unit_price': '(80p/100ml)', 'waitrose_new_flag': None, 'waitrose_prod_name': 'Vosene Kids 2in1 Melon Shampoo 250ml', 'images': []}
DEBUG: Scraped from <200 https://www.waitrose.com/ecom/shop/browse/groceries/toiletries_health_and_beauty/hair_care/shampoo>
{'client': 'Waitrose', 'time': datetime.datetime(2020, 8, 23, 18, 32, 56, 501632), 'category': 'Shampoo', 'id': 'tPp895244-495222-495223', 'prod_name': 'DGJ Clarifying Shampoo', 'waitrose_Qty': '250ml', 'waitrose_discounted_price': '£5.00', 'waitrose_offer_desc': None, 'waitrose_url': 'https://www.waitrose.com/ecom/shop/browse/groceries/toiletries_health_and_beauty/hair_care/shampoo', 'waitrose_rating': None, 'waitrose_unit_price': '(£2/100ml)', 'waitrose_new_flag': None, 'waitrose_prod_name': 'DGJ Clarifying Shampoo 250ml', 'images': []}
DEBUG: Scraped from <200 https://www.waitrose.com/ecom/shop/browse/groceries/toiletries_health_and_beauty/hair_care/shampoo>
{'client': 'Waitrose', 'time': datetime.datetime(2020, 8, 23, 18, 32, 56, 501632), 'category': 'Shampoo', 'id': 'tPp702159-494964-494965', 'prod_name': 'DGJ Argan Oil Shampoo', 'waitrose_Qty': '250ml', 'waitrose_discounted_price': '£5.00', 'waitrose_offer_desc': None, 'waitrose_url': 'https://www.waitrose.com/ecom/shop/browse/groceries/toiletries_health_and_beauty/hair_care/shampoo', 'waitrose_rating': None, 'waitrose_unit_price': '(£2/100ml)', 'waitrose_new_flag': None, 'waitrose_prod_name': 'DGJ Argan Oil Shampoo 250ml', 'images': []}
DEBUG: Scraped from <200 https://www.waitrose.com/ecom/shop/browse/groceries/toiletries_health_and_beauty/hair_care/shampoo>
{'client': 'Waitrose', 'time': datetime.datetime(2020, 8, 23, 18, 32, 56, 501632), 'category': 'Shampoo', 'id': 'tPp563832-295347-295348', 'prod_name': 'Argan + Argan Oil 5Oil Miracle Shampoo', 'waitrose_Qty': '300ml', 'waitrose_discounted_price': '£6.00', 'waitrose_offer_desc': None, 'waitrose_url': 'https://www.waitrose.com/ecom/shop/browse/groceries/toiletries_health_and_beauty/hair_care/shampoo', 'waitrose_rating': '5', 'waitrose_unit_price': '(£2/100ml)', 'waitrose_new_flag': None, 'waitrose_prod_name': 'Argan + Argan Oil 5Oil Miracle Shampoo 300ml', 'images': []}
DEBUG: Scraped from <200 https://www.waitrose.com/ecom/shop/browse/groceries/toiletries_health_and_beauty/hair_care/shampoo>
{'client': 'Waitrose', 'time': datetime.datetime(2020, 8, 23, 18, 32, 56, 501632), 'category': 'Shampoo', 'id': 'tPp703131-695681-695682', 'prod_name': 'Head & Shoulders Repair Shampoo', 'waitrose_Qty': '400ml', 'waitrose_discounted_price': '£5.00', 'waitrose_offer_desc': None, 'waitrose_url': 'https://www.waitrose.com/ecom/shop/browse/groceries/toiletries_health_and_beauty/hair_care/shampoo', 'waitrose_rating': '4', 'waitrose_unit_price': '(£1.25/100ml)', 'waitrose_new_flag': None, 'waitrose_prod_name': 'Head & Shoulders Repair Shampoo 400ml', 'images': []}
DEBUG: Scraped from <200 https://www.waitrose.com/ecom/shop/browse/groceries/toiletries_health_and_beauty/hair_care/shampoo>
{'client': 'Waitrose', 'time': datetime.datetime(2020, 8, 23, 18, 32, 56, 501632), 'category': 'Shampoo', 'id': 'tPp657930-695639-695640', 'prod_name': 'Noughty Pumped Up Shampoo', 'waitrose_Qty': '250ml', 'waitrose_discounted_price': '£7.00', 'waitrose_offer_desc': None, 'waitrose_url': 'https://www.waitrose.com/ecom/shop/browse/groceries/toiletries_health_and_beauty/hair_care/shampoo', 'waitrose_rating': '5', 'waitrose_unit_price': '(£2.80/100ml)', 'waitrose_new_flag': None, 'waitrose_prod_name': 'Noughty Pumped Up Shampoo 250ml', 'images': []}
DEBUG: Scraped from <200 https://www.waitrose.com/ecom/shop/browse/groceries/toiletries_health_and_beauty/hair_care/shampoo>
{'client': 'Waitrose', 'time': datetime.datetime(2020, 8, 23, 18, 32, 56, 501632), 'category': 'Shampoo', 'id': 'tPp631829-695597-695598', 'prod_name': 'Noughty Detox Dynamo Shampoo', 'waitrose_Qty': '250ml', 'waitrose_discounted_price': '£7.00', 'waitrose_offer_desc': None, 'waitrose_url': 'https://www.waitrose.com/ecom/shop/browse/groceries/toiletries_health_and_beauty/hair_care/shampoo', 'waitrose_rating': None, 'waitrose_unit_price': '(£2.80/100ml)', 'waitrose_new_flag': None, 'waitrose_prod_name': 'Noughty Detox Dynamo Shampoo 250ml', 'images': []}
DEBUG: Scraped from <200 https://www.waitrose.com/ecom/shop/browse/groceries/toiletries_health_and_beauty/hair_care/shampoo>
{'client': 'Waitrose', 'time': datetime.datetime(2020, 8, 23, 18, 32, 56, 501632), 'category': 'Shampoo', 'id': 'tPp623864-695587-695588', 'prod_name': 'Noughty Care Taker Shampoo', 'waitrose_Qty': '250ml', 'waitrose_discounted_price': '£7.00', 'waitrose_offer_desc': None, 'waitrose_url': 'https://www.waitrose.com/ecom/shop/browse/groceries/toiletries_health_and_beauty/hair_care/shampoo', 'waitrose_rating': '4', 'waitrose_unit_price': '(£2.80/100ml)', 'waitrose_new_flag': None, 'waitrose_prod_name': 'Noughty Care Taker Shampoo 250ml', 'images': []}
DEBUG: Scraped from <200 https://www.waitrose.com/ecom/shop/browse/groceries/toiletries_health_and_beauty/hair_care/shampoo>
{'client': 'Waitrose', 'time': datetime.datetime(2020, 8, 23, 18, 32, 56, 501632), 'category': 'Shampoo', 'id': 'tPp453160-695433-695434', 'prod_name': 'Argan+ Long & Strong Shampoo', 'waitrose_Qty': '300ml', 'waitrose_discounted_price': '£6.00', 'waitrose_offer_desc': None, 'waitrose_url': 'https://www.waitrose.com/ecom/shop/browse/groceries/toiletries_health_and_beauty/hair_care/shampoo', 'waitrose_rating': None, 'waitrose_unit_price': '(£2/100ml)', 'waitrose_new_flag': None, 'waitrose_prod_name': 'Argan+ Long & Strong Shampoo 300ml', 'images': []}
DEBUG: Scraped from <200 https://www.waitrose.com/ecom/shop/browse/groceries/toiletries_health_and_beauty/hair_care/shampoo>
{'client': 'Waitrose', 'time': datetime.datetime(2020, 8, 23, 18, 32, 56, 501632), 'category': 'Shampoo', 'id': 'tPp414862-695397-695398', 'prod_name': 'Noughty Wave Hello Shampoo', 'waitrose_Qty': '250ml', 'waitrose_discounted_price': '£7.00', 'waitrose_offer_desc': None, 'waitrose_url': 'https://www.waitrose.com/ecom/shop/browse/groceries/toiletries_health_and_beauty/hair_care/shampoo', 'waitrose_rating': None, 'waitrose_unit_price': '(£2.80/100ml)', 'waitrose_new_flag': None, 'waitrose_prod_name': 'Noughty Wave Hello Shampoo 250ml', 'images': []}
DEBUG: Scraped from <200 https://www.waitrose.com/ecom/shop/browse/groceries/toiletries_health_and_beauty/hair_care/shampoo>
{'client': 'Waitrose', 'time': datetime.datetime(2020, 8, 23, 18, 32, 56, 501632), 'category': 'Shampoo', 'id': 'tPp401660-588303-588304', 'prod_name': 'Richard Ward Brunette Shampoo', 'waitrose_Qty': '250ml', 'waitrose_discounted_price': '£6.00', 'waitrose_offer_desc': None, 'waitrose_url': 'https://www.waitrose.com/ecom/shop/browse/groceries/toiletries_health_and_beauty/hair_care/shampoo', 'waitrose_rating': '5', 'waitrose_unit_price': '(£2.40/100ml)', 'waitrose_new_flag': None, 'waitrose_prod_name': 'Richard Ward Brunette Shampoo 250ml', 'images': []}
DEBUG: Scraped from <200 https://www.waitrose.com/ecom/shop/browse/groceries/toiletries_health_and_beauty/hair_care/shampoo>
{'client': 'Waitrose', 'time': datetime.datetime(2020, 8, 23, 18, 32, 56, 501632), 'category': 'Shampoo', 'id': 'tPp755186-495024-495025', 'prod_name': 'DGJ Colour Save Shampoo', 'waitrose_Qty': '250ml', 'waitrose_discounted_price': '£5.00', 'waitrose_offer_desc': None, 'waitrose_url': 'https://www.waitrose.com/ecom/shop/browse/groceries/toiletries_health_and_beauty/hair_care/shampoo', 'waitrose_rating': None, 'waitrose_unit_price': '(£2/100ml)', 'waitrose_new_flag': None, 'waitrose_prod_name': 'DGJ Colour Save Shampoo 250ml', 'images': []}
DEBUG: Scraped from <200 https://www.waitrose.com/ecom/shop/browse/groceries/toiletries_health_and_beauty/hair_care/shampoo>
{'client': 'Waitrose', 'time': datetime.datetime(2020, 8, 23, 18, 32, 56, 501632), 'category': 'Shampoo', 'id': 'tPp807825-473364-473365', 'prod_name': 'SenSpa Deep Cleanse Shampoo', 'waitrose_Qty': '250ml', 'waitrose_discounted_price': '£6.00', 'waitrose_offer_desc': None, 'waitrose_url': 'https://www.waitrose.com/ecom/shop/browse/groceries/toiletries_health_and_beauty/hair_care/shampoo', 'waitrose_rating': '3.7', 'waitrose_unit_price': '(£2.40/100ml)', 'waitrose_new_flag': None, 'waitrose_prod_name': 'SenSpa Deep Cleanse Shampoo 250ml', 'images': []}
DEBUG: Scraped from <200 https://www.waitrose.com/ecom/shop/browse/groceries/toiletries_health_and_beauty/hair_care/shampoo>
{'client': 'Waitrose', 'time': datetime.datetime(2020, 8, 23, 18, 32, 56, 501632), 'category': 'Shampoo', 'id': 'tPp816738-442231-442232', 'prod_name': 'SensSpa Nourishing Shampoo', 'waitrose_Qty': '250ml', 'waitrose_discounted_price': '£6.00', 'waitrose_offer_desc': None, 'waitrose_url': 'https://www.waitrose.com/ecom/shop/browse/groceries/toiletries_health_and_beauty/hair_care/shampoo', 'waitrose_rating': '2.6', 'waitrose_unit_price': '(£2.40/100ml)', 'waitrose_new_flag': None, 'waitrose_prod_name': 'SensSpa Nourishing Shampoo 250ml', 'images': []}
DEBUG: Scraped from <200 https://www.waitrose.com/ecom/shop/browse/groceries/toiletries_health_and_beauty/hair_care/shampoo>
{'client': 'Waitrose', 'time': datetime.datetime(2020, 8, 23, 18, 32, 56, 501632), 'category': 'Shampoo', 'id': 'tPp833802-337290-337291', 'prod_name': 'Aussie Miracle Moist Spray', 'waitrose_Qty': '250ml', 'waitrose_discounted_price': '£5.15', 'waitrose_offer_desc': None, 'waitrose_url': 'https://www.waitrose.com/ecom/shop/browse/groceries/toiletries_health_and_beauty/hair_care/shampoo', 'waitrose_rating': None, 'waitrose_unit_price': '(£2.06/100ml)', 'waitrose_new_flag': None, 'waitrose_prod_name': 'Aussie Miracle Moist Spray 250ml', 'images': []}
DEBUG: Scraped from <200 https://www.waitrose.com/ecom/shop/browse/groceries/toiletries_health_and_beauty/hair_care/shampoo>
{'client': 'Waitrose', 'time': datetime.datetime(2020, 8, 23, 18, 32, 56, 501632), 'category': 'Shampoo', 'id': 'tPp567431-729696-729697', 'prod_name': 'Batiste Dry Shampoo for Blondes', 'waitrose_Qty': '200ml', 'waitrose_discounted_price': '£4.00', 'waitrose_offer_desc': None, 'waitrose_url': 'https://www.waitrose.com/ecom/shop/browse/groceries/toiletries_health_and_beauty/hair_care/shampoo', 'waitrose_rating': None, 'waitrose_unit_price': '(£2/100ml)', 'waitrose_new_flag': 'NEW', 'waitrose_prod_name': 'Batiste Dry Shampoo for Blondes 200ml', 'images': []}
DEBUG: Scraped from <200 https://www.waitrose.com/ecom/shop/browse/groceries/toiletries_health_and_beauty/hair_care/shampoo>
{'client': 'Waitrose', 'time': datetime.datetime(2020, 8, 23, 18, 32, 56, 501632), 'category': 'Shampoo', 'id': 'tPp808436-720325-720326', 'prod_name': 'Hask Biotin Boost Shampoo', 'waitrose_Qty': '355ml', 'waitrose_discounted_price': '£7.00', 'waitrose_offer_desc': None, 'waitrose_url': 'https://www.waitrose.com/ecom/shop/browse/groceries/toiletries_health_and_beauty/hair_care/shampoo', 'waitrose_rating': None, 'waitrose_unit_price': '(£1.98/100ml)', 'waitrose_new_flag': None, 'waitrose_prod_name': 'Hask Biotin Boost Shampoo 355ml', 'images': []}
DEBUG: Scraped from <200 https://www.waitrose.com/ecom/shop/browse/groceries/toiletries_health_and_beauty/hair_care/shampoo>
{'client': 'Waitrose', 'time': datetime.datetime(2020, 8, 23, 18, 32, 56, 501632), 'category': 'Shampoo', 'id': 'tPp663502-695641-695642', 'prod_name': 'Noughty To The Rescue Shampoo', 'waitrose_Qty': '250ml', 'waitrose_discounted_price': '£7.00', 'waitrose_offer_desc': None, 'waitrose_url': 'https://www.waitrose.com/ecom/shop/browse/groceries/toiletries_health_and_beauty/hair_care/shampoo', 'waitrose_rating': '5', 'waitrose_unit_price': '(£2.80/100ml)', 'waitrose_new_flag': None, 'waitrose_prod_name': 'Noughty To The Rescue Shampoo 250ml', 'images': []}
DEBUG: Scraped from <200 https://www.waitrose.com/ecom/shop/browse/groceries/toiletries_health_and_beauty/hair_care/shampoo>
{'client': 'Waitrose', 'time': datetime.datetime(2020, 8, 23, 18, 32, 56, 501632), 'category': 'Shampoo', 'id': 'tPp645178-695617-695618', 'prod_name': 'John Frieda Shampoo Weightless Wonder', 'waitrose_Qty': '250ml', 'waitrose_discounted_price': '£6.00', 'waitrose_offer_desc': None, 'waitrose_url': 'https://www.waitrose.com/ecom/shop/browse/groceries/toiletries_health_and_beauty/hair_care/shampoo', 'waitrose_rating': '4.6', 'waitrose_unit_price': '(£2.40/100ml)', 'waitrose_new_flag': None, 'waitrose_prod_name': 'John Frieda Shampoo Weightless Wonder 250ml', 'images': []}
DEBUG: Scraped from <200 https://www.waitrose.com/ecom/shop/browse/groceries/toiletries_health_and_beauty/hair_care/shampoo>
{'client': 'Waitrose', 'time': datetime.datetime(2020, 8, 23, 18, 32, 56, 501632), 'category': 'Shampoo', 'id': 'tPp603087-695555-695556', 'prod_name': 'Noughty Colour Bomb Shampoo', 'waitrose_Qty': '250ml', 'waitrose_discounted_price': '£7.00', 'waitrose_offer_desc': None, 'waitrose_url': 'https://www.waitrose.com/ecom/shop/browse/groceries/toiletries_health_and_beauty/hair_care/shampoo', 'waitrose_rating': '3', 'waitrose_unit_price': '(£2.80/100ml)', 'waitrose_new_flag': None, 'waitrose_prod_name': 'Noughty Colour Bomb Shampoo 250ml', 'images': []}
DEBUG: Scraped from <200 https://www.waitrose.com/ecom/shop/browse/groceries/toiletries_health_and_beauty/hair_care/shampoo>
{'client': 'Waitrose', 'time': datetime.datetime(2020, 8, 23, 18, 32, 56, 501632), 'category': 'Shampoo', 'id': 'tPp591666-681031-681032', 'prod_name': 'Pure Grace Shower Gel', 'waitrose_Qty': '480ml', 'waitrose_discounted_price': '£19.50', 'waitrose_offer_desc': None, 'waitrose_url': 'https://www.waitrose.com/ecom/shop/browse/groceries/toiletries_health_and_beauty/hair_care/shampoo', 'waitrose_rating': None, 'waitrose_unit_price': '(£4.07/100ml)', 'waitrose_new_flag': None, 'waitrose_prod_name': 'Pure Grace Shower Gel 480ml', 'images': []}
DEBUG: Scraped from <200 https://www.waitrose.com/ecom/shop/browse/groceries/toiletries_health_and_beauty/hair_care/shampoo>
{'client': 'Waitrose', 'time': datetime.datetime(2020, 8, 23, 18, 32, 56, 501632), 'category': 'Shampoo', 'id': 'tPp492466-631281-631282', 'prod_name': 'Hask Keratin Protein Smoothing Shampoo', 'waitrose_Qty': '355ml', 'waitrose_discounted_price': '£7.00', 'waitrose_offer_desc': None, 'waitrose_url': 'https://www.waitrose.com/ecom/shop/browse/groceries/toiletries_health_and_beauty/hair_care/shampoo', 'waitrose_rating': None, 'waitrose_unit_price': '(£1.98/100ml)', 'waitrose_new_flag': None, 'waitrose_prod_name': 'Hask Keratin Protein Smoothing Shampoo 355ml', 'images': []}
DEBUG: Scraped from <200 https://www.waitrose.com/ecom/shop/browse/groceries/toiletries_health_and_beauty/hair_care/shampoo>
{'client': 'Waitrose', 'time': datetime.datetime(2020, 8, 23, 18, 32, 56, 501632), 'category': 'Shampoo', 'id': 'tPp745828-495012-495013', 'prod_name': 'DGJ Kids Lice Repel Shampoo', 'waitrose_Qty': '250ml', 'waitrose_discounted_price': '£3.50', 'waitrose_offer_desc': None, 'waitrose_url': 'https://www.waitrose.com/ecom/shop/browse/groceries/toiletries_health_and_beauty/hair_care/shampoo', 'waitrose_rating': None, 'waitrose_unit_price': '(£1.40/100ml)', 'waitrose_new_flag': None, 'waitrose_prod_name': 'DGJ Kids Lice Repel Shampoo 250ml', 'images': []}
INFO: Closing spider (finished)
INFO: Stored json feed (140 items) in: waitrose_082320.json
INFO: Dumping Scrapy stats:
{'downloader/request_bytes': 2588,
 'downloader/request_count': 1,
 'downloader/request_method_count/POST': 1,
 'downloader/response_bytes': 1494715,
 'downloader/response_count': 1,
 'downloader/response_status_count/200': 1,
 'finish_reason': 'finished',
 'finish_time': datetime.datetime(2020, 8, 23, 13, 4, 35, 226317),
 'item_scraped_count': 140,
 'log_count/DEBUG': 141,
 'log_count/INFO': 11,
 'log_count/WARNING': 1,
 'response_received_count': 1,
 'scheduler/dequeued': 2,
 'scheduler/dequeued/memory': 2,
 'scheduler/enqueued': 2,
 'scheduler/enqueued/memory': 2,
 'splash/execute/request_count': 1,
 'splash/execute/response_count/200': 1,
 'start_time': datetime.datetime(2020, 8, 23, 13, 2, 56, 846679)}
INFO: Spider closed (finished)
INFO: Scrapy 1.6.0 started (bot: waitrose)
INFO: Versions: lxml 4.5.1.0, libxml2 2.9.10, cssselect 1.1.0, parsel 1.6.0, w3lib 1.22.0, Twisted 20.3.0, Python 3.7.7 (default, May  6 2020, 11:45:54) [MSC v.1916 64 bit (AMD64)], pyOpenSSL 19.1.0 (OpenSSL 1.1.1g  21 Apr 2020), cryptography 2.9.2, Platform Windows-10-10.0.18362-SP0
INFO: Overridden settings: {'BOT_NAME': 'waitrose', 'DOWNLOAD_TIMEOUT': 1200, 'DUPEFILTER_CLASS': 'scrapy_splash.SplashAwareDupeFilter', 'FEED_EXPORT_ENCODING': 'utf-8', 'FEED_FORMAT': 'json', 'FEED_URI': 'waitrose_082420.json', 'NEWSPIDER_MODULE': 'waitrose.spiders', 'SPIDER_MODULES': ['waitrose.spiders']}
INFO: Telnet Password: 4205e997356b9e21
INFO: Enabled extensions:
['scrapy.extensions.corestats.CoreStats',
 'scrapy.extensions.telnet.TelnetConsole',
 'scrapy.extensions.feedexport.FeedExporter',
 'scrapy.extensions.logstats.LogStats']
INFO: Enabled downloader middlewares:
['scrapy.downloadermiddlewares.httpauth.HttpAuthMiddleware',
 'scrapy.downloadermiddlewares.downloadtimeout.DownloadTimeoutMiddleware',
 'scrapy.downloadermiddlewares.defaultheaders.DefaultHeadersMiddleware',
 'scrapy.downloadermiddlewares.useragent.UserAgentMiddleware',
 'scrapy.downloadermiddlewares.retry.RetryMiddleware',
 'scrapy.downloadermiddlewares.redirect.MetaRefreshMiddleware',
 'scrapy.downloadermiddlewares.redirect.RedirectMiddleware',
 'scrapy.downloadermiddlewares.cookies.CookiesMiddleware',
 'scrapy_splash.SplashCookiesMiddleware',
 'scrapy_splash.SplashMiddleware',
 'scrapy.downloadermiddlewares.httpproxy.HttpProxyMiddleware',
 'scrapy.downloadermiddlewares.httpcompression.HttpCompressionMiddleware',
 'scrapy.downloadermiddlewares.stats.DownloaderStats']
INFO: Enabled spider middlewares:
['scrapy.spidermiddlewares.httperror.HttpErrorMiddleware',
 'scrapy_splash.SplashDeduplicateArgsMiddleware',
 'scrapy.spidermiddlewares.offsite.OffsiteMiddleware',
 'scrapy.spidermiddlewares.referer.RefererMiddleware',
 'scrapy.spidermiddlewares.urllength.UrlLengthMiddleware',
 'scrapy.spidermiddlewares.depth.DepthMiddleware']
INFO: Enabled item pipelines:
['waitrose.pipelines.ImageDownloaderPipeline',
 'waitrose.pipelines.SQLlitePipeline']
INFO: Spider opened
INFO: Crawled 0 pages (at 0 pages/min), scraped 0 items (at 0 items/min)
WARNING: C:\Users\sujithk\AppData\Local\Continuum\anaconda3\envs\Virtual_Env\lib\site-packages\scrapy\spidermiddlewares\offsite.py:61: URLWarning: allowed_domains accepts only domains, not URLs. Ignoring URL entry https://www.waitrose.com/ in allowed_domains.
  warnings.warn(message, URLWarning)

INFO: Telnet console listening on 127.0.0.1:6024
INFO: Scrapy 1.6.0 started (bot: waitrose)
INFO: Versions: lxml 4.5.1.0, libxml2 2.9.10, cssselect 1.1.0, parsel 1.6.0, w3lib 1.22.0, Twisted 20.3.0, Python 3.7.7 (default, May  6 2020, 11:45:54) [MSC v.1916 64 bit (AMD64)], pyOpenSSL 19.1.0 (OpenSSL 1.1.1g  21 Apr 2020), cryptography 2.9.2, Platform Windows-10-10.0.18362-SP0
INFO: Overridden settings: {'BOT_NAME': 'waitrose', 'DOWNLOAD_TIMEOUT': 1200, 'DUPEFILTER_CLASS': 'scrapy_splash.SplashAwareDupeFilter', 'FEED_EXPORT_ENCODING': 'utf-8', 'FEED_FORMAT': 'json', 'FEED_URI': 'waitrose_082420.json', 'NEWSPIDER_MODULE': 'waitrose.spiders', 'SPIDER_MODULES': ['waitrose.spiders']}
INFO: Telnet Password: d0331d073c6a0982
INFO: Enabled extensions:
['scrapy.extensions.corestats.CoreStats',
 'scrapy.extensions.telnet.TelnetConsole',
 'scrapy.extensions.feedexport.FeedExporter',
 'scrapy.extensions.logstats.LogStats']
INFO: Enabled downloader middlewares:
['scrapy.downloadermiddlewares.httpauth.HttpAuthMiddleware',
 'scrapy.downloadermiddlewares.downloadtimeout.DownloadTimeoutMiddleware',
 'scrapy.downloadermiddlewares.defaultheaders.DefaultHeadersMiddleware',
 'scrapy.downloadermiddlewares.useragent.UserAgentMiddleware',
 'scrapy.downloadermiddlewares.retry.RetryMiddleware',
 'scrapy.downloadermiddlewares.redirect.MetaRefreshMiddleware',
 'scrapy.downloadermiddlewares.redirect.RedirectMiddleware',
 'scrapy.downloadermiddlewares.cookies.CookiesMiddleware',
 'scrapy_splash.SplashCookiesMiddleware',
 'scrapy_splash.SplashMiddleware',
 'scrapy.downloadermiddlewares.httpproxy.HttpProxyMiddleware',
 'scrapy.downloadermiddlewares.httpcompression.HttpCompressionMiddleware',
 'scrapy.downloadermiddlewares.stats.DownloaderStats']
INFO: Enabled spider middlewares:
['scrapy.spidermiddlewares.httperror.HttpErrorMiddleware',
 'scrapy_splash.SplashDeduplicateArgsMiddleware',
 'scrapy.spidermiddlewares.offsite.OffsiteMiddleware',
 'scrapy.spidermiddlewares.referer.RefererMiddleware',
 'scrapy.spidermiddlewares.urllength.UrlLengthMiddleware',
 'scrapy.spidermiddlewares.depth.DepthMiddleware']
INFO: Enabled item pipelines:
['waitrose.pipelines.ImageDownloaderPipeline',
 'waitrose.pipelines.SQLlitePipeline']
INFO: Spider opened
INFO: Crawled 0 pages (at 0 pages/min), scraped 0 items (at 0 items/min)
WARNING: C:\Users\sujithk\AppData\Local\Continuum\anaconda3\envs\Virtual_Env\lib\site-packages\scrapy\spidermiddlewares\offsite.py:61: URLWarning: allowed_domains accepts only domains, not URLs. Ignoring URL entry https://www.waitrose.com/ in allowed_domains.
  warnings.warn(message, URLWarning)

INFO: Telnet console listening on 127.0.0.1:6026
INFO: Crawled 0 pages (at 0 pages/min), scraped 0 items (at 0 items/min)
DEBUG: Crawled (200) <GET https://www.waitrose.com/ecom/shop/browse/groceries/toiletries_health_and_beauty/hair_care/shampoo via http://192.168.1.9:8050/execute> (referer: None)
DEBUG: Scraped from <200 https://www.waitrose.com/ecom/shop/browse/groceries/toiletries_health_and_beauty/hair_care/shampoo>
{'client': 'Waitrose', 'time': datetime.datetime(2020, 8, 24, 10, 10, 29, 493261), 'category': 'Shampoo', 'id': 'tPp639366-90822-90823', 'prod_name': 'Head & Shoulders Shampoo Classic', 'waitrose_Qty': '500ml', 'waitrose_discounted_price': '£3.43', 'waitrose_offer_desc': 'Save 1/3.', 'waitrose_url': 'https://www.waitrose.com/ecom/shop/browse/groceries/toiletries_health_and_beauty/hair_care/shampoo', 'waitrose_rating': '3.5', 'waitrose_unit_price': '(68.6p/100ml)', 'waitrose_new_flag': None, 'waitrose_prod_name': 'Head & Shoulders Shampoo Classic 500ml', 'images': []}
DEBUG: Scraped from <200 https://www.waitrose.com/ecom/shop/browse/groceries/toiletries_health_and_beauty/hair_care/shampoo>
{'client': 'Waitrose', 'time': datetime.datetime(2020, 8, 24, 10, 10, 29, 493261), 'category': 'Shampoo', 'id': 'tPp435635-694165-694166', 'prod_name': 'Pantene Classic Clean Shampoo', 'waitrose_Qty': '500ml', 'waitrose_discounted_price': '£5.15', 'waitrose_offer_desc': 'Add 2 for £5', 'waitrose_url': 'https://www.waitrose.com/ecom/shop/browse/groceries/toiletries_health_and_beauty/hair_care/shampoo', 'waitrose_rating': None, 'waitrose_unit_price': '(£1.03/100ml)', 'waitrose_new_flag': None, 'waitrose_prod_name': 'Pantene Classic Clean Shampoo 500ml', 'images': []}
DEBUG: Scraped from <200 https://www.waitrose.com/ecom/shop/browse/groceries/toiletries_health_and_beauty/hair_care/shampoo>
{'client': 'Waitrose', 'time': datetime.datetime(2020, 8, 24, 10, 10, 29, 493261), 'category': 'Shampoo', 'id': 'tPp824583-694195-694196', 'prod_name': 'Pantene Repair & Protect Shampoo', 'waitrose_Qty': '500ml', 'waitrose_discounted_price': '£3.75', 'waitrose_offer_desc': 'Add 2 for £5', 'waitrose_url': 'https://www.waitrose.com/ecom/shop/browse/groceries/toiletries_health_and_beauty/hair_care/shampoo', 'waitrose_rating': None, 'waitrose_unit_price': '(75p/100ml)', 'waitrose_new_flag': None, 'waitrose_prod_name': 'Pantene Repair & Protect Shampoo 500ml', 'images': []}
DEBUG: Scraped from <200 https://www.waitrose.com/ecom/shop/browse/groceries/toiletries_health_and_beauty/hair_care/shampoo>
{'client': 'Waitrose', 'time': datetime.datetime(2020, 8, 24, 10, 10, 29, 493261), 'category': 'Shampoo', 'id': 'tPp836753-694201-694202', 'prod_name': 'Pantene Volume & Body Shampoo', 'waitrose_Qty': '500ml', 'waitrose_discounted_price': '£5.15', 'waitrose_offer_desc': 'Add 2 for £5', 'waitrose_url': 'https://www.waitrose.com/ecom/shop/browse/groceries/toiletries_health_and_beauty/hair_care/shampoo', 'waitrose_rating': None, 'waitrose_unit_price': '(£1.03/100ml)', 'waitrose_new_flag': None, 'waitrose_prod_name': 'Pantene Volume & Body Shampoo 500ml', 'images': []}
DEBUG: Scraped from <200 https://www.waitrose.com/ecom/shop/browse/groceries/toiletries_health_and_beauty/hair_care/shampoo>
{'client': 'Waitrose', 'time': datetime.datetime(2020, 8, 24, 10, 10, 29, 493261), 'category': 'Shampoo', 'id': 'tPp657721-694179-694180', 'prod_name': 'Pantene 3 in 1 Classic Clean', 'waitrose_Qty': '450ml', 'waitrose_discounted_price': '£3.75', 'waitrose_offer_desc': 'Add 2 for £5', 'waitrose_url': 'https://www.waitrose.com/ecom/shop/browse/groceries/toiletries_health_and_beauty/hair_care/shampoo', 'waitrose_rating': None, 'waitrose_unit_price': '(83.3p/100ml)', 'waitrose_new_flag': None, 'waitrose_prod_name': 'Pantene 3 in 1 Classic Clean 450ml', 'images': []}
DEBUG: Scraped from <200 https://www.waitrose.com/ecom/shop/browse/groceries/toiletries_health_and_beauty/hair_care/shampoo>
{'client': 'Waitrose', 'time': datetime.datetime(2020, 8, 24, 10, 10, 29, 493261), 'category': 'Shampoo', 'id': 'tPp455905-591789-591790', 'prod_name': 'Herbal Essences clean Shampoo', 'waitrose_Qty': '400ml', 'waitrose_discounted_price': '£4.50', 'waitrose_offer_desc': 'Add 2 for £6', 'waitrose_url': 'https://www.waitrose.com/ecom/shop/browse/groceries/toiletries_health_and_beauty/hair_care/shampoo', 'waitrose_rating': None, 'waitrose_unit_price': '(£1.13/100ml)', 'waitrose_new_flag': None, 'waitrose_prod_name': 'Herbal Essences clean Shampoo 400ml', 'images': []}
DEBUG: Scraped from <200 https://www.waitrose.com/ecom/shop/browse/groceries/toiletries_health_and_beauty/hair_care/shampoo>
{'client': 'Waitrose', 'time': datetime.datetime(2020, 8, 24, 10, 10, 29, 493261), 'category': 'Shampoo', 'id': 'tPp757780-107799-107800', 'prod_name': 'Head & Shoulders 2in1 Classic Clean', 'waitrose_Qty': '450ml', 'waitrose_discounted_price': '£3.43', 'waitrose_offer_desc': 'Save 1/3.', 'waitrose_url': 'https://www.waitrose.com/ecom/shop/browse/groceries/toiletries_health_and_beauty/hair_care/shampoo', 'waitrose_rating': '4', 'waitrose_unit_price': '(76.2p/100ml)', 'waitrose_new_flag': None, 'waitrose_prod_name': 'Head & Shoulders 2in1 Classic Clean 450ml', 'images': []}
DEBUG: Scraped from <200 https://www.waitrose.com/ecom/shop/browse/groceries/toiletries_health_and_beauty/hair_care/shampoo>
{'client': 'Waitrose', 'time': datetime.datetime(2020, 8, 24, 10, 10, 29, 493261), 'category': 'Shampoo', 'id': 'tPp582132-472091-472092', 'prod_name': 'Ogx Argan Oil Morocco Shampoo', 'waitrose_Qty': '385ml', 'waitrose_discounted_price': '£7.00', 'waitrose_offer_desc': 'Add 2 for £10', 'waitrose_url': 'https://www.waitrose.com/ecom/shop/browse/groceries/toiletries_health_and_beauty/hair_care/shampoo', 'waitrose_rating': '4', 'waitrose_unit_price': '(£1.82/100ml)', 'waitrose_new_flag': None, 'waitrose_prod_name': 'Ogx Argan Oil Morocco Shampoo 385ml', 'images': []}
DEBUG: Scraped from <200 https://www.waitrose.com/ecom/shop/browse/groceries/toiletries_health_and_beauty/hair_care/shampoo>
{'client': 'Waitrose', 'time': datetime.datetime(2020, 8, 24, 10, 10, 29, 493261), 'category': 'Shampoo', 'id': 'tPp407453-471203-471204', 'prod_name': 'Ogx Biotin & Collagen Shampoo', 'waitrose_Qty': '385ml', 'waitrose_discounted_price': '£7.00', 'waitrose_offer_desc': 'Add 2 for £10', 'waitrose_url': 'https://www.waitrose.com/ecom/shop/browse/groceries/toiletries_health_and_beauty/hair_care/shampoo', 'waitrose_rating': None, 'waitrose_unit_price': '(£1.82/100ml)', 'waitrose_new_flag': None, 'waitrose_prod_name': 'Ogx Biotin & Collagen Shampoo 385ml', 'images': []}
DEBUG: Scraped from <200 https://www.waitrose.com/ecom/shop/browse/groceries/toiletries_health_and_beauty/hair_care/shampoo>
{'client': 'Waitrose', 'time': datetime.datetime(2020, 8, 24, 10, 10, 29, 493261), 'category': 'Shampoo', 'id': 'tPp882824-154983-154984', 'prod_name': 'Head & Shoulders itchy scalp shampoo', 'waitrose_Qty': '500ml', 'waitrose_discounted_price': '£3.43', 'waitrose_offer_desc': 'Save 1/3.', 'waitrose_url': 'https://www.waitrose.com/ecom/shop/browse/groceries/toiletries_health_and_beauty/hair_care/shampoo', 'waitrose_rating': '5', 'waitrose_unit_price': '(68.6p/100ml)', 'waitrose_new_flag': None, 'waitrose_prod_name': 'Head & Shoulders itchy scalp shampoo 500ml', 'images': []}
DEBUG: Scraped from <200 https://www.waitrose.com/ecom/shop/browse/groceries/toiletries_health_and_beauty/hair_care/shampoo>
{'client': 'Waitrose', 'time': datetime.datetime(2020, 8, 24, 10, 10, 29, 493261), 'category': 'Shampoo', 'id': 'tPp839781-154875-154876', 'prod_name': 'Aussie miracle moist shampoo', 'waitrose_Qty': '500ml', 'waitrose_discounted_price': '£6.15', 'waitrose_offer_desc': 'Add 2 for £9', 'waitrose_url': 'https://www.waitrose.com/ecom/shop/browse/groceries/toiletries_health_and_beauty/hair_care/shampoo', 'waitrose_rating': None, 'waitrose_unit_price': '(£1.23/100ml)', 'waitrose_new_flag': None, 'waitrose_prod_name': 'Aussie miracle moist shampoo 500ml', 'images': []}
DEBUG: Scraped from <200 https://www.waitrose.com/ecom/shop/browse/groceries/toiletries_health_and_beauty/hair_care/shampoo>
{'client': 'Waitrose', 'time': datetime.datetime(2020, 8, 24, 10, 10, 29, 493261), 'category': 'Shampoo', 'id': 'tPp701301-99532-99533', 'prod_name': 'Essential Daily Care Shampoo', 'waitrose_Qty': '300ml', 'waitrose_discounted_price': '80p', 'waitrose_offer_desc': None, 'waitrose_url': 'https://www.waitrose.com/ecom/shop/browse/groceries/toiletries_health_and_beauty/hair_care/shampoo', 'waitrose_rating': '4.1', 'waitrose_unit_price': '(26.7p/100ml)', 'waitrose_new_flag': None, 'waitrose_prod_name': 'Essential Daily Care Shampoo 300ml', 'images': []}
DEBUG: Scraped from <200 https://www.waitrose.com/ecom/shop/browse/groceries/toiletries_health_and_beauty/hair_care/shampoo>
{'client': 'Waitrose', 'time': datetime.datetime(2020, 8, 24, 10, 10, 29, 493261), 'category': 'Shampoo', 'id': 'tPp490113-591883-591884', 'prod_name': 'Herbal Essences Volume Shampoo', 'waitrose_Qty': '400ml', 'waitrose_discounted_price': '£4.50', 'waitrose_offer_desc': 'Add 2 for £6', 'waitrose_url': 'https://www.waitrose.com/ecom/shop/browse/groceries/toiletries_health_and_beauty/hair_care/shampoo', 'waitrose_rating': '5', 'waitrose_unit_price': '(£1.13/100ml)', 'waitrose_new_flag': None, 'waitrose_prod_name': 'Herbal Essences Volume Shampoo 400ml', 'images': []}
DEBUG: Scraped from <200 https://www.waitrose.com/ecom/shop/browse/groceries/toiletries_health_and_beauty/hair_care/shampoo>
{'client': 'Waitrose', 'time': datetime.datetime(2020, 8, 24, 10, 10, 29, 493261), 'category': 'Shampoo', 'id': 'tPp821139-694191-694192', 'prod_name': 'Pantene Smooth & Sleek Shampoo', 'waitrose_Qty': '500ml', 'waitrose_discounted_price': '£5.15', 'waitrose_offer_desc': 'Add 2 for £5', 'waitrose_url': 'https://www.waitrose.com/ecom/shop/browse/groceries/toiletries_health_and_beauty/hair_care/shampoo', 'waitrose_rating': None, 'waitrose_unit_price': '(£1.03/100ml)', 'waitrose_new_flag': None, 'waitrose_prod_name': 'Pantene Smooth & Sleek Shampoo 500ml', 'images': []}
DEBUG: Scraped from <200 https://www.waitrose.com/ecom/shop/browse/groceries/toiletries_health_and_beauty/hair_care/shampoo>
{'client': 'Waitrose', 'time': datetime.datetime(2020, 8, 24, 10, 10, 29, 493261), 'category': 'Shampoo', 'id': 'tPp472240-591833-591834', 'prod_name': 'Herbal Essences Repair Shampoo', 'waitrose_Qty': '400ml', 'waitrose_discounted_price': '£4.50', 'waitrose_offer_desc': 'Add 2 for £6', 'waitrose_url': 'https://www.waitrose.com/ecom/shop/browse/groceries/toiletries_health_and_beauty/hair_care/shampoo', 'waitrose_rating': '5', 'waitrose_unit_price': '(£1.13/100ml)', 'waitrose_new_flag': None, 'waitrose_prod_name': 'Herbal Essences Repair Shampoo 400ml', 'images': []}
DEBUG: Scraped from <200 https://www.waitrose.com/ecom/shop/browse/groceries/toiletries_health_and_beauty/hair_care/shampoo>
{'client': 'Waitrose', 'time': datetime.datetime(2020, 8, 24, 10, 10, 29, 493261), 'category': 'Shampoo', 'id': 'tPp627460-154629-154630', 'prod_name': 'Aussie mega shampoo', 'waitrose_Qty': '500ml', 'waitrose_discounted_price': '£6.15', 'waitrose_offer_desc': 'Add 2 for £9', 'waitrose_url': 'https://www.waitrose.com/ecom/shop/browse/groceries/toiletries_health_and_beauty/hair_care/shampoo', 'waitrose_rating': '3.8', 'waitrose_unit_price': '(£1.23/100ml)', 'waitrose_new_flag': None, 'waitrose_prod_name': 'Aussie mega shampoo 500ml', 'images': []}
DEBUG: Scraped from <200 https://www.waitrose.com/ecom/shop/browse/groceries/toiletries_health_and_beauty/hair_care/shampoo>
{'client': 'Waitrose', 'time': datetime.datetime(2020, 8, 24, 10, 10, 29, 493261), 'category': 'Shampoo', 'id': 'tPp581617-694173-694174', 'prod_name': 'Pantene Colour Protect Shampoo', 'waitrose_Qty': '500ml', 'waitrose_discounted_price': '£5.15', 'waitrose_offer_desc': 'Add 2 for £5', 'waitrose_url': 'https://www.waitrose.com/ecom/shop/browse/groceries/toiletries_health_and_beauty/hair_care/shampoo', 'waitrose_rating': None, 'waitrose_unit_price': '(£1.03/100ml)', 'waitrose_new_flag': None, 'waitrose_prod_name': 'Pantene Colour Protect Shampoo 500ml', 'images': []}
DEBUG: Scraped from <200 https://www.waitrose.com/ecom/shop/browse/groceries/toiletries_health_and_beauty/hair_care/shampoo>
{'client': 'Waitrose', 'time': datetime.datetime(2020, 8, 24, 10, 10, 29, 493261), 'category': 'Shampoo', 'id': 'tPp427668-591713-591714', 'prod_name': 'Herbal Essences Hydrate Shampoo', 'waitrose_Qty': '400ml', 'waitrose_discounted_price': '£4.50', 'waitrose_offer_desc': 'Add 2 for £6', 'waitrose_url': 'https://www.waitrose.com/ecom/shop/browse/groceries/toiletries_health_and_beauty/hair_care/shampoo', 'waitrose_rating': '5', 'waitrose_unit_price': '(£1.13/100ml)', 'waitrose_new_flag': None, 'waitrose_prod_name': 'Herbal Essences Hydrate Shampoo 400ml', 'images': []}
DEBUG: Scraped from <200 https://www.waitrose.com/ecom/shop/browse/groceries/toiletries_health_and_beauty/hair_care/shampoo>
{'client': 'Waitrose', 'time': datetime.datetime(2020, 8, 24, 10, 10, 29, 493261), 'category': 'Shampoo', 'id': 'tPp535961-75786-75787', 'prod_name': 'essential Waitrose Nourishing Shampoo', 'waitrose_Qty': '300ml', 'waitrose_discounted_price': '80p', 'waitrose_offer_desc': None, 'waitrose_url': 'https://www.waitrose.com/ecom/shop/browse/groceries/toiletries_health_and_beauty/hair_care/shampoo', 'waitrose_rating': '4.4', 'waitrose_unit_price': '(26.7p/100ml)', 'waitrose_new_flag': None, 'waitrose_prod_name': 'essential Waitrose Nourishing Shampoo 300ml', 'images': []}
DEBUG: Scraped from <200 https://www.waitrose.com/ecom/shop/browse/groceries/toiletries_health_and_beauty/hair_care/shampoo>
{'client': 'Waitrose', 'time': datetime.datetime(2020, 8, 24, 10, 10, 29, 493261), 'category': 'Shampoo', 'id': 'tPp886458-216893-216894', 'prod_name': 'Ogx Brazilian Keratin Shampoo', 'waitrose_Qty': '385ml', 'waitrose_discounted_price': '£7.00', 'waitrose_offer_desc': 'Add 2 for £10', 'waitrose_url': 'https://www.waitrose.com/ecom/shop/browse/groceries/toiletries_health_and_beauty/hair_care/shampoo', 'waitrose_rating': '5', 'waitrose_unit_price': '(£1.82/100ml)', 'waitrose_new_flag': None, 'waitrose_prod_name': 'Ogx Brazilian Keratin Shampoo 385ml', 'images': []}
DEBUG: Scraped from <200 https://www.waitrose.com/ecom/shop/browse/groceries/toiletries_health_and_beauty/hair_care/shampoo>
{'client': 'Waitrose', 'time': datetime.datetime(2020, 8, 24, 10, 10, 29, 493261), 'category': 'Shampoo', 'id': 'tPp855140-216863-216864', 'prod_name': 'Ogx Coconut Milk Shampoo', 'waitrose_Qty': '385ml', 'waitrose_discounted_price': '£7.00', 'waitrose_offer_desc': 'Add 2 for £10', 'waitrose_url': 'https://www.waitrose.com/ecom/shop/browse/groceries/toiletries_health_and_beauty/hair_care/shampoo', 'waitrose_rating': '5', 'waitrose_unit_price': '(£1.82/100ml)', 'waitrose_new_flag': None, 'waitrose_prod_name': 'Ogx Coconut Milk Shampoo 385ml', 'images': []}
DEBUG: Scraped from <200 https://www.waitrose.com/ecom/shop/browse/groceries/toiletries_health_and_beauty/hair_care/shampoo>
{'client': 'Waitrose', 'time': datetime.datetime(2020, 8, 24, 10, 10, 29, 493261), 'category': 'Shampoo', 'id': 'tPp868154-695990-695991', 'prod_name': 'Hair Biology Purple Shampoo', 'waitrose_Qty': '250ml', 'waitrose_discounted_price': '£2.99', 'waitrose_offer_desc': 'Save 1/3.', 'waitrose_url': 'https://www.waitrose.com/ecom/shop/browse/groceries/toiletries_health_and_beauty/hair_care/shampoo', 'waitrose_rating': None, 'waitrose_unit_price': '(£1.20/100ml)', 'waitrose_new_flag': None, 'waitrose_prod_name': 'Hair Biology Purple Shampoo 250ml', 'images': []}
DEBUG: Scraped from <200 https://www.waitrose.com/ecom/shop/browse/groceries/toiletries_health_and_beauty/hair_care/shampoo>
{'client': 'Waitrose', 'time': datetime.datetime(2020, 8, 24, 10, 10, 29, 493261), 'category': 'Shampoo', 'id': 'tPp752186-631541-631542', 'prod_name': 'Ogx Coconut OIl Shampoo', 'waitrose_Qty': '385ml', 'waitrose_discounted_price': '£7.00', 'waitrose_offer_desc': 'Add 2 for £10', 'waitrose_url': 'https://www.waitrose.com/ecom/shop/browse/groceries/toiletries_health_and_beauty/hair_care/shampoo', 'waitrose_rating': None, 'waitrose_unit_price': '(£1.82/100ml)', 'waitrose_new_flag': None, 'waitrose_prod_name': 'Ogx Coconut OIl Shampoo 385ml', 'images': []}
DEBUG: Scraped from <200 https://www.waitrose.com/ecom/shop/browse/groceries/toiletries_health_and_beauty/hair_care/shampoo>
{'client': 'Waitrose', 'time': datetime.datetime(2020, 8, 24, 10, 10, 29, 493261), 'category': 'Shampoo', 'id': 'tPp791725-375655-375656', 'prod_name': 'Ogx Kukuí Oil Shampoo', 'waitrose_Qty': '385ml', 'waitrose_discounted_price': '£7.00', 'waitrose_offer_desc': 'Add 2 for £10', 'waitrose_url': 'https://www.waitrose.com/ecom/shop/browse/groceries/toiletries_health_and_beauty/hair_care/shampoo', 'waitrose_rating': '5', 'waitrose_unit_price': '(£1.82/100ml)', 'waitrose_new_flag': None, 'waitrose_prod_name': 'Ogx Kukuí Oil Shampoo 385ml', 'images': []}
DEBUG: Scraped from <200 https://www.waitrose.com/ecom/shop/browse/groceries/toiletries_health_and_beauty/hair_care/shampoo>
{'client': 'Waitrose', 'time': datetime.datetime(2020, 8, 24, 10, 10, 29, 493261), 'category': 'Shampoo', 'id': 'tPp721134-337091-337092', 'prod_name': 'Aussie miracle shine shampoo', 'waitrose_Qty': '500ml', 'waitrose_discounted_price': '£6.00', 'waitrose_offer_desc': 'Add 2 for £9', 'waitrose_url': 'https://www.waitrose.com/ecom/shop/browse/groceries/toiletries_health_and_beauty/hair_care/shampoo', 'waitrose_rating': None, 'waitrose_unit_price': '(£1.20/100ml)', 'waitrose_new_flag': None, 'waitrose_prod_name': 'Aussie miracle shine shampoo 500ml', 'images': []}
DEBUG: Scraped from <200 https://www.waitrose.com/ecom/shop/browse/groceries/toiletries_health_and_beauty/hair_care/shampoo>
{'client': 'Waitrose', 'time': datetime.datetime(2020, 8, 24, 10, 10, 29, 493261), 'category': 'Shampoo', 'id': 'tPp047805-23664-23665', 'prod_name': 'Avalon Organics tea tree shampoo', 'waitrose_Qty': '325ml', 'waitrose_discounted_price': '£7.00', 'waitrose_offer_desc': 'Add 2 for £11', 'waitrose_url': 'https://www.waitrose.com/ecom/shop/browse/groceries/toiletries_health_and_beauty/hair_care/shampoo', 'waitrose_rating': '4.9', 'waitrose_unit_price': '(£2.16/100ml)', 'waitrose_new_flag': None, 'waitrose_prod_name': 'Avalon Organics tea tree shampoo 325ml', 'images': []}
DEBUG: Scraped from <200 https://www.waitrose.com/ecom/shop/browse/groceries/toiletries_health_and_beauty/hair_care/shampoo>
{'client': 'Waitrose', 'time': datetime.datetime(2020, 8, 24, 10, 10, 29, 493261), 'category': 'Shampoo', 'id': 'tPp820157-724089-724090', 'prod_name': 'Eco Warrior Shampoo Bar', 'waitrose_Qty': '100g', 'waitrose_discounted_price': '£3.00', 'waitrose_offer_desc': 'Save 1/3.', 'waitrose_url': 'https://www.waitrose.com/ecom/shop/browse/groceries/toiletries_health_and_beauty/hair_care/shampoo', 'waitrose_rating': None, 'waitrose_unit_price': '(£3/100g)', 'waitrose_new_flag': None, 'waitrose_prod_name': 'Eco Warrior Shampoo Bar 100g', 'images': []}
DEBUG: Scraped from <200 https://www.waitrose.com/ecom/shop/browse/groceries/toiletries_health_and_beauty/hair_care/shampoo>
{'client': 'Waitrose', 'time': datetime.datetime(2020, 8, 24, 10, 10, 29, 493261), 'category': 'Shampoo', 'id': 'tPp755349-720291-720292', 'prod_name': 'Herbal Essences Aloe & Mango Shampoo', 'waitrose_Qty': '380ml', 'waitrose_discounted_price': '£4.50', 'waitrose_offer_desc': 'Add 2 for £6', 'waitrose_url': 'https://www.waitrose.com/ecom/shop/browse/groceries/toiletries_health_and_beauty/hair_care/shampoo', 'waitrose_rating': None, 'waitrose_unit_price': '(£1.19/100ml)', 'waitrose_new_flag': None, 'waitrose_prod_name': 'Herbal Essences Aloe & Mango Shampoo 380ml', 'images': []}
DEBUG: Scraped from <200 https://www.waitrose.com/ecom/shop/browse/groceries/toiletries_health_and_beauty/hair_care/shampoo>
{'client': 'Waitrose', 'time': datetime.datetime(2020, 8, 24, 10, 10, 29, 493261), 'category': 'Shampoo', 'id': 'tPp432893-216691-216692', 'prod_name': 'Head & Shoulders Shampoo Apple Fresh', 'waitrose_Qty': '500ml', 'waitrose_discounted_price': '£3.43', 'waitrose_offer_desc': 'Save 1/3.', 'waitrose_url': 'https://www.waitrose.com/ecom/shop/browse/groceries/toiletries_health_and_beauty/hair_care/shampoo', 'waitrose_rating': None, 'waitrose_unit_price': '(68.6p/100ml)', 'waitrose_new_flag': None, 'waitrose_prod_name': 'Head & Shoulders Shampoo Apple Fresh 500ml', 'images': []}
DEBUG: Scraped from <200 https://www.waitrose.com/ecom/shop/browse/groceries/toiletries_health_and_beauty/hair_care/shampoo>
{'client': 'Waitrose', 'time': datetime.datetime(2020, 8, 24, 10, 10, 29, 493261), 'category': 'Shampoo', 'id': 'tPp755068-720289-720290', 'prod_name': 'Herbal Essences Aloe Hemp Shampoo', 'waitrose_Qty': '380ml', 'waitrose_discounted_price': '£4.50', 'waitrose_offer_desc': 'Add 2 for £6', 'waitrose_url': 'https://www.waitrose.com/ecom/shop/browse/groceries/toiletries_health_and_beauty/hair_care/shampoo', 'waitrose_rating': None, 'waitrose_unit_price': '(£1.19/100ml)', 'waitrose_new_flag': None, 'waitrose_prod_name': 'Herbal Essences Aloe Hemp Shampoo 380ml', 'images': []}
DEBUG: Scraped from <200 https://www.waitrose.com/ecom/shop/browse/groceries/toiletries_health_and_beauty/hair_care/shampoo>
{'client': 'Waitrose', 'time': datetime.datetime(2020, 8, 24, 10, 10, 29, 493261), 'category': 'Shampoo', 'id': 'tPp810201-352482-352483', 'prod_name': 'Essential Daily Care 2 in 1', 'waitrose_Qty': '300ml', 'waitrose_discounted_price': '80p', 'waitrose_offer_desc': None, 'waitrose_url': 'https://www.waitrose.com/ecom/shop/browse/groceries/toiletries_health_and_beauty/hair_care/shampoo', 'waitrose_rating': '4.3', 'waitrose_unit_price': '(26.7p/100ml)', 'waitrose_new_flag': None, 'waitrose_prod_name': 'Essential Daily Care 2 in 1 300ml', 'images': []}
DEBUG: Scraped from <200 https://www.waitrose.com/ecom/shop/browse/groceries/toiletries_health_and_beauty/hair_care/shampoo>
{'client': 'Waitrose', 'time': datetime.datetime(2020, 8, 24, 10, 10, 29, 493261), 'category': 'Shampoo', 'id': 'tPp735751-154731-154732', 'prod_name': 'Aussie aussome volume shampoo', 'waitrose_Qty': '500ml', 'waitrose_discounted_price': '£6.10', 'waitrose_offer_desc': 'Add 2 for £9', 'waitrose_url': 'https://www.waitrose.com/ecom/shop/browse/groceries/toiletries_health_and_beauty/hair_care/shampoo', 'waitrose_rating': None, 'waitrose_unit_price': '(£1.22/100ml)', 'waitrose_new_flag': None, 'waitrose_prod_name': 'Aussie aussome volume shampoo 500ml', 'images': []}
DEBUG: Scraped from <200 https://www.waitrose.com/ecom/shop/browse/groceries/toiletries_health_and_beauty/hair_care/shampoo>
{'client': 'Waitrose', 'time': datetime.datetime(2020, 8, 24, 10, 10, 29, 493261), 'category': 'Shampoo', 'id': 'tPp626001-88825-88826', 'prod_name': 'Head & Shoulders Shampoo Citrus Fresh', 'waitrose_Qty': '500ml', 'waitrose_discounted_price': '£3.43', 'waitrose_offer_desc': 'Save 1/3.', 'waitrose_url': 'https://www.waitrose.com/ecom/shop/browse/groceries/toiletries_health_and_beauty/hair_care/shampoo', 'waitrose_rating': None, 'waitrose_unit_price': '(68.6p/100ml)', 'waitrose_new_flag': None, 'waitrose_prod_name': 'Head & Shoulders Shampoo Citrus Fresh 500ml', 'images': []}
DEBUG: Scraped from <200 https://www.waitrose.com/ecom/shop/browse/groceries/toiletries_health_and_beauty/hair_care/shampoo>
{'client': 'Waitrose', 'time': datetime.datetime(2020, 8, 24, 10, 10, 29, 493261), 'category': 'Shampoo', 'id': 'tPp740653-352034-352035', 'prod_name': 'essential Waitrose Anti-Dandruff 2 in 1', 'waitrose_Qty': '300ml', 'waitrose_discounted_price': '£1.00', 'waitrose_offer_desc': None, 'waitrose_url': 'https://www.waitrose.com/ecom/shop/browse/groceries/toiletries_health_and_beauty/hair_care/shampoo', 'waitrose_rating': '4', 'waitrose_unit_price': '(33.3p/100ml)', 'waitrose_new_flag': None, 'waitrose_prod_name': 'essential Waitrose Anti-Dandruff 2 in 1 300ml', 'images': []}
DEBUG: Scraped from <200 https://www.waitrose.com/ecom/shop/browse/groceries/toiletries_health_and_beauty/hair_care/shampoo>
{'client': 'Waitrose', 'time': datetime.datetime(2020, 8, 24, 10, 10, 29, 493261), 'category': 'Shampoo', 'id': 'tPp867514-720387-720388', 'prod_name': 'Head & Shoulders Coconut Shampoo', 'waitrose_Qty': '500ml', 'waitrose_discounted_price': '£3.33', 'waitrose_offer_desc': 'Save 1/3.', 'waitrose_url': 'https://www.waitrose.com/ecom/shop/browse/groceries/toiletries_health_and_beauty/hair_care/shampoo', 'waitrose_rating': None, 'waitrose_unit_price': '(66.6p/100ml)', 'waitrose_new_flag': None, 'waitrose_prod_name': 'Head & Shoulders Coconut Shampoo 500ml', 'images': []}
DEBUG: Scraped from <200 https://www.waitrose.com/ecom/shop/browse/groceries/toiletries_health_and_beauty/hair_care/shampoo>
{'client': 'Waitrose', 'time': datetime.datetime(2020, 8, 24, 10, 10, 29, 493261), 'category': 'Shampoo', 'id': 'tPp076232-38732-38733', 'prod_name': 'AOrganic Lavender Shampoo', 'waitrose_Qty': '325ml', 'waitrose_discounted_price': '£7.00', 'waitrose_offer_desc': 'Add 2 for £11', 'waitrose_url': 'https://www.waitrose.com/ecom/shop/browse/groceries/toiletries_health_and_beauty/hair_care/shampoo', 'waitrose_rating': '3.8', 'waitrose_unit_price': '(£2.16/100ml)', 'waitrose_new_flag': None, 'waitrose_prod_name': 'AOrganic Lavender Shampoo 325ml', 'images': []}
DEBUG: Scraped from <200 https://www.waitrose.com/ecom/shop/browse/groceries/toiletries_health_and_beauty/hair_care/shampoo>
{'client': 'Waitrose', 'time': datetime.datetime(2020, 8, 24, 10, 10, 29, 493261), 'category': 'Shampoo', 'id': 'tPp426973-298983-298984', 'prod_name': 'Head & Shoulders 2in1 Apple Fresh', 'waitrose_Qty': '450ml', 'waitrose_discounted_price': '£3.33', 'waitrose_offer_desc': 'Save 1/3.', 'waitrose_url': 'https://www.waitrose.com/ecom/shop/browse/groceries/toiletries_health_and_beauty/hair_care/shampoo', 'waitrose_rating': None, 'waitrose_unit_price': '(74p/100ml)', 'waitrose_new_flag': None, 'waitrose_prod_name': 'Head & Shoulders 2in1 Apple Fresh 450ml', 'images': []}
DEBUG: Scraped from <200 https://www.waitrose.com/ecom/shop/browse/groceries/toiletries_health_and_beauty/hair_care/shampoo>
{'client': 'Waitrose', 'time': datetime.datetime(2020, 8, 24, 10, 10, 29, 493261), 'category': 'Shampoo', 'id': 'tPp865734-216867-216868', 'prod_name': 'Ogx Argan Oil of Morocco Shampoo', 'waitrose_Qty': '385ml', 'waitrose_discounted_price': '£7.00', 'waitrose_offer_desc': 'Add 2 for £10', 'waitrose_url': 'https://www.waitrose.com/ecom/shop/browse/groceries/toiletries_health_and_beauty/hair_care/shampoo', 'waitrose_rating': '3.4', 'waitrose_unit_price': '(£1.82/100ml)', 'waitrose_new_flag': None, 'waitrose_prod_name': 'Ogx Argan Oil of Morocco Shampoo 385ml', 'images': []}
DEBUG: Scraped from <200 https://www.waitrose.com/ecom/shop/browse/groceries/toiletries_health_and_beauty/hair_care/shampoo>
{'client': 'Waitrose', 'time': datetime.datetime(2020, 8, 24, 10, 10, 29, 493261), 'category': 'Shampoo', 'id': 'tPp092708-47659-47660', 'prod_name': 'Vosene Original Shampoo', 'waitrose_Qty': '250ml', 'waitrose_discounted_price': '£2.05', 'waitrose_offer_desc': None, 'waitrose_url': 'https://www.waitrose.com/ecom/shop/browse/groceries/toiletries_health_and_beauty/hair_care/shampoo', 'waitrose_rating': '5', 'waitrose_unit_price': '(82p/100ml)', 'waitrose_new_flag': None, 'waitrose_prod_name': 'Vosene Original Shampoo 250ml', 'images': []}
DEBUG: Scraped from <200 https://www.waitrose.com/ecom/shop/browse/groceries/toiletries_health_and_beauty/hair_care/shampoo>
{'client': 'Waitrose', 'time': datetime.datetime(2020, 8, 24, 10, 10, 29, 493261), 'category': 'Shampoo', 'id': 'tPp027940-13599-13600', 'prod_name': 'Avalon Organics lemon shampoo', 'waitrose_Qty': '325ml', 'waitrose_discounted_price': '£7.00', 'waitrose_offer_desc': 'Add 2 for £11', 'waitrose_url': 'https://www.waitrose.com/ecom/shop/browse/groceries/toiletries_health_and_beauty/hair_care/shampoo', 'waitrose_rating': '3.6', 'waitrose_unit_price': '(£2.16/100ml)', 'waitrose_new_flag': None, 'waitrose_prod_name': 'Avalon Organics lemon shampoo 325ml', 'images': []}
DEBUG: Scraped from <200 https://www.waitrose.com/ecom/shop/browse/groceries/toiletries_health_and_beauty/hair_care/shampoo>
{'client': 'Waitrose', 'time': datetime.datetime(2020, 8, 24, 10, 10, 29, 493261), 'category': 'Shampoo', 'id': 'tPp790782-694215-694216', 'prod_name': 'Pantene 3in1 Smooth & Sleek', 'waitrose_Qty': '450ml', 'waitrose_discounted_price': '£3.75', 'waitrose_offer_desc': 'Add 2 for £5', 'waitrose_url': 'https://www.waitrose.com/ecom/shop/browse/groceries/toiletries_health_and_beauty/hair_care/shampoo', 'waitrose_rating': None, 'waitrose_unit_price': '(83.3p/100ml)', 'waitrose_new_flag': None, 'waitrose_prod_name': 'Pantene 3in1 Smooth & Sleek 450ml', 'images': []}
DEBUG: Scraped from <200 https://www.waitrose.com/ecom/shop/browse/groceries/toiletries_health_and_beauty/hair_care/shampoo>
{'client': 'Waitrose', 'time': datetime.datetime(2020, 8, 24, 10, 10, 29, 493261), 'category': 'Shampoo', 'id': 'tPp662395-154665-154666', 'prod_name': 'Aussie colour mate shampoo', 'waitrose_Qty': '500ml', 'waitrose_discounted_price': '£6.15', 'waitrose_offer_desc': 'Add 2 for £9', 'waitrose_url': 'https://www.waitrose.com/ecom/shop/browse/groceries/toiletries_health_and_beauty/hair_care/shampoo', 'waitrose_rating': None, 'waitrose_unit_price': '(£1.23/100ml)', 'waitrose_new_flag': None, 'waitrose_prod_name': 'Aussie colour mate shampoo 500ml', 'images': []}
DEBUG: Scraped from <200 https://www.waitrose.com/ecom/shop/browse/groceries/toiletries_health_and_beauty/hair_care/shampoo>
{'client': 'Waitrose', 'time': datetime.datetime(2020, 8, 24, 10, 10, 29, 493261), 'category': 'Shampoo', 'id': 'tPp810302-683828-683829', 'prod_name': 'Herbal Essences Deep Repair Shampoo', 'waitrose_Qty': '400ml', 'waitrose_discounted_price': '£4.50', 'waitrose_offer_desc': 'Add 2 for £6', 'waitrose_url': 'https://www.waitrose.com/ecom/shop/browse/groceries/toiletries_health_and_beauty/hair_care/shampoo', 'waitrose_rating': None, 'waitrose_unit_price': '(£1.13/100ml)', 'waitrose_new_flag': None, 'waitrose_prod_name': 'Herbal Essences Deep Repair Shampoo 400ml', 'images': []}
DEBUG: Scraped from <200 https://www.waitrose.com/ecom/shop/browse/groceries/toiletries_health_and_beauty/hair_care/shampoo>
{'client': 'Waitrose', 'time': datetime.datetime(2020, 8, 24, 10, 10, 29, 493261), 'category': 'Shampoo', 'id': 'tPp480728-631267-631268', 'prod_name': 'Ogx Orchid Oil Shampoo', 'waitrose_Qty': '385ml', 'waitrose_discounted_price': '£7.00', 'waitrose_offer_desc': 'Add 2 for £10', 'waitrose_url': 'https://www.waitrose.com/ecom/shop/browse/groceries/toiletries_health_and_beauty/hair_care/shampoo', 'waitrose_rating': '5', 'waitrose_unit_price': '(£1.82/100ml)', 'waitrose_new_flag': None, 'waitrose_prod_name': 'Ogx Orchid Oil Shampoo 385ml', 'images': []}
DEBUG: Scraped from <200 https://www.waitrose.com/ecom/shop/browse/groceries/toiletries_health_and_beauty/hair_care/shampoo>
{'client': 'Waitrose', 'time': datetime.datetime(2020, 8, 24, 10, 10, 29, 493261), 'category': 'Shampoo', 'id': 'tPp799806-683814-683815', 'prod_name': 'Tresemmé Shampoo Moisture Rich', 'waitrose_Qty': '800ml', 'waitrose_discounted_price': '£5.50', 'waitrose_offer_desc': None, 'waitrose_url': 'https://www.waitrose.com/ecom/shop/browse/groceries/toiletries_health_and_beauty/hair_care/shampoo', 'waitrose_rating': None, 'waitrose_unit_price': '(68.8p/100ml)', 'waitrose_new_flag': None, 'waitrose_prod_name': 'Tresemmé Shampoo Moisture Rich 800ml', 'images': []}
DEBUG: Scraped from <200 https://www.waitrose.com/ecom/shop/browse/groceries/toiletries_health_and_beauty/hair_care/shampoo>
{'client': 'Waitrose', 'time': datetime.datetime(2020, 8, 24, 10, 10, 29, 493261), 'category': 'Shampoo', 'id': 'tPp011495-5706-5707', 'prod_name': 'John Frieda Shampoo Touchably Full', 'waitrose_Qty': '250ml', 'waitrose_discounted_price': '£6.00', 'waitrose_offer_desc': None, 'waitrose_url': 'https://www.waitrose.com/ecom/shop/browse/groceries/toiletries_health_and_beauty/hair_care/shampoo', 'waitrose_rating': '4', 'waitrose_unit_price': '(£2.40/100ml)', 'waitrose_new_flag': None, 'waitrose_prod_name': 'John Frieda Shampoo Touchably Full 250ml', 'images': []}
DEBUG: Scraped from <200 https://www.waitrose.com/ecom/shop/browse/groceries/toiletries_health_and_beauty/hair_care/shampoo>
{'client': 'Waitrose', 'time': datetime.datetime(2020, 8, 24, 10, 10, 29, 493261), 'category': 'Shampoo', 'id': 'tPp059421-29947-29948', 'prod_name': 'Aussie Aussome Volume Shampoo', 'waitrose_Qty': '300ml', 'waitrose_discounted_price': '£4.00', 'waitrose_offer_desc': None, 'waitrose_url': 'https://www.waitrose.com/ecom/shop/browse/groceries/toiletries_health_and_beauty/hair_care/shampoo', 'waitrose_rating': '5', 'waitrose_unit_price': '(£1.34/100ml)', 'waitrose_new_flag': None, 'waitrose_prod_name': 'Aussie Aussome Volume Shampoo 300ml', 'images': []}
DEBUG: Scraped from <200 https://www.waitrose.com/ecom/shop/browse/groceries/toiletries_health_and_beauty/hair_care/shampoo>
{'client': 'Waitrose', 'time': datetime.datetime(2020, 8, 24, 10, 10, 29, 493261), 'category': 'Shampoo', 'id': 'tPp464815-154487-154488', 'prod_name': 'Batiste original dry shampoo', 'waitrose_Qty': '200ml', 'waitrose_discounted_price': '£3.00', 'waitrose_offer_desc': None, 'waitrose_url': 'https://www.waitrose.com/ecom/shop/browse/groceries/toiletries_health_and_beauty/hair_care/shampoo', 'waitrose_rating': '5', 'waitrose_unit_price': '(£1.50/100ml)', 'waitrose_new_flag': None, 'waitrose_prod_name': 'Batiste original dry shampoo 200ml', 'images': []}
DEBUG: Scraped from <200 https://www.waitrose.com/ecom/shop/browse/groceries/toiletries_health_and_beauty/hair_care/shampoo>
{'client': 'Waitrose', 'time': datetime.datetime(2020, 8, 24, 10, 10, 29, 493261), 'category': 'Shampoo', 'id': 'tPp714629-729752-729753', 'prod_name': 'OGX Keratin Oil Shampoo', 'waitrose_Qty': '385ml', 'waitrose_discounted_price': '£7.00', 'waitrose_offer_desc': 'Add 2 for £10', 'waitrose_url': 'https://www.waitrose.com/ecom/shop/browse/groceries/toiletries_health_and_beauty/hair_care/shampoo', 'waitrose_rating': None, 'waitrose_unit_price': '(£1.82/100ml)', 'waitrose_new_flag': 'NEW', 'waitrose_prod_name': 'OGX Keratin Oil Shampoo 385ml', 'images': []}
DEBUG: Scraped from <200 https://www.waitrose.com/ecom/shop/browse/groceries/toiletries_health_and_beauty/hair_care/shampoo>
{'client': 'Waitrose', 'time': datetime.datetime(2020, 8, 24, 10, 10, 29, 493261), 'category': 'Shampoo', 'id': 'tPp809690-337194-337195', 'prod_name': 'Head & Shoulders 2in1 Itchy Scalp', 'waitrose_Qty': '450ml', 'waitrose_discounted_price': '£3.43', 'waitrose_offer_desc': 'Save 1/3.', 'waitrose_url': 'https://www.waitrose.com/ecom/shop/browse/groceries/toiletries_health_and_beauty/hair_care/shampoo', 'waitrose_rating': '5', 'waitrose_unit_price': '(76.2p/100ml)', 'waitrose_new_flag': None, 'waitrose_prod_name': 'Head & Shoulders 2in1 Itchy Scalp 450ml', 'images': []}
DEBUG: Scraped from <200 https://www.waitrose.com/ecom/shop/browse/groceries/toiletries_health_and_beauty/hair_care/shampoo>
{'client': 'Waitrose', 'time': datetime.datetime(2020, 8, 24, 10, 10, 29, 493261), 'category': 'Shampoo', 'id': 'tPp694392-98595-98596', 'prod_name': 'Head & Shoulders Shampoo Cool Menthol', 'waitrose_Qty': '500ml', 'waitrose_discounted_price': '£3.43', 'waitrose_offer_desc': 'Save 1/3.', 'waitrose_url': 'https://www.waitrose.com/ecom/shop/browse/groceries/toiletries_health_and_beauty/hair_care/shampoo', 'waitrose_rating': None, 'waitrose_unit_price': '(68.6p/100ml)', 'waitrose_new_flag': None, 'waitrose_prod_name': 'Head & Shoulders Shampoo Cool Menthol 500ml', 'images': []}
DEBUG: Scraped from <200 https://www.waitrose.com/ecom/shop/browse/groceries/toiletries_health_and_beauty/hair_care/shampoo>
{'client': 'Waitrose', 'time': datetime.datetime(2020, 8, 24, 10, 10, 29, 493261), 'category': 'Shampoo', 'id': 'tPp724972-694185-694186', 'prod_name': 'Pantene 3in1 Repair & Protect', 'waitrose_Qty': '450ml', 'waitrose_discounted_price': '£3.75', 'waitrose_offer_desc': 'Add 2 for £5', 'waitrose_url': 'https://www.waitrose.com/ecom/shop/browse/groceries/toiletries_health_and_beauty/hair_care/shampoo', 'waitrose_rating': None, 'waitrose_unit_price': '(83.3p/100ml)', 'waitrose_new_flag': None, 'waitrose_prod_name': 'Pantene 3in1 Repair & Protect 450ml', 'images': []}
DEBUG: Scraped from <200 https://www.waitrose.com/ecom/shop/browse/groceries/toiletries_health_and_beauty/hair_care/shampoo>
{'client': 'Waitrose', 'time': datetime.datetime(2020, 8, 24, 10, 10, 29, 493261), 'category': 'Shampoo', 'id': 'tPp480888-154495-154496', 'prod_name': 'Head & Shoulders Smooth Shampoo', 'waitrose_Qty': '500ml', 'waitrose_discounted_price': '£3.43', 'waitrose_offer_desc': 'Save 1/3.', 'waitrose_url': 'https://www.waitrose.com/ecom/shop/browse/groceries/toiletries_health_and_beauty/hair_care/shampoo', 'waitrose_rating': None, 'waitrose_unit_price': '(68.6p/100ml)', 'waitrose_new_flag': None, 'waitrose_prod_name': 'Head & Shoulders Smooth Shampoo 500ml', 'images': []}
DEBUG: Scraped from <200 https://www.waitrose.com/ecom/shop/browse/groceries/toiletries_health_and_beauty/hair_care/shampoo>
{'client': 'Waitrose', 'time': datetime.datetime(2020, 8, 24, 10, 10, 29, 493261), 'category': 'Shampoo', 'id': 'tPp595050-720203-720204', 'prod_name': 'Herbal Essences Coconut Shampoo', 'waitrose_Qty': '250ml', 'waitrose_discounted_price': '£3.00', 'waitrose_offer_desc': None, 'waitrose_url': 'https://www.waitrose.com/ecom/shop/browse/groceries/toiletries_health_and_beauty/hair_care/shampoo', 'waitrose_rating': None, 'waitrose_unit_price': '(£1.20/100ml)', 'waitrose_new_flag': None, 'waitrose_prod_name': 'Herbal Essences Coconut Shampoo 250ml', 'images': []}
DEBUG: Scraped from <200 https://www.waitrose.com/ecom/shop/browse/groceries/toiletries_health_and_beauty/hair_care/shampoo>
{'client': 'Waitrose', 'time': datetime.datetime(2020, 8, 24, 10, 10, 29, 493261), 'category': 'Shampoo', 'id': 'tPp775870-724036-724037', 'prod_name': 'Faith in Nature Wild Rose Shampoo', 'waitrose_Qty': '400ml', 'waitrose_discounted_price': '£5.79', 'waitrose_offer_desc': None, 'waitrose_url': 'https://www.waitrose.com/ecom/shop/browse/groceries/toiletries_health_and_beauty/hair_care/shampoo', 'waitrose_rating': '5', 'waitrose_unit_price': '(£1.45/100ml)', 'waitrose_new_flag': None, 'waitrose_prod_name': 'Faith in Nature Wild Rose Shampoo 400ml', 'images': []}
DEBUG: Scraped from <200 https://www.waitrose.com/ecom/shop/browse/groceries/toiletries_health_and_beauty/hair_care/shampoo>
{'client': 'Waitrose', 'time': datetime.datetime(2020, 8, 24, 10, 10, 29, 493261), 'category': 'Shampoo', 'id': 'tPp062495-31737-31738', 'prod_name': 'Neutrogena T/Gel shampoo dry hair', 'waitrose_Qty': '125ml', 'waitrose_discounted_price': '£5.15', 'waitrose_offer_desc': None, 'waitrose_url': 'https://www.waitrose.com/ecom/shop/browse/groceries/toiletries_health_and_beauty/hair_care/shampoo', 'waitrose_rating': None, 'waitrose_unit_price': '(£4.12/100ml)', 'waitrose_new_flag': None, 'waitrose_prod_name': 'Neutrogena T/Gel shampoo dry hair 125ml', 'images': []}
DEBUG: Scraped from <200 https://www.waitrose.com/ecom/shop/browse/groceries/toiletries_health_and_beauty/hair_care/shampoo>
{'client': 'Waitrose', 'time': datetime.datetime(2020, 8, 24, 10, 10, 29, 493261), 'category': 'Shampoo', 'id': 'tPp778297-720309-720310', 'prod_name': 'Pantene Grow Strong Shampoo', 'waitrose_Qty': '400ml', 'waitrose_discounted_price': '£3.75', 'waitrose_offer_desc': 'Add 2 for £5', 'waitrose_url': 'https://www.waitrose.com/ecom/shop/browse/groceries/toiletries_health_and_beauty/hair_care/shampoo', 'waitrose_rating': None, 'waitrose_unit_price': '(93.8p/100ml)', 'waitrose_new_flag': None, 'waitrose_prod_name': 'Pantene Grow Strong Shampoo 400ml', 'images': []}
DEBUG: Scraped from <200 https://www.waitrose.com/ecom/shop/browse/groceries/toiletries_health_and_beauty/hair_care/shampoo>
{'client': 'Waitrose', 'time': datetime.datetime(2020, 8, 24, 10, 10, 29, 493261), 'category': 'Shampoo', 'id': 'tPp836383-271490-271491', 'prod_name': 'Head & Shoulders 2in1 citrus care', 'waitrose_Qty': '450ml', 'waitrose_discounted_price': '£3.43', 'waitrose_offer_desc': 'Save 1/3.', 'waitrose_url': 'https://www.waitrose.com/ecom/shop/browse/groceries/toiletries_health_and_beauty/hair_care/shampoo', 'waitrose_rating': None, 'waitrose_unit_price': '(76.2p/100ml)', 'waitrose_new_flag': None, 'waitrose_prod_name': 'Head & Shoulders 2in1 citrus care 450ml', 'images': []}
DEBUG: Scraped from <200 https://www.waitrose.com/ecom/shop/browse/groceries/toiletries_health_and_beauty/hair_care/shampoo>
{'client': 'Waitrose', 'time': datetime.datetime(2020, 8, 24, 10, 10, 29, 493261), 'category': 'Shampoo', 'id': 'tPp425124-59787-59788', 'prod_name': 'Brilliant Brunette Protecting Shampoo', 'waitrose_Qty': '250ml', 'waitrose_discounted_price': '£6.00', 'waitrose_offer_desc': None, 'waitrose_url': 'https://www.waitrose.com/ecom/shop/browse/groceries/toiletries_health_and_beauty/hair_care/shampoo', 'waitrose_rating': None, 'waitrose_unit_price': '(£2.40/100ml)', 'waitrose_new_flag': None, 'waitrose_prod_name': 'Brilliant Brunette Protecting Shampoo 250ml', 'images': []}
DEBUG: Scraped from <200 https://www.waitrose.com/ecom/shop/browse/groceries/toiletries_health_and_beauty/hair_care/shampoo>
{'client': 'Waitrose', 'time': datetime.datetime(2020, 8, 24, 10, 10, 29, 493261), 'category': 'Shampoo', 'id': 'tPp639145-337007-337008', 'prod_name': 'Tresemmé Shampoo Deep Cleansing', 'waitrose_Qty': '800ml', 'waitrose_discounted_price': '£5.50', 'waitrose_offer_desc': None, 'waitrose_url': 'https://www.waitrose.com/ecom/shop/browse/groceries/toiletries_health_and_beauty/hair_care/shampoo', 'waitrose_rating': '5', 'waitrose_unit_price': '(68.8p/100ml)', 'waitrose_new_flag': None, 'waitrose_prod_name': 'Tresemmé Shampoo Deep Cleansing 800ml', 'images': []}
DEBUG: Scraped from <200 https://www.waitrose.com/ecom/shop/browse/groceries/toiletries_health_and_beauty/hair_care/shampoo>
{'client': 'Waitrose', 'time': datetime.datetime(2020, 8, 24, 10, 10, 29, 493261), 'category': 'Shampoo', 'id': 'tPp575547-494836-494837', 'prod_name': 'DGJ Thickening Shampoo', 'waitrose_Qty': '250ml', 'waitrose_discounted_price': '£5.00', 'waitrose_offer_desc': None, 'waitrose_url': 'https://www.waitrose.com/ecom/shop/browse/groceries/toiletries_health_and_beauty/hair_care/shampoo', 'waitrose_rating': '5', 'waitrose_unit_price': '(£2/100ml)', 'waitrose_new_flag': None, 'waitrose_prod_name': 'DGJ Thickening Shampoo 250ml', 'images': []}
DEBUG: Scraped from <200 https://www.waitrose.com/ecom/shop/browse/groceries/toiletries_health_and_beauty/hair_care/shampoo>
{'client': 'Waitrose', 'time': datetime.datetime(2020, 8, 24, 10, 10, 29, 493261), 'category': 'Shampoo', 'id': 'tPp096508-49364-49365', 'prod_name': 'Aussie Miracle Moist Shampoo', 'waitrose_Qty': '300ml', 'waitrose_discounted_price': '£4.10', 'waitrose_offer_desc': None, 'waitrose_url': 'https://www.waitrose.com/ecom/shop/browse/groceries/toiletries_health_and_beauty/hair_care/shampoo', 'waitrose_rating': '3.7', 'waitrose_unit_price': '(£1.37/100ml)', 'waitrose_new_flag': None, 'waitrose_prod_name': 'Aussie Miracle Moist Shampoo 300ml', 'images': []}
DEBUG: Scraped from <200 https://www.waitrose.com/ecom/shop/browse/groceries/toiletries_health_and_beauty/hair_care/shampoo>
{'client': 'Waitrose', 'time': datetime.datetime(2020, 8, 24, 10, 10, 29, 493261), 'category': 'Shampoo', 'id': 'tPp863078-695988-695989', 'prod_name': 'Pantene Hair Biology Full & Vibrant', 'waitrose_Qty': '250ml', 'waitrose_discounted_price': '£2.99', 'waitrose_offer_desc': 'Save 1/3.', 'waitrose_url': 'https://www.waitrose.com/ecom/shop/browse/groceries/toiletries_health_and_beauty/hair_care/shampoo', 'waitrose_rating': None, 'waitrose_unit_price': '(£1.20/100ml)', 'waitrose_new_flag': None, 'waitrose_prod_name': 'Pantene Hair Biology Full & Vibrant 250ml', 'images': []}
DEBUG: Scraped from <200 https://www.waitrose.com/ecom/shop/browse/groceries/toiletries_health_and_beauty/hair_care/shampoo>
{'client': 'Waitrose', 'time': datetime.datetime(2020, 8, 24, 10, 10, 29, 493261), 'category': 'Shampoo', 'id': 'tPp838287-695984-695985', 'prod_name': 'Pantene Hair Biology Illuminating Mask', 'waitrose_Qty': '160ml', 'waitrose_discounted_price': '£2.99', 'waitrose_offer_desc': 'Save 1/3.', 'waitrose_url': 'https://www.waitrose.com/ecom/shop/browse/groceries/toiletries_health_and_beauty/hair_care/shampoo', 'waitrose_rating': None, 'waitrose_unit_price': '(£1.87/100ml)', 'waitrose_new_flag': None, 'waitrose_prod_name': 'Pantene Hair Biology Illuminating Mask 160ml', 'images': []}
DEBUG: Scraped from <200 https://www.waitrose.com/ecom/shop/browse/groceries/toiletries_health_and_beauty/hair_care/shampoo>
{'client': 'Waitrose', 'time': datetime.datetime(2020, 8, 24, 10, 10, 29, 493261), 'category': 'Shampoo', 'id': 'tPp610920-86669-86670', 'prod_name': 'Sheer Blonde Go Blonder Shampoo', 'waitrose_Qty': '250ml', 'waitrose_discounted_price': '£6.00', 'waitrose_offer_desc': None, 'waitrose_url': 'https://www.waitrose.com/ecom/shop/browse/groceries/toiletries_health_and_beauty/hair_care/shampoo', 'waitrose_rating': '3.5', 'waitrose_unit_price': '(£2.40/100ml)', 'waitrose_new_flag': None, 'waitrose_prod_name': 'Sheer Blonde Go Blonder Shampoo 250ml', 'images': []}
DEBUG: Scraped from <200 https://www.waitrose.com/ecom/shop/browse/groceries/toiletries_health_and_beauty/hair_care/shampoo>
{'client': 'Waitrose', 'time': datetime.datetime(2020, 8, 24, 10, 10, 29, 493261), 'category': 'Shampoo', 'id': 'tPp486943-68769-68770', 'prod_name': 'Head & Shoulders 2in1 classic clean', 'waitrose_Qty': '225ml', 'waitrose_discounted_price': '£3.00', 'waitrose_offer_desc': None, 'waitrose_url': 'https://www.waitrose.com/ecom/shop/browse/groceries/toiletries_health_and_beauty/hair_care/shampoo', 'waitrose_rating': '4', 'waitrose_unit_price': '(£1.34/100ml)', 'waitrose_new_flag': None, 'waitrose_prod_name': 'Head & Shoulders 2in1 classic clean 225ml', 'images': []}
DEBUG: Scraped from <200 https://www.waitrose.com/ecom/shop/browse/groceries/toiletries_health_and_beauty/hair_care/shampoo>
{'client': 'Waitrose', 'time': datetime.datetime(2020, 8, 24, 10, 10, 29, 493261), 'category': 'Shampoo', 'id': 'tPp096232-49248-49249', 'prod_name': 'Aussie Mega Shampoo', 'waitrose_Qty': '300ml', 'waitrose_discounted_price': '£4.10', 'waitrose_offer_desc': None, 'waitrose_url': 'https://www.waitrose.com/ecom/shop/browse/groceries/toiletries_health_and_beauty/hair_care/shampoo', 'waitrose_rating': '2.5', 'waitrose_unit_price': '(£1.37/100ml)', 'waitrose_new_flag': None, 'waitrose_prod_name': 'Aussie Mega Shampoo 300ml', 'images': []}
DEBUG: Scraped from <200 https://www.waitrose.com/ecom/shop/browse/groceries/toiletries_health_and_beauty/hair_care/shampoo>
{'client': 'Waitrose', 'time': datetime.datetime(2020, 8, 24, 10, 10, 29, 493261), 'category': 'Shampoo', 'id': 'tPp853982-154925-154926', 'prod_name': 'Batiste blush dry shampoo', 'waitrose_Qty': '200ml', 'waitrose_discounted_price': '£3.00', 'waitrose_offer_desc': None, 'waitrose_url': 'https://www.waitrose.com/ecom/shop/browse/groceries/toiletries_health_and_beauty/hair_care/shampoo', 'waitrose_rating': '4', 'waitrose_unit_price': '(£1.50/100ml)', 'waitrose_new_flag': None, 'waitrose_prod_name': 'Batiste blush dry shampoo 200ml', 'images': []}
DEBUG: Scraped from <200 https://www.waitrose.com/ecom/shop/browse/groceries/toiletries_health_and_beauty/hair_care/shampoo>
{'client': 'Waitrose', 'time': datetime.datetime(2020, 8, 24, 10, 10, 29, 493261), 'category': 'Shampoo', 'id': 'tPp855732-695986-695987', 'prod_name': 'Hair Biology De-Frizz Shampoo', 'waitrose_Qty': '250ml', 'waitrose_discounted_price': '£2.99', 'waitrose_offer_desc': 'Save 1/3.', 'waitrose_url': 'https://www.waitrose.com/ecom/shop/browse/groceries/toiletries_health_and_beauty/hair_care/shampoo', 'waitrose_rating': None, 'waitrose_unit_price': '(£1.20/100ml)', 'waitrose_new_flag': None, 'waitrose_prod_name': 'Hair Biology De-Frizz Shampoo 250ml', 'images': []}
DEBUG: Scraped from <200 https://www.waitrose.com/ecom/shop/browse/groceries/toiletries_health_and_beauty/hair_care/shampoo>
{'client': 'Waitrose', 'time': datetime.datetime(2020, 8, 24, 10, 10, 29, 493261), 'category': 'Shampoo', 'id': 'tPp834106-299691-299692', 'prod_name': 'Head & Shoulders 2in1 smooth & silky', 'waitrose_Qty': '450ml', 'waitrose_discounted_price': '£3.33', 'waitrose_offer_desc': 'Save 1/3.', 'waitrose_url': 'https://www.waitrose.com/ecom/shop/browse/groceries/toiletries_health_and_beauty/hair_care/shampoo', 'waitrose_rating': None, 'waitrose_unit_price': '(74p/100ml)', 'waitrose_new_flag': None, 'waitrose_prod_name': 'Head & Shoulders 2in1 smooth & silky 450ml', 'images': []}
DEBUG: Scraped from <200 https://www.waitrose.com/ecom/shop/browse/groceries/toiletries_health_and_beauty/hair_care/shampoo>
{'client': 'Waitrose', 'time': datetime.datetime(2020, 8, 24, 10, 10, 29, 493261), 'category': 'Shampoo', 'id': 'tPp725068-723986-723987', 'prod_name': 'Faith in Nature Lavender Shampoo', 'waitrose_Qty': '400ml', 'waitrose_discounted_price': '£5.79', 'waitrose_offer_desc': None, 'waitrose_url': 'https://www.waitrose.com/ecom/shop/browse/groceries/toiletries_health_and_beauty/hair_care/shampoo', 'waitrose_rating': None, 'waitrose_unit_price': '(£1.45/100ml)', 'waitrose_new_flag': None, 'waitrose_prod_name': 'Faith in Nature Lavender Shampoo 400ml', 'images': []}
DEBUG: Scraped from <200 https://www.waitrose.com/ecom/shop/browse/groceries/toiletries_health_and_beauty/hair_care/shampoo>
{'client': 'Waitrose', 'time': datetime.datetime(2020, 8, 24, 10, 10, 29, 493261), 'category': 'Shampoo', 'id': 'tPp871494-495182-495183', 'prod_name': 'DGJ Hairjuice Shampoo', 'waitrose_Qty': '250ml', 'waitrose_discounted_price': '£5.00', 'waitrose_offer_desc': None, 'waitrose_url': 'https://www.waitrose.com/ecom/shop/browse/groceries/toiletries_health_and_beauty/hair_care/shampoo', 'waitrose_rating': '5', 'waitrose_unit_price': '(£2/100ml)', 'waitrose_new_flag': None, 'waitrose_prod_name': 'DGJ Hairjuice Shampoo 250ml', 'images': []}
DEBUG: Scraped from <200 https://www.waitrose.com/ecom/shop/browse/groceries/toiletries_health_and_beauty/hair_care/shampoo>
{'client': 'Waitrose', 'time': datetime.datetime(2020, 8, 24, 10, 10, 29, 493261), 'category': 'Shampoo', 'id': 'tPp083596-42439-42440', 'prod_name': 'Aussie Colour Mate Shampoo', 'waitrose_Qty': '300ml', 'waitrose_discounted_price': '£4.10', 'waitrose_offer_desc': None, 'waitrose_url': 'https://www.waitrose.com/ecom/shop/browse/groceries/toiletries_health_and_beauty/hair_care/shampoo', 'waitrose_rating': '5', 'waitrose_unit_price': '(£1.37/100ml)', 'waitrose_new_flag': None, 'waitrose_prod_name': 'Aussie Colour Mate Shampoo 300ml', 'images': []}
DEBUG: Scraped from <200 https://www.waitrose.com/ecom/shop/browse/groceries/toiletries_health_and_beauty/hair_care/shampoo>
{'client': 'Waitrose', 'time': datetime.datetime(2020, 8, 24, 10, 10, 29, 493261), 'category': 'Shampoo', 'id': 'tPp364793-255761-255762', 'prod_name': 'Aussie Miracle Shine Shampoo', 'waitrose_Qty': '300ml', 'waitrose_discounted_price': '£4.00', 'waitrose_offer_desc': None, 'waitrose_url': 'https://www.waitrose.com/ecom/shop/browse/groceries/toiletries_health_and_beauty/hair_care/shampoo', 'waitrose_rating': None, 'waitrose_unit_price': '(£1.34/100ml)', 'waitrose_new_flag': None, 'waitrose_prod_name': 'Aussie Miracle Shine Shampoo 300ml', 'images': []}
DEBUG: Scraped from <200 https://www.waitrose.com/ecom/shop/browse/groceries/toiletries_health_and_beauty/hair_care/shampoo>
{'client': 'Waitrose', 'time': datetime.datetime(2020, 8, 24, 10, 10, 29, 493261), 'category': 'Shampoo', 'id': 'tPp756229-563906-563907', 'prod_name': 'Head & Shoulders 2 in 1 Total Care', 'waitrose_Qty': '225ml', 'waitrose_discounted_price': '£3.00', 'waitrose_offer_desc': None, 'waitrose_url': 'https://www.waitrose.com/ecom/shop/browse/groceries/toiletries_health_and_beauty/hair_care/shampoo', 'waitrose_rating': None, 'waitrose_unit_price': '(£1.34/100ml)', 'waitrose_new_flag': None, 'waitrose_prod_name': 'Head & Shoulders 2 in 1 Total Care 225ml', 'images': []}
DEBUG: Scraped from <200 https://www.waitrose.com/ecom/shop/browse/groceries/toiletries_health_and_beauty/hair_care/shampoo>
{'client': 'Waitrose', 'time': datetime.datetime(2020, 8, 24, 10, 10, 29, 493261), 'category': 'Shampoo', 'id': 'tPp852396-695857-695858', 'prod_name': 'BECO. Honey Blossom Shampoo Bar', 'waitrose_Qty': '90g', 'waitrose_discounted_price': '£4.00', 'waitrose_offer_desc': None, 'waitrose_url': 'https://www.waitrose.com/ecom/shop/browse/groceries/toiletries_health_and_beauty/hair_care/shampoo', 'waitrose_rating': '4.9', 'waitrose_unit_price': '(£4.45/100g)', 'waitrose_new_flag': None, 'waitrose_prod_name': 'BECO. Honey Blossom Shampoo Bar 90g', 'images': []}
DEBUG: Scraped from <200 https://www.waitrose.com/ecom/shop/browse/groceries/toiletries_health_and_beauty/hair_care/shampoo>
{'client': 'Waitrose', 'time': datetime.datetime(2020, 8, 24, 10, 10, 29, 493261), 'category': 'Shampoo', 'id': 'tPp425163-526469-526470', 'prod_name': 'Frizz Ease Shampoo Miraculous Recovery', 'waitrose_Qty': '250ml', 'waitrose_discounted_price': '£6.00', 'waitrose_offer_desc': None, 'waitrose_url': 'https://www.waitrose.com/ecom/shop/browse/groceries/toiletries_health_and_beauty/hair_care/shampoo', 'waitrose_rating': None, 'waitrose_unit_price': '(£2.40/100ml)', 'waitrose_new_flag': None, 'waitrose_prod_name': 'Frizz Ease Shampoo Miraculous Recovery 250ml', 'images': []}
DEBUG: Scraped from <200 https://www.waitrose.com/ecom/shop/browse/groceries/toiletries_health_and_beauty/hair_care/shampoo>
{'client': 'Waitrose', 'time': datetime.datetime(2020, 8, 24, 10, 10, 29, 493261), 'category': 'Shampoo', 'id': 'tPp032765-16025-16026', 'prod_name': "L'Oréal kids shampoo berry strawberry", 'waitrose_Qty': '250ml', 'waitrose_discounted_price': '£2.00', 'waitrose_offer_desc': None, 'waitrose_url': 'https://www.waitrose.com/ecom/shop/browse/groceries/toiletries_health_and_beauty/hair_care/shampoo', 'waitrose_rating': None, 'waitrose_unit_price': '(80p/100ml)', 'waitrose_new_flag': None, 'waitrose_prod_name': "L'Oréal kids shampoo berry strawberry 250ml", 'images': []}
DEBUG: Scraped from <200 https://www.waitrose.com/ecom/shop/browse/groceries/toiletries_health_and_beauty/hair_care/shampoo>
{'client': 'Waitrose', 'time': datetime.datetime(2020, 8, 24, 10, 10, 29, 493261), 'category': 'Shampoo', 'id': 'tPp492090-729670-729671', 'prod_name': 'Percy & Reed Volumising Shampoo', 'waitrose_Qty': '250ml', 'waitrose_discounted_price': '£12.00', 'waitrose_offer_desc': 'Save 1/3.', 'waitrose_url': 'https://www.waitrose.com/ecom/shop/browse/groceries/toiletries_health_and_beauty/hair_care/shampoo', 'waitrose_rating': None, 'waitrose_unit_price': '(£4.80/100ml)', 'waitrose_new_flag': 'NEW', 'waitrose_prod_name': 'Percy & Reed Volumising Shampoo 250ml', 'images': []}
DEBUG: Scraped from <200 https://www.waitrose.com/ecom/shop/browse/groceries/toiletries_health_and_beauty/hair_care/shampoo>
{'client': 'Waitrose', 'time': datetime.datetime(2020, 8, 24, 10, 10, 29, 493261), 'category': 'Shampoo', 'id': 'tPp829437-695831-695832', 'prod_name': 'Umberto Giannini Grow Long Shampoo', 'waitrose_Qty': '250ml', 'waitrose_discounted_price': '£8.00', 'waitrose_offer_desc': None, 'waitrose_url': 'https://www.waitrose.com/ecom/shop/browse/groceries/toiletries_health_and_beauty/hair_care/shampoo', 'waitrose_rating': '5', 'waitrose_unit_price': '(£3.20/100ml)', 'waitrose_new_flag': None, 'waitrose_prod_name': 'Umberto Giannini Grow Long Shampoo 250ml', 'images': []}
DEBUG: Scraped from <200 https://www.waitrose.com/ecom/shop/browse/groceries/toiletries_health_and_beauty/hair_care/shampoo>
{'client': 'Waitrose', 'time': datetime.datetime(2020, 8, 24, 10, 10, 29, 493261), 'category': 'Shampoo', 'id': 'tPp567427-683666-683667', 'prod_name': 'Ogx Charcoal Detox Shampoo', 'waitrose_Qty': '385ml', 'waitrose_discounted_price': '£7.00', 'waitrose_offer_desc': 'Add 2 for £10', 'waitrose_url': 'https://www.waitrose.com/ecom/shop/browse/groceries/toiletries_health_and_beauty/hair_care/shampoo', 'waitrose_rating': None, 'waitrose_unit_price': '(£1.82/100ml)', 'waitrose_new_flag': None, 'waitrose_prod_name': 'Ogx Charcoal Detox Shampoo 385ml', 'images': []}
DEBUG: Scraped from <200 https://www.waitrose.com/ecom/shop/browse/groceries/toiletries_health_and_beauty/hair_care/shampoo>
{'client': 'Waitrose', 'time': datetime.datetime(2020, 8, 24, 10, 10, 29, 493261), 'category': 'Shampoo', 'id': 'tPp889100-330444-330445', 'prod_name': 'AOrganic Rosemary Shampoo', 'waitrose_Qty': '325ml', 'waitrose_discounted_price': '£7.00', 'waitrose_offer_desc': 'Add 2 for £11', 'waitrose_url': 'https://www.waitrose.com/ecom/shop/browse/groceries/toiletries_health_and_beauty/hair_care/shampoo', 'waitrose_rating': '2.5', 'waitrose_unit_price': '(£2.16/100ml)', 'waitrose_new_flag': None, 'waitrose_prod_name': 'AOrganic Rosemary Shampoo 325ml', 'images': []}
DEBUG: Scraped from <200 https://www.waitrose.com/ecom/shop/browse/groceries/toiletries_health_and_beauty/hair_care/shampoo>
{'client': 'Waitrose', 'time': datetime.datetime(2020, 8, 24, 10, 10, 29, 493261), 'category': 'Shampoo', 'id': 'tPp803275-329016-329017', 'prod_name': 'AOrganic Peppermint Shampoo', 'waitrose_Qty': '325ml', 'waitrose_discounted_price': '£7.00', 'waitrose_offer_desc': 'Add 2 for £11', 'waitrose_url': 'https://www.waitrose.com/ecom/shop/browse/groceries/toiletries_health_and_beauty/hair_care/shampoo', 'waitrose_rating': None, 'waitrose_unit_price': '(£2.16/100ml)', 'waitrose_new_flag': None, 'waitrose_prod_name': 'AOrganic Peppermint Shampoo 325ml', 'images': []}
DEBUG: Scraped from <200 https://www.waitrose.com/ecom/shop/browse/groceries/toiletries_health_and_beauty/hair_care/shampoo>
{'client': 'Waitrose', 'time': datetime.datetime(2020, 8, 24, 10, 10, 29, 493261), 'category': 'Shampoo', 'id': 'tPp433216-720111-720112', 'prod_name': 'John Frieda Hydrate & Recharge Shampoo', 'waitrose_Qty': '250ml', 'waitrose_discounted_price': '£5.99', 'waitrose_offer_desc': None, 'waitrose_url': 'https://www.waitrose.com/ecom/shop/browse/groceries/toiletries_health_and_beauty/hair_care/shampoo', 'waitrose_rating': None, 'waitrose_unit_price': '(£2.40/100ml)', 'waitrose_new_flag': None, 'waitrose_prod_name': 'John Frieda Hydrate & Recharge Shampoo 250ml', 'images': []}
DEBUG: Scraped from <200 https://www.waitrose.com/ecom/shop/browse/groceries/toiletries_health_and_beauty/hair_care/shampoo>
{'client': 'Waitrose', 'time': datetime.datetime(2020, 8, 24, 10, 10, 29, 493261), 'category': 'Shampoo', 'id': 'tPp584599-695531-695532', 'prod_name': 'Batiste Dry Shampoo Volume', 'waitrose_Qty': '200ml', 'waitrose_discounted_price': '£4.25', 'waitrose_offer_desc': None, 'waitrose_url': 'https://www.waitrose.com/ecom/shop/browse/groceries/toiletries_health_and_beauty/hair_care/shampoo', 'waitrose_rating': None, 'waitrose_unit_price': '(£2.13/100ml)', 'waitrose_new_flag': None, 'waitrose_prod_name': 'Batiste Dry Shampoo Volume 200ml', 'images': []}
DEBUG: Scraped from <200 https://www.waitrose.com/ecom/shop/browse/groceries/toiletries_health_and_beauty/hair_care/shampoo>
{'client': 'Waitrose', 'time': datetime.datetime(2020, 8, 24, 10, 10, 29, 493261), 'category': 'Shampoo', 'id': 'tPp711086-652694-652695', 'prod_name': 'Head & Shoulders Supreme Moisture', 'waitrose_Qty': '400ml', 'waitrose_discounted_price': '£5.15', 'waitrose_offer_desc': None, 'waitrose_url': 'https://www.waitrose.com/ecom/shop/browse/groceries/toiletries_health_and_beauty/hair_care/shampoo', 'waitrose_rating': None, 'waitrose_unit_price': '(£1.29/100ml)', 'waitrose_new_flag': None, 'waitrose_prod_name': 'Head & Shoulders Supreme Moisture 400ml', 'images': []}
DEBUG: Scraped from <200 https://www.waitrose.com/ecom/shop/browse/groceries/toiletries_health_and_beauty/hair_care/shampoo>
{'client': 'Waitrose', 'time': datetime.datetime(2020, 8, 24, 10, 10, 29, 493261), 'category': 'Shampoo', 'id': 'tPp538896-720173-720174', 'prod_name': 'Herbal Essences Argan Oil Shampoo', 'waitrose_Qty': '250ml', 'waitrose_discounted_price': '£3.00', 'waitrose_offer_desc': None, 'waitrose_url': 'https://www.waitrose.com/ecom/shop/browse/groceries/toiletries_health_and_beauty/hair_care/shampoo', 'waitrose_rating': None, 'waitrose_unit_price': '(£1.20/100ml)', 'waitrose_new_flag': None, 'waitrose_prod_name': 'Herbal Essences Argan Oil Shampoo 250ml', 'images': []}
DEBUG: Scraped from <200 https://www.waitrose.com/ecom/shop/browse/groceries/toiletries_health_and_beauty/hair_care/shampoo>
{'client': 'Waitrose', 'time': datetime.datetime(2020, 8, 24, 10, 10, 29, 493261), 'category': 'Shampoo', 'id': 'tPp686838-346630-346631', 'prod_name': 'Richard Ward argan antiageing shampoo', 'waitrose_Qty': '250ml', 'waitrose_discounted_price': '£6.00', 'waitrose_offer_desc': None, 'waitrose_url': 'https://www.waitrose.com/ecom/shop/browse/groceries/toiletries_health_and_beauty/hair_care/shampoo', 'waitrose_rating': '4.1', 'waitrose_unit_price': '(£2.40/100ml)', 'waitrose_new_flag': None, 'waitrose_prod_name': 'Richard Ward argan antiageing shampoo 250ml', 'images': []}
DEBUG: Scraped from <200 https://www.waitrose.com/ecom/shop/browse/groceries/toiletries_health_and_beauty/hair_care/shampoo>
{'client': 'Waitrose', 'time': datetime.datetime(2020, 8, 24, 10, 10, 29, 493261), 'category': 'Shampoo', 'id': 'tPp884562-720413-720414', 'prod_name': 'Maui Moisture Shea Butter Shampoo', 'waitrose_Qty': '385ml', 'waitrose_discounted_price': '£9.00', 'waitrose_offer_desc': None, 'waitrose_url': 'https://www.waitrose.com/ecom/shop/browse/groceries/toiletries_health_and_beauty/hair_care/shampoo', 'waitrose_rating': None, 'waitrose_unit_price': '(£2.34/100ml)', 'waitrose_new_flag': None, 'waitrose_prod_name': 'Maui Moisture Shea Butter Shampoo 385ml', 'images': []}
DEBUG: Scraped from <200 https://www.waitrose.com/ecom/shop/browse/groceries/toiletries_health_and_beauty/hair_care/shampoo>
{'client': 'Waitrose', 'time': datetime.datetime(2020, 8, 24, 10, 10, 29, 493261), 'category': 'Shampoo', 'id': 'tPp494340-69860-69861', 'prod_name': "Neal's Yard Rose Shampoo", 'waitrose_Qty': '200ml', 'waitrose_discounted_price': '£11.50', 'waitrose_offer_desc': None, 'waitrose_url': 'https://www.waitrose.com/ecom/shop/browse/groceries/toiletries_health_and_beauty/hair_care/shampoo', 'waitrose_rating': '3.1', 'waitrose_unit_price': '(£5.75/100ml)', 'waitrose_new_flag': None, 'waitrose_prod_name': "Neal's Yard Rose Shampoo 200ml", 'images': []}
DEBUG: Scraped from <200 https://www.waitrose.com/ecom/shop/browse/groceries/toiletries_health_and_beauty/hair_care/shampoo>
{'client': 'Waitrose', 'time': datetime.datetime(2020, 8, 24, 10, 10, 29, 493261), 'category': 'Shampoo', 'id': 'tPp844892-695845-695846', 'prod_name': 'Head & Shoulders Colour Protect', 'waitrose_Qty': '400ml', 'waitrose_discounted_price': '£5.00', 'waitrose_offer_desc': None, 'waitrose_url': 'https://www.waitrose.com/ecom/shop/browse/groceries/toiletries_health_and_beauty/hair_care/shampoo', 'waitrose_rating': None, 'waitrose_unit_price': '(£1.25/100ml)', 'waitrose_new_flag': None, 'waitrose_prod_name': 'Head & Shoulders Colour Protect 400ml', 'images': []}
DEBUG: Scraped from <200 https://www.waitrose.com/ecom/shop/browse/groceries/toiletries_health_and_beauty/hair_care/shampoo>
{'client': 'Waitrose', 'time': datetime.datetime(2020, 8, 24, 10, 10, 29, 493261), 'category': 'Shampoo', 'id': 'tPp735040-695707-695708', 'prod_name': 'Vosene Kids 3in1 Tea Tree Shampoo', 'waitrose_Qty': '250ml', 'waitrose_discounted_price': '£2.50', 'waitrose_offer_desc': None, 'waitrose_url': 'https://www.waitrose.com/ecom/shop/browse/groceries/toiletries_health_and_beauty/hair_care/shampoo', 'waitrose_rating': None, 'waitrose_unit_price': '(£1/100ml)', 'waitrose_new_flag': None, 'waitrose_prod_name': 'Vosene Kids 3in1 Tea Tree Shampoo 250ml', 'images': []}
DEBUG: Scraped from <200 https://www.waitrose.com/ecom/shop/browse/groceries/toiletries_health_and_beauty/hair_care/shampoo>
{'client': 'Waitrose', 'time': datetime.datetime(2020, 8, 24, 10, 10, 29, 493261), 'category': 'Shampoo', 'id': 'tPp402915-526384-526385', 'prod_name': 'John Frieda Violet Crush Shampoo', 'waitrose_Qty': '250ml', 'waitrose_discounted_price': '£6.00', 'waitrose_offer_desc': None, 'waitrose_url': 'https://www.waitrose.com/ecom/shop/browse/groceries/toiletries_health_and_beauty/hair_care/shampoo', 'waitrose_rating': '5', 'waitrose_unit_price': '(£2.40/100ml)', 'waitrose_new_flag': None, 'waitrose_prod_name': 'John Frieda Violet Crush Shampoo 250ml', 'images': []}
DEBUG: Scraped from <200 https://www.waitrose.com/ecom/shop/browse/groceries/toiletries_health_and_beauty/hair_care/shampoo>
{'client': 'Waitrose', 'time': datetime.datetime(2020, 8, 24, 10, 10, 29, 493261), 'category': 'Shampoo', 'id': 'tPp405353-729640-729641', 'prod_name': 'Percy & Reed No-Fuss Dry Shampoo', 'waitrose_Qty': '200ml', 'waitrose_discounted_price': '£10.00', 'waitrose_offer_desc': 'Save 1/3.', 'waitrose_url': 'https://www.waitrose.com/ecom/shop/browse/groceries/toiletries_health_and_beauty/hair_care/shampoo', 'waitrose_rating': None, 'waitrose_unit_price': '(£5/100ml)', 'waitrose_new_flag': 'NEW', 'waitrose_prod_name': 'Percy & Reed No-Fuss Dry Shampoo 200ml', 'images': []}
DEBUG: Scraped from <200 https://www.waitrose.com/ecom/shop/browse/groceries/toiletries_health_and_beauty/hair_care/shampoo>
{'client': 'Waitrose', 'time': datetime.datetime(2020, 8, 24, 10, 10, 29, 493261), 'category': 'Shampoo', 'id': 'tPp554742-695503-695504', 'prod_name': 'Umberto Giannini Violet Shampoo', 'waitrose_Qty': '250ml', 'waitrose_discounted_price': '£8.00', 'waitrose_offer_desc': None, 'waitrose_url': 'https://www.waitrose.com/ecom/shop/browse/groceries/toiletries_health_and_beauty/hair_care/shampoo', 'waitrose_rating': None, 'waitrose_unit_price': '(£3.20/100ml)', 'waitrose_new_flag': None, 'waitrose_prod_name': 'Umberto Giannini Violet Shampoo 250ml', 'images': []}
DEBUG: Scraped from <200 https://www.waitrose.com/ecom/shop/browse/groceries/toiletries_health_and_beauty/hair_care/shampoo>
{'client': 'Waitrose', 'time': datetime.datetime(2020, 8, 24, 10, 10, 29, 493261), 'category': 'Shampoo', 'id': 'tPp581644-729702-729703', 'prod_name': 'Percy & Reed Hydrating Shampoo', 'waitrose_Qty': '250ml', 'waitrose_discounted_price': '£12.00', 'waitrose_offer_desc': 'Save 1/3.', 'waitrose_url': 'https://www.waitrose.com/ecom/shop/browse/groceries/toiletries_health_and_beauty/hair_care/shampoo', 'waitrose_rating': None, 'waitrose_unit_price': '(£4.80/100ml)', 'waitrose_new_flag': 'NEW', 'waitrose_prod_name': 'Percy & Reed Hydrating Shampoo 250ml', 'images': []}
DEBUG: Scraped from <200 https://www.waitrose.com/ecom/shop/browse/groceries/toiletries_health_and_beauty/hair_care/shampoo>
{'client': 'Waitrose', 'time': datetime.datetime(2020, 8, 24, 10, 10, 29, 493261), 'category': 'Shampoo', 'id': 'tPp888765-695909-695910', 'prod_name': 'Umberto Giannini Curl Jelly Wash', 'waitrose_Qty': '250ml', 'waitrose_discounted_price': '£8.00', 'waitrose_offer_desc': None, 'waitrose_url': 'https://www.waitrose.com/ecom/shop/browse/groceries/toiletries_health_and_beauty/hair_care/shampoo', 'waitrose_rating': '2.5', 'waitrose_unit_price': '(£3.20/100ml)', 'waitrose_new_flag': None, 'waitrose_prod_name': 'Umberto Giannini Curl Jelly Wash 250ml', 'images': []}
DEBUG: Scraped from <200 https://www.waitrose.com/ecom/shop/browse/groceries/toiletries_health_and_beauty/hair_care/shampoo>
{'client': 'Waitrose', 'time': datetime.datetime(2020, 8, 24, 10, 10, 29, 493261), 'category': 'Shampoo', 'id': 'tPp734002-695705-695706', 'prod_name': 'Percy & Reed Wonder Wash Shampoo', 'waitrose_Qty': '250ml', 'waitrose_discounted_price': '£12.00', 'waitrose_offer_desc': 'Save 1/3.', 'waitrose_url': 'https://www.waitrose.com/ecom/shop/browse/groceries/toiletries_health_and_beauty/hair_care/shampoo', 'waitrose_rating': None, 'waitrose_unit_price': '(£4.80/100ml)', 'waitrose_new_flag': None, 'waitrose_prod_name': 'Percy & Reed Wonder Wash Shampoo 250ml', 'images': []}
DEBUG: Scraped from <200 https://www.waitrose.com/ecom/shop/browse/groceries/toiletries_health_and_beauty/hair_care/shampoo>
{'client': 'Waitrose', 'time': datetime.datetime(2020, 8, 24, 10, 10, 29, 493261), 'category': 'Shampoo', 'id': 'tPp583946-82773-82774', 'prod_name': "Neal's Yard Lavender Shampoo", 'waitrose_Qty': '200ml', 'waitrose_discounted_price': '£11.50', 'waitrose_offer_desc': None, 'waitrose_url': 'https://www.waitrose.com/ecom/shop/browse/groceries/toiletries_health_and_beauty/hair_care/shampoo', 'waitrose_rating': '2.3', 'waitrose_unit_price': '(£5.75/100ml)', 'waitrose_new_flag': None, 'waitrose_prod_name': "Neal's Yard Lavender Shampoo 200ml", 'images': []}
DEBUG: Scraped from <200 https://www.waitrose.com/ecom/shop/browse/groceries/toiletries_health_and_beauty/hair_care/shampoo>
{'client': 'Waitrose', 'time': datetime.datetime(2020, 8, 24, 10, 10, 29, 493261), 'category': 'Shampoo', 'id': 'tPp819563-729788-729789', 'prod_name': 'Aussie Blonde Purple Shampoo', 'waitrose_Qty': '290ml', 'waitrose_discounted_price': '£5.99', 'waitrose_offer_desc': None, 'waitrose_url': 'https://www.waitrose.com/ecom/shop/browse/groceries/toiletries_health_and_beauty/hair_care/shampoo', 'waitrose_rating': None, 'waitrose_unit_price': '(£2.07/100ml)', 'waitrose_new_flag': 'NEW', 'waitrose_prod_name': 'Aussie Blonde Purple Shampoo 290ml', 'images': []}
DEBUG: Scraped from <200 https://www.waitrose.com/ecom/shop/browse/groceries/toiletries_health_and_beauty/hair_care/shampoo>
{'client': 'Waitrose', 'time': datetime.datetime(2020, 8, 24, 10, 10, 29, 493261), 'category': 'Shampoo', 'id': 'tPp847454-724141-724142', 'prod_name': 'Faith in Nature Grapefruit Shampoo', 'waitrose_Qty': '400ml', 'waitrose_discounted_price': '£5.79', 'waitrose_offer_desc': None, 'waitrose_url': 'https://www.waitrose.com/ecom/shop/browse/groceries/toiletries_health_and_beauty/hair_care/shampoo', 'waitrose_rating': None, 'waitrose_unit_price': '(£1.45/100ml)', 'waitrose_new_flag': None, 'waitrose_prod_name': 'Faith in Nature Grapefruit Shampoo 400ml', 'images': []}
DEBUG: Scraped from <200 https://www.waitrose.com/ecom/shop/browse/groceries/toiletries_health_and_beauty/hair_care/shampoo>
{'client': 'Waitrose', 'time': datetime.datetime(2020, 8, 24, 10, 10, 29, 493261), 'category': 'Shampoo', 'id': 'tPp812614-707138-707139', 'prod_name': 'Beco Spring Meadow Shampoo Bar', 'waitrose_Qty': '90g', 'waitrose_discounted_price': '£4.00', 'waitrose_offer_desc': None, 'waitrose_url': 'https://www.waitrose.com/ecom/shop/browse/groceries/toiletries_health_and_beauty/hair_care/shampoo', 'waitrose_rating': '3.3', 'waitrose_unit_price': '(£4.45/100g)', 'waitrose_new_flag': None, 'waitrose_prod_name': 'Beco Spring Meadow Shampoo Bar 90g', 'images': []}
DEBUG: Scraped from <200 https://www.waitrose.com/ecom/shop/browse/groceries/toiletries_health_and_beauty/hair_care/shampoo>
{'client': 'Waitrose', 'time': datetime.datetime(2020, 8, 24, 10, 10, 29, 493261), 'category': 'Shampoo', 'id': 'tPp530991-695493-695494', 'prod_name': 'John Frieda Shampoo Detox & Repair', 'waitrose_Qty': '250ml', 'waitrose_discounted_price': '£6.00', 'waitrose_offer_desc': None, 'waitrose_url': 'https://www.waitrose.com/ecom/shop/browse/groceries/toiletries_health_and_beauty/hair_care/shampoo', 'waitrose_rating': None, 'waitrose_unit_price': '(£2.40/100ml)', 'waitrose_new_flag': None, 'waitrose_prod_name': 'John Frieda Shampoo Detox & Repair 250ml', 'images': []}
DEBUG: Scraped from <200 https://www.waitrose.com/ecom/shop/browse/groceries/toiletries_health_and_beauty/hair_care/shampoo>
{'client': 'Waitrose', 'time': datetime.datetime(2020, 8, 24, 10, 10, 29, 493261), 'category': 'Shampoo', 'id': 'tPp895328-495224-495225', 'prod_name': 'DGJ Kids Detangle Shampoo', 'waitrose_Qty': '250ml', 'waitrose_discounted_price': '£3.50', 'waitrose_offer_desc': None, 'waitrose_url': 'https://www.waitrose.com/ecom/shop/browse/groceries/toiletries_health_and_beauty/hair_care/shampoo', 'waitrose_rating': None, 'waitrose_unit_price': '(£1.40/100ml)', 'waitrose_new_flag': None, 'waitrose_prod_name': 'DGJ Kids Detangle Shampoo 250ml', 'images': []}
DEBUG: Scraped from <200 https://www.waitrose.com/ecom/shop/browse/groceries/toiletries_health_and_beauty/hair_care/shampoo>
{'client': 'Waitrose', 'time': datetime.datetime(2020, 8, 24, 10, 10, 29, 493261), 'category': 'Shampoo', 'id': 'tPp407272-440973-440974', 'prod_name': 'Richard Ward Chelsea Cleanse & Condition', 'waitrose_Qty': '250ml', 'waitrose_discounted_price': '£6.00', 'waitrose_offer_desc': None, 'waitrose_url': 'https://www.waitrose.com/ecom/shop/browse/groceries/toiletries_health_and_beauty/hair_care/shampoo', 'waitrose_rating': '3.7', 'waitrose_unit_price': '(£2.40/100ml)', 'waitrose_new_flag': None, 'waitrose_prod_name': 'Richard Ward Chelsea Cleanse & Condition 250ml', 'images': []}
DEBUG: Scraped from <200 https://www.waitrose.com/ecom/shop/browse/groceries/toiletries_health_and_beauty/hair_care/shampoo>
{'client': 'Waitrose', 'time': datetime.datetime(2020, 8, 24, 10, 10, 29, 493261), 'category': 'Shampoo', 'id': 'tPp051100-25409-25410', 'prod_name': 'Sheer Blonde Moisturising Shampoo', 'waitrose_Qty': '250ml', 'waitrose_discounted_price': '£6.00', 'waitrose_offer_desc': None, 'waitrose_url': 'https://www.waitrose.com/ecom/shop/browse/groceries/toiletries_health_and_beauty/hair_care/shampoo', 'waitrose_rating': '3', 'waitrose_unit_price': '(£2.40/100ml)', 'waitrose_new_flag': None, 'waitrose_prod_name': 'Sheer Blonde Moisturising Shampoo 250ml', 'images': []}
DEBUG: Scraped from <200 https://www.waitrose.com/ecom/shop/browse/groceries/toiletries_health_and_beauty/hair_care/shampoo>
{'client': 'Waitrose', 'time': datetime.datetime(2020, 8, 24, 10, 10, 29, 493261), 'category': 'Shampoo', 'id': 'tPp819340-720339-720340', 'prod_name': 'Head & Shoulders Supreme Shampoo', 'waitrose_Qty': '400ml', 'waitrose_discounted_price': '£5.00', 'waitrose_offer_desc': None, 'waitrose_url': 'https://www.waitrose.com/ecom/shop/browse/groceries/toiletries_health_and_beauty/hair_care/shampoo', 'waitrose_rating': None, 'waitrose_unit_price': '(£1.25/100ml)', 'waitrose_new_flag': None, 'waitrose_prod_name': 'Head & Shoulders Supreme Shampoo 400ml', 'images': []}
DEBUG: Scraped from <200 https://www.waitrose.com/ecom/shop/browse/groceries/toiletries_health_and_beauty/hair_care/shampoo>
{'client': 'Waitrose', 'time': datetime.datetime(2020, 8, 24, 10, 10, 29, 493261), 'category': 'Shampoo', 'id': 'tPp502437-720153-720154', 'prod_name': 'Aussie Calm The Frizz Shampoo', 'waitrose_Qty': '300ml', 'waitrose_discounted_price': '£4.00', 'waitrose_offer_desc': None, 'waitrose_url': 'https://www.waitrose.com/ecom/shop/browse/groceries/toiletries_health_and_beauty/hair_care/shampoo', 'waitrose_rating': None, 'waitrose_unit_price': '(£1.34/100ml)', 'waitrose_new_flag': None, 'waitrose_prod_name': 'Aussie Calm The Frizz Shampoo 300ml', 'images': []}
DEBUG: Scraped from <200 https://www.waitrose.com/ecom/shop/browse/groceries/toiletries_health_and_beauty/hair_care/shampoo>
{'client': 'Waitrose', 'time': datetime.datetime(2020, 8, 24, 10, 10, 29, 493261), 'category': 'Shampoo', 'id': 'tPp414862-695397-695398', 'prod_name': 'Noughty Wave Hello Shampoo', 'waitrose_Qty': '250ml', 'waitrose_discounted_price': '£7.00', 'waitrose_offer_desc': None, 'waitrose_url': 'https://www.waitrose.com/ecom/shop/browse/groceries/toiletries_health_and_beauty/hair_care/shampoo', 'waitrose_rating': None, 'waitrose_unit_price': '(£2.80/100ml)', 'waitrose_new_flag': None, 'waitrose_prod_name': 'Noughty Wave Hello Shampoo 250ml', 'images': []}
DEBUG: Scraped from <200 https://www.waitrose.com/ecom/shop/browse/groceries/toiletries_health_and_beauty/hair_care/shampoo>
{'client': 'Waitrose', 'time': datetime.datetime(2020, 8, 24, 10, 10, 29, 493261), 'category': 'Shampoo', 'id': 'tPp747801-683764-683765', 'prod_name': 'Aussie Shampoo Scent-sational', 'waitrose_Qty': '300ml', 'waitrose_discounted_price': '£4.00', 'waitrose_offer_desc': None, 'waitrose_url': 'https://www.waitrose.com/ecom/shop/browse/groceries/toiletries_health_and_beauty/hair_care/shampoo', 'waitrose_rating': '5', 'waitrose_unit_price': '(£1.34/100ml)', 'waitrose_new_flag': None, 'waitrose_prod_name': 'Aussie Shampoo Scent-sational 300ml', 'images': []}
DEBUG: Scraped from <200 https://www.waitrose.com/ecom/shop/browse/groceries/toiletries_health_and_beauty/hair_care/shampoo>
{'client': 'Waitrose', 'time': datetime.datetime(2020, 8, 24, 10, 10, 29, 493261), 'category': 'Shampoo', 'id': 'tPp502050-631293-631294', 'prod_name': 'Hask Argan Oil Repairing Shampoo', 'waitrose_Qty': '355ml', 'waitrose_discounted_price': '£7.00', 'waitrose_offer_desc': None, 'waitrose_url': 'https://www.waitrose.com/ecom/shop/browse/groceries/toiletries_health_and_beauty/hair_care/shampoo', 'waitrose_rating': '3.7', 'waitrose_unit_price': '(£1.98/100ml)', 'waitrose_new_flag': None, 'waitrose_prod_name': 'Hask Argan Oil Repairing Shampoo 355ml', 'images': []}
DEBUG: Scraped from <200 https://www.waitrose.com/ecom/shop/browse/groceries/toiletries_health_and_beauty/hair_care/shampoo>
{'client': 'Waitrose', 'time': datetime.datetime(2020, 8, 24, 10, 10, 29, 493261), 'category': 'Shampoo', 'id': 'tPp702159-494964-494965', 'prod_name': 'DGJ Argan Oil Shampoo', 'waitrose_Qty': '250ml', 'waitrose_discounted_price': '£5.00', 'waitrose_offer_desc': None, 'waitrose_url': 'https://www.waitrose.com/ecom/shop/browse/groceries/toiletries_health_and_beauty/hair_care/shampoo', 'waitrose_rating': None, 'waitrose_unit_price': '(£2/100ml)', 'waitrose_new_flag': None, 'waitrose_prod_name': 'DGJ Argan Oil Shampoo 250ml', 'images': []}
DEBUG: Scraped from <200 https://www.waitrose.com/ecom/shop/browse/groceries/toiletries_health_and_beauty/hair_care/shampoo>
{'client': 'Waitrose', 'time': datetime.datetime(2020, 8, 24, 10, 10, 29, 493261), 'category': 'Shampoo', 'id': 'tPp687186-337057-337058', 'prod_name': 'Argan + Argan Oil Rejuvenating Shampoo', 'waitrose_Qty': '300ml', 'waitrose_discounted_price': '£6.00', 'waitrose_offer_desc': None, 'waitrose_url': 'https://www.waitrose.com/ecom/shop/browse/groceries/toiletries_health_and_beauty/hair_care/shampoo', 'waitrose_rating': '5', 'waitrose_unit_price': '(£2/100ml)', 'waitrose_new_flag': None, 'waitrose_prod_name': 'Argan + Argan Oil Rejuvenating Shampoo 300ml', 'images': []}
DEBUG: Scraped from <200 https://www.waitrose.com/ecom/shop/browse/groceries/toiletries_health_and_beauty/hair_care/shampoo>
{'client': 'Waitrose', 'time': datetime.datetime(2020, 8, 24, 10, 10, 29, 493261), 'category': 'Shampoo', 'id': 'tPp065299-33095-33096', 'prod_name': 'Frizz Ease Dream Curls Shampoo', 'waitrose_Qty': '250ml', 'waitrose_discounted_price': '£6.00', 'waitrose_offer_desc': None, 'waitrose_url': 'https://www.waitrose.com/ecom/shop/browse/groceries/toiletries_health_and_beauty/hair_care/shampoo', 'waitrose_rating': '5', 'waitrose_unit_price': '(£2.40/100ml)', 'waitrose_new_flag': None, 'waitrose_prod_name': 'Frizz Ease Dream Curls Shampoo 250ml', 'images': []}
DEBUG: Scraped from <200 https://www.waitrose.com/ecom/shop/browse/groceries/toiletries_health_and_beauty/hair_care/shampoo>
{'client': 'Waitrose', 'time': datetime.datetime(2020, 8, 24, 10, 10, 29, 493261), 'category': 'Shampoo', 'id': 'tPp563832-295347-295348', 'prod_name': 'Argan + Argan Oil 5Oil Miracle Shampoo', 'waitrose_Qty': '300ml', 'waitrose_discounted_price': '£6.00', 'waitrose_offer_desc': None, 'waitrose_url': 'https://www.waitrose.com/ecom/shop/browse/groceries/toiletries_health_and_beauty/hair_care/shampoo', 'waitrose_rating': '5', 'waitrose_unit_price': '(£2/100ml)', 'waitrose_new_flag': None, 'waitrose_prod_name': 'Argan + Argan Oil 5Oil Miracle Shampoo 300ml', 'images': []}
DEBUG: Scraped from <200 https://www.waitrose.com/ecom/shop/browse/groceries/toiletries_health_and_beauty/hair_care/shampoo>
{'client': 'Waitrose', 'time': datetime.datetime(2020, 8, 24, 10, 10, 29, 493261), 'category': 'Shampoo', 'id': 'tPp547359-720175-720176', 'prod_name': 'Maui Moisture Bamboo Shampoo', 'waitrose_Qty': '385ml', 'waitrose_discounted_price': '£9.00', 'waitrose_offer_desc': None, 'waitrose_url': 'https://www.waitrose.com/ecom/shop/browse/groceries/toiletries_health_and_beauty/hair_care/shampoo', 'waitrose_rating': '5', 'waitrose_unit_price': '(£2.34/100ml)', 'waitrose_new_flag': None, 'waitrose_prod_name': 'Maui Moisture Bamboo Shampoo 385ml', 'images': []}
DEBUG: Scraped from <200 https://www.waitrose.com/ecom/shop/browse/groceries/toiletries_health_and_beauty/hair_care/shampoo>
{'client': 'Waitrose', 'time': datetime.datetime(2020, 8, 24, 10, 10, 29, 493261), 'category': 'Shampoo', 'id': 'tPp527154-720165-720166', 'prod_name': 'Maui Moisture Hibiscus Water', 'waitrose_Qty': '385ml', 'waitrose_discounted_price': '£9.00', 'waitrose_offer_desc': None, 'waitrose_url': 'https://www.waitrose.com/ecom/shop/browse/groceries/toiletries_health_and_beauty/hair_care/shampoo', 'waitrose_rating': None, 'waitrose_unit_price': '(£2.34/100ml)', 'waitrose_new_flag': None, 'waitrose_prod_name': 'Maui Moisture Hibiscus Water 385ml', 'images': []}
DEBUG: Scraped from <200 https://www.waitrose.com/ecom/shop/browse/groceries/toiletries_health_and_beauty/hair_care/shampoo>
{'client': 'Waitrose', 'time': datetime.datetime(2020, 8, 24, 10, 10, 29, 493261), 'category': 'Shampoo', 'id': 'tPp567481-719558-719559', 'prod_name': 'Fit Kit Gentle Shampoo &Conditioner', 'waitrose_Qty': '200ml', 'waitrose_discounted_price': '£3.99', 'waitrose_offer_desc': None, 'waitrose_url': 'https://www.waitrose.com/ecom/shop/browse/groceries/toiletries_health_and_beauty/hair_care/shampoo', 'waitrose_rating': '5', 'waitrose_unit_price': '(£2/100ml)', 'waitrose_new_flag': None, 'waitrose_prod_name': 'Fit Kit Gentle Shampoo &Conditioner 200ml', 'images': []}
DEBUG: Scraped from <200 https://www.waitrose.com/ecom/shop/browse/groceries/toiletries_health_and_beauty/hair_care/shampoo>
{'client': 'Waitrose', 'time': datetime.datetime(2020, 8, 24, 10, 10, 29, 493261), 'category': 'Shampoo', 'id': 'tPp649492-695625-695626', 'prod_name': 'Vosene Kids 2in1 Melon Shampoo', 'waitrose_Qty': '250ml', 'waitrose_discounted_price': '£2.00', 'waitrose_offer_desc': None, 'waitrose_url': 'https://www.waitrose.com/ecom/shop/browse/groceries/toiletries_health_and_beauty/hair_care/shampoo', 'waitrose_rating': None, 'waitrose_unit_price': '(80p/100ml)', 'waitrose_new_flag': None, 'waitrose_prod_name': 'Vosene Kids 2in1 Melon Shampoo 250ml', 'images': []}
DEBUG: Scraped from <200 https://www.waitrose.com/ecom/shop/browse/groceries/toiletries_health_and_beauty/hair_care/shampoo>
{'client': 'Waitrose', 'time': datetime.datetime(2020, 8, 24, 10, 10, 29, 493261), 'category': 'Shampoo', 'id': 'tPp623864-695587-695588', 'prod_name': 'Noughty Care Taker Shampoo', 'waitrose_Qty': '250ml', 'waitrose_discounted_price': '£7.00', 'waitrose_offer_desc': None, 'waitrose_url': 'https://www.waitrose.com/ecom/shop/browse/groceries/toiletries_health_and_beauty/hair_care/shampoo', 'waitrose_rating': '4', 'waitrose_unit_price': '(£2.80/100ml)', 'waitrose_new_flag': None, 'waitrose_prod_name': 'Noughty Care Taker Shampoo 250ml', 'images': []}
DEBUG: Scraped from <200 https://www.waitrose.com/ecom/shop/browse/groceries/toiletries_health_and_beauty/hair_care/shampoo>
{'client': 'Waitrose', 'time': datetime.datetime(2020, 8, 24, 10, 10, 29, 493261), 'category': 'Shampoo', 'id': 'tPp725372-631511-631512', 'prod_name': 'Hask Moni Coconut Oil Shampoo', 'waitrose_Qty': '355ml', 'waitrose_discounted_price': '£7.00', 'waitrose_offer_desc': None, 'waitrose_url': 'https://www.waitrose.com/ecom/shop/browse/groceries/toiletries_health_and_beauty/hair_care/shampoo', 'waitrose_rating': None, 'waitrose_unit_price': '(£1.98/100ml)', 'waitrose_new_flag': None, 'waitrose_prod_name': 'Hask Moni Coconut Oil Shampoo 355ml', 'images': []}
DEBUG: Scraped from <200 https://www.waitrose.com/ecom/shop/browse/groceries/toiletries_health_and_beauty/hair_care/shampoo>
{'client': 'Waitrose', 'time': datetime.datetime(2020, 8, 24, 10, 10, 29, 493261), 'category': 'Shampoo', 'id': 'tPp895244-495222-495223', 'prod_name': 'DGJ Clarifying Shampoo', 'waitrose_Qty': '250ml', 'waitrose_discounted_price': '£5.00', 'waitrose_offer_desc': None, 'waitrose_url': 'https://www.waitrose.com/ecom/shop/browse/groceries/toiletries_health_and_beauty/hair_care/shampoo', 'waitrose_rating': None, 'waitrose_unit_price': '(£2/100ml)', 'waitrose_new_flag': None, 'waitrose_prod_name': 'DGJ Clarifying Shampoo 250ml', 'images': []}
DEBUG: Scraped from <200 https://www.waitrose.com/ecom/shop/browse/groceries/toiletries_health_and_beauty/hair_care/shampoo>
{'client': 'Waitrose', 'time': datetime.datetime(2020, 8, 24, 10, 10, 29, 493261), 'category': 'Shampoo', 'id': 'tPp861587-154949-154950', 'prod_name': 'Batiste dark & deep brown dry shampoo', 'waitrose_Qty': '200ml', 'waitrose_discounted_price': '£4.00', 'waitrose_offer_desc': None, 'waitrose_url': 'https://www.waitrose.com/ecom/shop/browse/groceries/toiletries_health_and_beauty/hair_care/shampoo', 'waitrose_rating': None, 'waitrose_unit_price': '(£2/100ml)', 'waitrose_new_flag': None, 'waitrose_prod_name': 'Batiste dark & deep brown dry shampoo 200ml', 'images': []}
DEBUG: Scraped from <200 https://www.waitrose.com/ecom/shop/browse/groceries/toiletries_health_and_beauty/hair_care/shampoo>
{'client': 'Waitrose', 'time': datetime.datetime(2020, 8, 24, 10, 10, 29, 493261), 'category': 'Shampoo', 'id': 'tPp703131-695681-695682', 'prod_name': 'Head & Shoulders Repair Shampoo', 'waitrose_Qty': '400ml', 'waitrose_discounted_price': '£5.00', 'waitrose_offer_desc': None, 'waitrose_url': 'https://www.waitrose.com/ecom/shop/browse/groceries/toiletries_health_and_beauty/hair_care/shampoo', 'waitrose_rating': '4', 'waitrose_unit_price': '(£1.25/100ml)', 'waitrose_new_flag': None, 'waitrose_prod_name': 'Head & Shoulders Repair Shampoo 400ml', 'images': []}
DEBUG: Scraped from <200 https://www.waitrose.com/ecom/shop/browse/groceries/toiletries_health_and_beauty/hair_care/shampoo>
{'client': 'Waitrose', 'time': datetime.datetime(2020, 8, 24, 10, 10, 29, 493261), 'category': 'Shampoo', 'id': 'tPp657930-695639-695640', 'prod_name': 'Noughty Pumped Up Shampoo', 'waitrose_Qty': '250ml', 'waitrose_discounted_price': '£7.00', 'waitrose_offer_desc': None, 'waitrose_url': 'https://www.waitrose.com/ecom/shop/browse/groceries/toiletries_health_and_beauty/hair_care/shampoo', 'waitrose_rating': '5', 'waitrose_unit_price': '(£2.80/100ml)', 'waitrose_new_flag': None, 'waitrose_prod_name': 'Noughty Pumped Up Shampoo 250ml', 'images': []}
DEBUG: Scraped from <200 https://www.waitrose.com/ecom/shop/browse/groceries/toiletries_health_and_beauty/hair_care/shampoo>
{'client': 'Waitrose', 'time': datetime.datetime(2020, 8, 24, 10, 10, 29, 493261), 'category': 'Shampoo', 'id': 'tPp453160-695433-695434', 'prod_name': 'Argan+ Long & Strong Shampoo', 'waitrose_Qty': '300ml', 'waitrose_discounted_price': '£6.00', 'waitrose_offer_desc': None, 'waitrose_url': 'https://www.waitrose.com/ecom/shop/browse/groceries/toiletries_health_and_beauty/hair_care/shampoo', 'waitrose_rating': None, 'waitrose_unit_price': '(£2/100ml)', 'waitrose_new_flag': None, 'waitrose_prod_name': 'Argan+ Long & Strong Shampoo 300ml', 'images': []}
DEBUG: Scraped from <200 https://www.waitrose.com/ecom/shop/browse/groceries/toiletries_health_and_beauty/hair_care/shampoo>
{'client': 'Waitrose', 'time': datetime.datetime(2020, 8, 24, 10, 10, 29, 493261), 'category': 'Shampoo', 'id': 'tPp401660-588303-588304', 'prod_name': 'Richard Ward Brunette Shampoo', 'waitrose_Qty': '250ml', 'waitrose_discounted_price': '£6.00', 'waitrose_offer_desc': None, 'waitrose_url': 'https://www.waitrose.com/ecom/shop/browse/groceries/toiletries_health_and_beauty/hair_care/shampoo', 'waitrose_rating': '5', 'waitrose_unit_price': '(£2.40/100ml)', 'waitrose_new_flag': None, 'waitrose_prod_name': 'Richard Ward Brunette Shampoo 250ml', 'images': []}
DEBUG: Scraped from <200 https://www.waitrose.com/ecom/shop/browse/groceries/toiletries_health_and_beauty/hair_care/shampoo>
{'client': 'Waitrose', 'time': datetime.datetime(2020, 8, 24, 10, 10, 29, 493261), 'category': 'Shampoo', 'id': 'tPp755186-495024-495025', 'prod_name': 'DGJ Colour Save Shampoo', 'waitrose_Qty': '250ml', 'waitrose_discounted_price': '£5.00', 'waitrose_offer_desc': None, 'waitrose_url': 'https://www.waitrose.com/ecom/shop/browse/groceries/toiletries_health_and_beauty/hair_care/shampoo', 'waitrose_rating': None, 'waitrose_unit_price': '(£2/100ml)', 'waitrose_new_flag': None, 'waitrose_prod_name': 'DGJ Colour Save Shampoo 250ml', 'images': []}
DEBUG: Scraped from <200 https://www.waitrose.com/ecom/shop/browse/groceries/toiletries_health_and_beauty/hair_care/shampoo>
{'client': 'Waitrose', 'time': datetime.datetime(2020, 8, 24, 10, 10, 29, 493261), 'category': 'Shampoo', 'id': 'tPp745828-495012-495013', 'prod_name': 'DGJ Kids Lice Repel Shampoo', 'waitrose_Qty': '250ml', 'waitrose_discounted_price': '£3.50', 'waitrose_offer_desc': None, 'waitrose_url': 'https://www.waitrose.com/ecom/shop/browse/groceries/toiletries_health_and_beauty/hair_care/shampoo', 'waitrose_rating': None, 'waitrose_unit_price': '(£1.40/100ml)', 'waitrose_new_flag': None, 'waitrose_prod_name': 'DGJ Kids Lice Repel Shampoo 250ml', 'images': []}
DEBUG: Scraped from <200 https://www.waitrose.com/ecom/shop/browse/groceries/toiletries_health_and_beauty/hair_care/shampoo>
{'client': 'Waitrose', 'time': datetime.datetime(2020, 8, 24, 10, 10, 29, 493261), 'category': 'Shampoo', 'id': 'tPp816738-442231-442232', 'prod_name': 'SensSpa Nourishing Shampoo', 'waitrose_Qty': '250ml', 'waitrose_discounted_price': '£6.00', 'waitrose_offer_desc': None, 'waitrose_url': 'https://www.waitrose.com/ecom/shop/browse/groceries/toiletries_health_and_beauty/hair_care/shampoo', 'waitrose_rating': '2.6', 'waitrose_unit_price': '(£2.40/100ml)', 'waitrose_new_flag': None, 'waitrose_prod_name': 'SensSpa Nourishing Shampoo 250ml', 'images': []}
DEBUG: Scraped from <200 https://www.waitrose.com/ecom/shop/browse/groceries/toiletries_health_and_beauty/hair_care/shampoo>
{'client': 'Waitrose', 'time': datetime.datetime(2020, 8, 24, 10, 10, 29, 493261), 'category': 'Shampoo', 'id': 'tPp833802-337290-337291', 'prod_name': 'Aussie Miracle Moist Spray', 'waitrose_Qty': '250ml', 'waitrose_discounted_price': '£5.15', 'waitrose_offer_desc': None, 'waitrose_url': 'https://www.waitrose.com/ecom/shop/browse/groceries/toiletries_health_and_beauty/hair_care/shampoo', 'waitrose_rating': None, 'waitrose_unit_price': '(£2.06/100ml)', 'waitrose_new_flag': None, 'waitrose_prod_name': 'Aussie Miracle Moist Spray 250ml', 'images': []}
DEBUG: Scraped from <200 https://www.waitrose.com/ecom/shop/browse/groceries/toiletries_health_and_beauty/hair_care/shampoo>
{'client': 'Waitrose', 'time': datetime.datetime(2020, 8, 24, 10, 10, 29, 493261), 'category': 'Shampoo', 'id': 'tPp567431-729696-729697', 'prod_name': 'Batiste Dry Shampoo for Blondes', 'waitrose_Qty': '200ml', 'waitrose_discounted_price': '£4.00', 'waitrose_offer_desc': None, 'waitrose_url': 'https://www.waitrose.com/ecom/shop/browse/groceries/toiletries_health_and_beauty/hair_care/shampoo', 'waitrose_rating': None, 'waitrose_unit_price': '(£2/100ml)', 'waitrose_new_flag': 'NEW', 'waitrose_prod_name': 'Batiste Dry Shampoo for Blondes 200ml', 'images': []}
DEBUG: Scraped from <200 https://www.waitrose.com/ecom/shop/browse/groceries/toiletries_health_and_beauty/hair_care/shampoo>
{'client': 'Waitrose', 'time': datetime.datetime(2020, 8, 24, 10, 10, 29, 493261), 'category': 'Shampoo', 'id': 'tPp808436-720325-720326', 'prod_name': 'Hask Biotin Boost Shampoo', 'waitrose_Qty': '355ml', 'waitrose_discounted_price': '£7.00', 'waitrose_offer_desc': None, 'waitrose_url': 'https://www.waitrose.com/ecom/shop/browse/groceries/toiletries_health_and_beauty/hair_care/shampoo', 'waitrose_rating': None, 'waitrose_unit_price': '(£1.98/100ml)', 'waitrose_new_flag': None, 'waitrose_prod_name': 'Hask Biotin Boost Shampoo 355ml', 'images': []}
DEBUG: Scraped from <200 https://www.waitrose.com/ecom/shop/browse/groceries/toiletries_health_and_beauty/hair_care/shampoo>
{'client': 'Waitrose', 'time': datetime.datetime(2020, 8, 24, 10, 10, 29, 493261), 'category': 'Shampoo', 'id': 'tPp663502-695641-695642', 'prod_name': 'Noughty To The Rescue Shampoo', 'waitrose_Qty': '250ml', 'waitrose_discounted_price': '£7.00', 'waitrose_offer_desc': None, 'waitrose_url': 'https://www.waitrose.com/ecom/shop/browse/groceries/toiletries_health_and_beauty/hair_care/shampoo', 'waitrose_rating': '5', 'waitrose_unit_price': '(£2.80/100ml)', 'waitrose_new_flag': None, 'waitrose_prod_name': 'Noughty To The Rescue Shampoo 250ml', 'images': []}
DEBUG: Scraped from <200 https://www.waitrose.com/ecom/shop/browse/groceries/toiletries_health_and_beauty/hair_care/shampoo>
{'client': 'Waitrose', 'time': datetime.datetime(2020, 8, 24, 10, 10, 29, 493261), 'category': 'Shampoo', 'id': 'tPp645178-695617-695618', 'prod_name': 'John Frieda Shampoo Weightless Wonder', 'waitrose_Qty': '250ml', 'waitrose_discounted_price': '£6.00', 'waitrose_offer_desc': None, 'waitrose_url': 'https://www.waitrose.com/ecom/shop/browse/groceries/toiletries_health_and_beauty/hair_care/shampoo', 'waitrose_rating': '4.6', 'waitrose_unit_price': '(£2.40/100ml)', 'waitrose_new_flag': None, 'waitrose_prod_name': 'John Frieda Shampoo Weightless Wonder 250ml', 'images': []}
DEBUG: Scraped from <200 https://www.waitrose.com/ecom/shop/browse/groceries/toiletries_health_and_beauty/hair_care/shampoo>
{'client': 'Waitrose', 'time': datetime.datetime(2020, 8, 24, 10, 10, 29, 493261), 'category': 'Shampoo', 'id': 'tPp631829-695597-695598', 'prod_name': 'Noughty Detox Dynamo Shampoo', 'waitrose_Qty': '250ml', 'waitrose_discounted_price': '£7.00', 'waitrose_offer_desc': None, 'waitrose_url': 'https://www.waitrose.com/ecom/shop/browse/groceries/toiletries_health_and_beauty/hair_care/shampoo', 'waitrose_rating': None, 'waitrose_unit_price': '(£2.80/100ml)', 'waitrose_new_flag': None, 'waitrose_prod_name': 'Noughty Detox Dynamo Shampoo 250ml', 'images': []}
DEBUG: Scraped from <200 https://www.waitrose.com/ecom/shop/browse/groceries/toiletries_health_and_beauty/hair_care/shampoo>
{'client': 'Waitrose', 'time': datetime.datetime(2020, 8, 24, 10, 10, 29, 493261), 'category': 'Shampoo', 'id': 'tPp603087-695555-695556', 'prod_name': 'Noughty Colour Bomb Shampoo', 'waitrose_Qty': '250ml', 'waitrose_discounted_price': '£7.00', 'waitrose_offer_desc': None, 'waitrose_url': 'https://www.waitrose.com/ecom/shop/browse/groceries/toiletries_health_and_beauty/hair_care/shampoo', 'waitrose_rating': '3', 'waitrose_unit_price': '(£2.80/100ml)', 'waitrose_new_flag': None, 'waitrose_prod_name': 'Noughty Colour Bomb Shampoo 250ml', 'images': []}
DEBUG: Scraped from <200 https://www.waitrose.com/ecom/shop/browse/groceries/toiletries_health_and_beauty/hair_care/shampoo>
{'client': 'Waitrose', 'time': datetime.datetime(2020, 8, 24, 10, 10, 29, 493261), 'category': 'Shampoo', 'id': 'tPp591666-681031-681032', 'prod_name': 'Pure Grace Shower Gel', 'waitrose_Qty': '480ml', 'waitrose_discounted_price': '£19.50', 'waitrose_offer_desc': None, 'waitrose_url': 'https://www.waitrose.com/ecom/shop/browse/groceries/toiletries_health_and_beauty/hair_care/shampoo', 'waitrose_rating': None, 'waitrose_unit_price': '(£4.07/100ml)', 'waitrose_new_flag': None, 'waitrose_prod_name': 'Pure Grace Shower Gel 480ml', 'images': []}
DEBUG: Scraped from <200 https://www.waitrose.com/ecom/shop/browse/groceries/toiletries_health_and_beauty/hair_care/shampoo>
{'client': 'Waitrose', 'time': datetime.datetime(2020, 8, 24, 10, 10, 29, 493261), 'category': 'Shampoo', 'id': 'tPp492466-631281-631282', 'prod_name': 'Hask Keratin Protein Smoothing Shampoo', 'waitrose_Qty': '355ml', 'waitrose_discounted_price': '£7.00', 'waitrose_offer_desc': None, 'waitrose_url': 'https://www.waitrose.com/ecom/shop/browse/groceries/toiletries_health_and_beauty/hair_care/shampoo', 'waitrose_rating': None, 'waitrose_unit_price': '(£1.98/100ml)', 'waitrose_new_flag': None, 'waitrose_prod_name': 'Hask Keratin Protein Smoothing Shampoo 355ml', 'images': []}
DEBUG: Scraped from <200 https://www.waitrose.com/ecom/shop/browse/groceries/toiletries_health_and_beauty/hair_care/shampoo>
{'client': 'Waitrose', 'time': datetime.datetime(2020, 8, 24, 10, 10, 29, 493261), 'category': 'Shampoo', 'id': 'tPp807825-473364-473365', 'prod_name': 'SenSpa Deep Cleanse Shampoo', 'waitrose_Qty': '250ml', 'waitrose_discounted_price': '£6.00', 'waitrose_offer_desc': None, 'waitrose_url': 'https://www.waitrose.com/ecom/shop/browse/groceries/toiletries_health_and_beauty/hair_care/shampoo', 'waitrose_rating': '3.7', 'waitrose_unit_price': '(£2.40/100ml)', 'waitrose_new_flag': None, 'waitrose_prod_name': 'SenSpa Deep Cleanse Shampoo 250ml', 'images': []}
INFO: Closing spider (finished)
INFO: Stored json feed (140 items) in: waitrose_082420.json
INFO: Dumping Scrapy stats:
{'downloader/request_bytes': 2588,
 'downloader/request_count': 1,
 'downloader/request_method_count/POST': 1,
 'downloader/response_bytes': 1492734,
 'downloader/response_count': 1,
 'downloader/response_status_count/200': 1,
 'finish_reason': 'finished',
 'finish_time': datetime.datetime(2020, 8, 24, 4, 41, 50, 425151),
 'item_scraped_count': 140,
 'log_count/DEBUG': 141,
 'log_count/INFO': 11,
 'log_count/WARNING': 1,
 'response_received_count': 1,
 'scheduler/dequeued': 2,
 'scheduler/dequeued/memory': 2,
 'scheduler/enqueued': 2,
 'scheduler/enqueued/memory': 2,
 'splash/execute/request_count': 1,
 'splash/execute/response_count/200': 1,
 'start_time': datetime.datetime(2020, 8, 24, 4, 40, 29, 737268)}
INFO: Spider closed (finished)
INFO: Crawled 0 pages (at 0 pages/min), scraped 0 items (at 0 items/min)
DEBUG: Crawled (200) <GET https://www.waitrose.com/ecom/shop/browse/groceries/toiletries_health_and_beauty/hair_care/shampoo via http://192.168.1.9:8050/execute> (referer: None)
DEBUG: Scraped from <200 https://www.waitrose.com/ecom/shop/browse/groceries/toiletries_health_and_beauty/hair_care/shampoo>
{'client': 'Waitrose', 'time': datetime.datetime(2020, 8, 24, 10, 11, 17, 795897), 'category': 'Shampoo', 'id': 'tPp639366-90822-90823', 'prod_name': 'Head & Shoulders Shampoo Classic', 'waitrose_Qty': '500ml', 'waitrose_discounted_price': '£3.43', 'waitrose_offer_desc': 'Save 1/3.', 'waitrose_url': 'https://www.waitrose.com/ecom/shop/browse/groceries/toiletries_health_and_beauty/hair_care/shampoo', 'waitrose_rating': '3.5', 'waitrose_unit_price': '(68.6p/100ml)', 'waitrose_new_flag': None, 'waitrose_prod_name': 'Head & Shoulders Shampoo Classic 500ml', 'images': []}
DEBUG: Scraped from <200 https://www.waitrose.com/ecom/shop/browse/groceries/toiletries_health_and_beauty/hair_care/shampoo>
{'client': 'Waitrose', 'time': datetime.datetime(2020, 8, 24, 10, 11, 17, 795897), 'category': 'Shampoo', 'id': 'tPp435635-694165-694166', 'prod_name': 'Pantene Classic Clean Shampoo', 'waitrose_Qty': '500ml', 'waitrose_discounted_price': '£5.15', 'waitrose_offer_desc': 'Add 2 for £5', 'waitrose_url': 'https://www.waitrose.com/ecom/shop/browse/groceries/toiletries_health_and_beauty/hair_care/shampoo', 'waitrose_rating': None, 'waitrose_unit_price': '(£1.03/100ml)', 'waitrose_new_flag': None, 'waitrose_prod_name': 'Pantene Classic Clean Shampoo 500ml', 'images': []}
DEBUG: Scraped from <200 https://www.waitrose.com/ecom/shop/browse/groceries/toiletries_health_and_beauty/hair_care/shampoo>
{'client': 'Waitrose', 'time': datetime.datetime(2020, 8, 24, 10, 11, 17, 795897), 'category': 'Shampoo', 'id': 'tPp824583-694195-694196', 'prod_name': 'Pantene Repair & Protect Shampoo', 'waitrose_Qty': '500ml', 'waitrose_discounted_price': '£3.75', 'waitrose_offer_desc': 'Add 2 for £5', 'waitrose_url': 'https://www.waitrose.com/ecom/shop/browse/groceries/toiletries_health_and_beauty/hair_care/shampoo', 'waitrose_rating': None, 'waitrose_unit_price': '(75p/100ml)', 'waitrose_new_flag': None, 'waitrose_prod_name': 'Pantene Repair & Protect Shampoo 500ml', 'images': []}
DEBUG: Scraped from <200 https://www.waitrose.com/ecom/shop/browse/groceries/toiletries_health_and_beauty/hair_care/shampoo>
{'client': 'Waitrose', 'time': datetime.datetime(2020, 8, 24, 10, 11, 17, 795897), 'category': 'Shampoo', 'id': 'tPp836753-694201-694202', 'prod_name': 'Pantene Volume & Body Shampoo', 'waitrose_Qty': '500ml', 'waitrose_discounted_price': '£5.15', 'waitrose_offer_desc': 'Add 2 for £5', 'waitrose_url': 'https://www.waitrose.com/ecom/shop/browse/groceries/toiletries_health_and_beauty/hair_care/shampoo', 'waitrose_rating': None, 'waitrose_unit_price': '(£1.03/100ml)', 'waitrose_new_flag': None, 'waitrose_prod_name': 'Pantene Volume & Body Shampoo 500ml', 'images': []}
DEBUG: Scraped from <200 https://www.waitrose.com/ecom/shop/browse/groceries/toiletries_health_and_beauty/hair_care/shampoo>
{'client': 'Waitrose', 'time': datetime.datetime(2020, 8, 24, 10, 11, 17, 795897), 'category': 'Shampoo', 'id': 'tPp657721-694179-694180', 'prod_name': 'Pantene 3 in 1 Classic Clean', 'waitrose_Qty': '450ml', 'waitrose_discounted_price': '£3.75', 'waitrose_offer_desc': 'Add 2 for £5', 'waitrose_url': 'https://www.waitrose.com/ecom/shop/browse/groceries/toiletries_health_and_beauty/hair_care/shampoo', 'waitrose_rating': None, 'waitrose_unit_price': '(83.3p/100ml)', 'waitrose_new_flag': None, 'waitrose_prod_name': 'Pantene 3 in 1 Classic Clean 450ml', 'images': []}
DEBUG: Scraped from <200 https://www.waitrose.com/ecom/shop/browse/groceries/toiletries_health_and_beauty/hair_care/shampoo>
{'client': 'Waitrose', 'time': datetime.datetime(2020, 8, 24, 10, 11, 17, 795897), 'category': 'Shampoo', 'id': 'tPp455905-591789-591790', 'prod_name': 'Herbal Essences clean Shampoo', 'waitrose_Qty': '400ml', 'waitrose_discounted_price': '£4.50', 'waitrose_offer_desc': 'Add 2 for £6', 'waitrose_url': 'https://www.waitrose.com/ecom/shop/browse/groceries/toiletries_health_and_beauty/hair_care/shampoo', 'waitrose_rating': None, 'waitrose_unit_price': '(£1.13/100ml)', 'waitrose_new_flag': None, 'waitrose_prod_name': 'Herbal Essences clean Shampoo 400ml', 'images': []}
DEBUG: Scraped from <200 https://www.waitrose.com/ecom/shop/browse/groceries/toiletries_health_and_beauty/hair_care/shampoo>
{'client': 'Waitrose', 'time': datetime.datetime(2020, 8, 24, 10, 11, 17, 795897), 'category': 'Shampoo', 'id': 'tPp757780-107799-107800', 'prod_name': 'Head & Shoulders 2in1 Classic Clean', 'waitrose_Qty': '450ml', 'waitrose_discounted_price': '£3.43', 'waitrose_offer_desc': 'Save 1/3.', 'waitrose_url': 'https://www.waitrose.com/ecom/shop/browse/groceries/toiletries_health_and_beauty/hair_care/shampoo', 'waitrose_rating': '4', 'waitrose_unit_price': '(76.2p/100ml)', 'waitrose_new_flag': None, 'waitrose_prod_name': 'Head & Shoulders 2in1 Classic Clean 450ml', 'images': []}
DEBUG: Scraped from <200 https://www.waitrose.com/ecom/shop/browse/groceries/toiletries_health_and_beauty/hair_care/shampoo>
{'client': 'Waitrose', 'time': datetime.datetime(2020, 8, 24, 10, 11, 17, 795897), 'category': 'Shampoo', 'id': 'tPp582132-472091-472092', 'prod_name': 'Ogx Argan Oil Morocco Shampoo', 'waitrose_Qty': '385ml', 'waitrose_discounted_price': '£7.00', 'waitrose_offer_desc': 'Add 2 for £10', 'waitrose_url': 'https://www.waitrose.com/ecom/shop/browse/groceries/toiletries_health_and_beauty/hair_care/shampoo', 'waitrose_rating': '4', 'waitrose_unit_price': '(£1.82/100ml)', 'waitrose_new_flag': None, 'waitrose_prod_name': 'Ogx Argan Oil Morocco Shampoo 385ml', 'images': []}
DEBUG: Scraped from <200 https://www.waitrose.com/ecom/shop/browse/groceries/toiletries_health_and_beauty/hair_care/shampoo>
{'client': 'Waitrose', 'time': datetime.datetime(2020, 8, 24, 10, 11, 17, 795897), 'category': 'Shampoo', 'id': 'tPp407453-471203-471204', 'prod_name': 'Ogx Biotin & Collagen Shampoo', 'waitrose_Qty': '385ml', 'waitrose_discounted_price': '£7.00', 'waitrose_offer_desc': 'Add 2 for £10', 'waitrose_url': 'https://www.waitrose.com/ecom/shop/browse/groceries/toiletries_health_and_beauty/hair_care/shampoo', 'waitrose_rating': None, 'waitrose_unit_price': '(£1.82/100ml)', 'waitrose_new_flag': None, 'waitrose_prod_name': 'Ogx Biotin & Collagen Shampoo 385ml', 'images': []}
DEBUG: Scraped from <200 https://www.waitrose.com/ecom/shop/browse/groceries/toiletries_health_and_beauty/hair_care/shampoo>
{'client': 'Waitrose', 'time': datetime.datetime(2020, 8, 24, 10, 11, 17, 795897), 'category': 'Shampoo', 'id': 'tPp882824-154983-154984', 'prod_name': 'Head & Shoulders itchy scalp shampoo', 'waitrose_Qty': '500ml', 'waitrose_discounted_price': '£3.43', 'waitrose_offer_desc': 'Save 1/3.', 'waitrose_url': 'https://www.waitrose.com/ecom/shop/browse/groceries/toiletries_health_and_beauty/hair_care/shampoo', 'waitrose_rating': '5', 'waitrose_unit_price': '(68.6p/100ml)', 'waitrose_new_flag': None, 'waitrose_prod_name': 'Head & Shoulders itchy scalp shampoo 500ml', 'images': []}
DEBUG: Scraped from <200 https://www.waitrose.com/ecom/shop/browse/groceries/toiletries_health_and_beauty/hair_care/shampoo>
{'client': 'Waitrose', 'time': datetime.datetime(2020, 8, 24, 10, 11, 17, 795897), 'category': 'Shampoo', 'id': 'tPp839781-154875-154876', 'prod_name': 'Aussie miracle moist shampoo', 'waitrose_Qty': '500ml', 'waitrose_discounted_price': '£6.15', 'waitrose_offer_desc': 'Add 2 for £9', 'waitrose_url': 'https://www.waitrose.com/ecom/shop/browse/groceries/toiletries_health_and_beauty/hair_care/shampoo', 'waitrose_rating': None, 'waitrose_unit_price': '(£1.23/100ml)', 'waitrose_new_flag': None, 'waitrose_prod_name': 'Aussie miracle moist shampoo 500ml', 'images': []}
DEBUG: Scraped from <200 https://www.waitrose.com/ecom/shop/browse/groceries/toiletries_health_and_beauty/hair_care/shampoo>
{'client': 'Waitrose', 'time': datetime.datetime(2020, 8, 24, 10, 11, 17, 795897), 'category': 'Shampoo', 'id': 'tPp701301-99532-99533', 'prod_name': 'Essential Daily Care Shampoo', 'waitrose_Qty': '300ml', 'waitrose_discounted_price': '80p', 'waitrose_offer_desc': None, 'waitrose_url': 'https://www.waitrose.com/ecom/shop/browse/groceries/toiletries_health_and_beauty/hair_care/shampoo', 'waitrose_rating': '4.1', 'waitrose_unit_price': '(26.7p/100ml)', 'waitrose_new_flag': None, 'waitrose_prod_name': 'Essential Daily Care Shampoo 300ml', 'images': []}
DEBUG: Scraped from <200 https://www.waitrose.com/ecom/shop/browse/groceries/toiletries_health_and_beauty/hair_care/shampoo>
{'client': 'Waitrose', 'time': datetime.datetime(2020, 8, 24, 10, 11, 17, 795897), 'category': 'Shampoo', 'id': 'tPp490113-591883-591884', 'prod_name': 'Herbal Essences Volume Shampoo', 'waitrose_Qty': '400ml', 'waitrose_discounted_price': '£4.50', 'waitrose_offer_desc': 'Add 2 for £6', 'waitrose_url': 'https://www.waitrose.com/ecom/shop/browse/groceries/toiletries_health_and_beauty/hair_care/shampoo', 'waitrose_rating': '5', 'waitrose_unit_price': '(£1.13/100ml)', 'waitrose_new_flag': None, 'waitrose_prod_name': 'Herbal Essences Volume Shampoo 400ml', 'images': []}
DEBUG: Scraped from <200 https://www.waitrose.com/ecom/shop/browse/groceries/toiletries_health_and_beauty/hair_care/shampoo>
{'client': 'Waitrose', 'time': datetime.datetime(2020, 8, 24, 10, 11, 17, 795897), 'category': 'Shampoo', 'id': 'tPp821139-694191-694192', 'prod_name': 'Pantene Smooth & Sleek Shampoo', 'waitrose_Qty': '500ml', 'waitrose_discounted_price': '£5.15', 'waitrose_offer_desc': 'Add 2 for £5', 'waitrose_url': 'https://www.waitrose.com/ecom/shop/browse/groceries/toiletries_health_and_beauty/hair_care/shampoo', 'waitrose_rating': None, 'waitrose_unit_price': '(£1.03/100ml)', 'waitrose_new_flag': None, 'waitrose_prod_name': 'Pantene Smooth & Sleek Shampoo 500ml', 'images': []}
DEBUG: Scraped from <200 https://www.waitrose.com/ecom/shop/browse/groceries/toiletries_health_and_beauty/hair_care/shampoo>
{'client': 'Waitrose', 'time': datetime.datetime(2020, 8, 24, 10, 11, 17, 795897), 'category': 'Shampoo', 'id': 'tPp472240-591833-591834', 'prod_name': 'Herbal Essences Repair Shampoo', 'waitrose_Qty': '400ml', 'waitrose_discounted_price': '£4.50', 'waitrose_offer_desc': 'Add 2 for £6', 'waitrose_url': 'https://www.waitrose.com/ecom/shop/browse/groceries/toiletries_health_and_beauty/hair_care/shampoo', 'waitrose_rating': '5', 'waitrose_unit_price': '(£1.13/100ml)', 'waitrose_new_flag': None, 'waitrose_prod_name': 'Herbal Essences Repair Shampoo 400ml', 'images': []}
DEBUG: Scraped from <200 https://www.waitrose.com/ecom/shop/browse/groceries/toiletries_health_and_beauty/hair_care/shampoo>
{'client': 'Waitrose', 'time': datetime.datetime(2020, 8, 24, 10, 11, 17, 795897), 'category': 'Shampoo', 'id': 'tPp627460-154629-154630', 'prod_name': 'Aussie mega shampoo', 'waitrose_Qty': '500ml', 'waitrose_discounted_price': '£6.15', 'waitrose_offer_desc': 'Add 2 for £9', 'waitrose_url': 'https://www.waitrose.com/ecom/shop/browse/groceries/toiletries_health_and_beauty/hair_care/shampoo', 'waitrose_rating': '3.8', 'waitrose_unit_price': '(£1.23/100ml)', 'waitrose_new_flag': None, 'waitrose_prod_name': 'Aussie mega shampoo 500ml', 'images': []}
DEBUG: Scraped from <200 https://www.waitrose.com/ecom/shop/browse/groceries/toiletries_health_and_beauty/hair_care/shampoo>
{'client': 'Waitrose', 'time': datetime.datetime(2020, 8, 24, 10, 11, 17, 795897), 'category': 'Shampoo', 'id': 'tPp581617-694173-694174', 'prod_name': 'Pantene Colour Protect Shampoo', 'waitrose_Qty': '500ml', 'waitrose_discounted_price': '£5.15', 'waitrose_offer_desc': 'Add 2 for £5', 'waitrose_url': 'https://www.waitrose.com/ecom/shop/browse/groceries/toiletries_health_and_beauty/hair_care/shampoo', 'waitrose_rating': None, 'waitrose_unit_price': '(£1.03/100ml)', 'waitrose_new_flag': None, 'waitrose_prod_name': 'Pantene Colour Protect Shampoo 500ml', 'images': []}
DEBUG: Scraped from <200 https://www.waitrose.com/ecom/shop/browse/groceries/toiletries_health_and_beauty/hair_care/shampoo>
{'client': 'Waitrose', 'time': datetime.datetime(2020, 8, 24, 10, 11, 17, 795897), 'category': 'Shampoo', 'id': 'tPp427668-591713-591714', 'prod_name': 'Herbal Essences Hydrate Shampoo', 'waitrose_Qty': '400ml', 'waitrose_discounted_price': '£4.50', 'waitrose_offer_desc': 'Add 2 for £6', 'waitrose_url': 'https://www.waitrose.com/ecom/shop/browse/groceries/toiletries_health_and_beauty/hair_care/shampoo', 'waitrose_rating': '5', 'waitrose_unit_price': '(£1.13/100ml)', 'waitrose_new_flag': None, 'waitrose_prod_name': 'Herbal Essences Hydrate Shampoo 400ml', 'images': []}
DEBUG: Scraped from <200 https://www.waitrose.com/ecom/shop/browse/groceries/toiletries_health_and_beauty/hair_care/shampoo>
{'client': 'Waitrose', 'time': datetime.datetime(2020, 8, 24, 10, 11, 17, 795897), 'category': 'Shampoo', 'id': 'tPp535961-75786-75787', 'prod_name': 'essential Waitrose Nourishing Shampoo', 'waitrose_Qty': '300ml', 'waitrose_discounted_price': '80p', 'waitrose_offer_desc': None, 'waitrose_url': 'https://www.waitrose.com/ecom/shop/browse/groceries/toiletries_health_and_beauty/hair_care/shampoo', 'waitrose_rating': '4.4', 'waitrose_unit_price': '(26.7p/100ml)', 'waitrose_new_flag': None, 'waitrose_prod_name': 'essential Waitrose Nourishing Shampoo 300ml', 'images': []}
DEBUG: Scraped from <200 https://www.waitrose.com/ecom/shop/browse/groceries/toiletries_health_and_beauty/hair_care/shampoo>
{'client': 'Waitrose', 'time': datetime.datetime(2020, 8, 24, 10, 11, 17, 795897), 'category': 'Shampoo', 'id': 'tPp886458-216893-216894', 'prod_name': 'Ogx Brazilian Keratin Shampoo', 'waitrose_Qty': '385ml', 'waitrose_discounted_price': '£7.00', 'waitrose_offer_desc': 'Add 2 for £10', 'waitrose_url': 'https://www.waitrose.com/ecom/shop/browse/groceries/toiletries_health_and_beauty/hair_care/shampoo', 'waitrose_rating': '5', 'waitrose_unit_price': '(£1.82/100ml)', 'waitrose_new_flag': None, 'waitrose_prod_name': 'Ogx Brazilian Keratin Shampoo 385ml', 'images': []}
DEBUG: Scraped from <200 https://www.waitrose.com/ecom/shop/browse/groceries/toiletries_health_and_beauty/hair_care/shampoo>
{'client': 'Waitrose', 'time': datetime.datetime(2020, 8, 24, 10, 11, 17, 795897), 'category': 'Shampoo', 'id': 'tPp855140-216863-216864', 'prod_name': 'Ogx Coconut Milk Shampoo', 'waitrose_Qty': '385ml', 'waitrose_discounted_price': '£7.00', 'waitrose_offer_desc': 'Add 2 for £10', 'waitrose_url': 'https://www.waitrose.com/ecom/shop/browse/groceries/toiletries_health_and_beauty/hair_care/shampoo', 'waitrose_rating': '5', 'waitrose_unit_price': '(£1.82/100ml)', 'waitrose_new_flag': None, 'waitrose_prod_name': 'Ogx Coconut Milk Shampoo 385ml', 'images': []}
DEBUG: Scraped from <200 https://www.waitrose.com/ecom/shop/browse/groceries/toiletries_health_and_beauty/hair_care/shampoo>
{'client': 'Waitrose', 'time': datetime.datetime(2020, 8, 24, 10, 11, 17, 795897), 'category': 'Shampoo', 'id': 'tPp868154-695990-695991', 'prod_name': 'Hair Biology Purple Shampoo', 'waitrose_Qty': '250ml', 'waitrose_discounted_price': '£2.99', 'waitrose_offer_desc': 'Save 1/3.', 'waitrose_url': 'https://www.waitrose.com/ecom/shop/browse/groceries/toiletries_health_and_beauty/hair_care/shampoo', 'waitrose_rating': None, 'waitrose_unit_price': '(£1.20/100ml)', 'waitrose_new_flag': None, 'waitrose_prod_name': 'Hair Biology Purple Shampoo 250ml', 'images': []}
DEBUG: Scraped from <200 https://www.waitrose.com/ecom/shop/browse/groceries/toiletries_health_and_beauty/hair_care/shampoo>
{'client': 'Waitrose', 'time': datetime.datetime(2020, 8, 24, 10, 11, 17, 795897), 'category': 'Shampoo', 'id': 'tPp752186-631541-631542', 'prod_name': 'Ogx Coconut OIl Shampoo', 'waitrose_Qty': '385ml', 'waitrose_discounted_price': '£7.00', 'waitrose_offer_desc': 'Add 2 for £10', 'waitrose_url': 'https://www.waitrose.com/ecom/shop/browse/groceries/toiletries_health_and_beauty/hair_care/shampoo', 'waitrose_rating': None, 'waitrose_unit_price': '(£1.82/100ml)', 'waitrose_new_flag': None, 'waitrose_prod_name': 'Ogx Coconut OIl Shampoo 385ml', 'images': []}
DEBUG: Scraped from <200 https://www.waitrose.com/ecom/shop/browse/groceries/toiletries_health_and_beauty/hair_care/shampoo>
{'client': 'Waitrose', 'time': datetime.datetime(2020, 8, 24, 10, 11, 17, 795897), 'category': 'Shampoo', 'id': 'tPp791725-375655-375656', 'prod_name': 'Ogx Kukuí Oil Shampoo', 'waitrose_Qty': '385ml', 'waitrose_discounted_price': '£7.00', 'waitrose_offer_desc': 'Add 2 for £10', 'waitrose_url': 'https://www.waitrose.com/ecom/shop/browse/groceries/toiletries_health_and_beauty/hair_care/shampoo', 'waitrose_rating': '5', 'waitrose_unit_price': '(£1.82/100ml)', 'waitrose_new_flag': None, 'waitrose_prod_name': 'Ogx Kukuí Oil Shampoo 385ml', 'images': []}
DEBUG: Scraped from <200 https://www.waitrose.com/ecom/shop/browse/groceries/toiletries_health_and_beauty/hair_care/shampoo>
{'client': 'Waitrose', 'time': datetime.datetime(2020, 8, 24, 10, 11, 17, 795897), 'category': 'Shampoo', 'id': 'tPp721134-337091-337092', 'prod_name': 'Aussie miracle shine shampoo', 'waitrose_Qty': '500ml', 'waitrose_discounted_price': '£6.00', 'waitrose_offer_desc': 'Add 2 for £9', 'waitrose_url': 'https://www.waitrose.com/ecom/shop/browse/groceries/toiletries_health_and_beauty/hair_care/shampoo', 'waitrose_rating': None, 'waitrose_unit_price': '(£1.20/100ml)', 'waitrose_new_flag': None, 'waitrose_prod_name': 'Aussie miracle shine shampoo 500ml', 'images': []}
DEBUG: Scraped from <200 https://www.waitrose.com/ecom/shop/browse/groceries/toiletries_health_and_beauty/hair_care/shampoo>
{'client': 'Waitrose', 'time': datetime.datetime(2020, 8, 24, 10, 11, 17, 795897), 'category': 'Shampoo', 'id': 'tPp047805-23664-23665', 'prod_name': 'Avalon Organics tea tree shampoo', 'waitrose_Qty': '325ml', 'waitrose_discounted_price': '£7.00', 'waitrose_offer_desc': 'Add 2 for £11', 'waitrose_url': 'https://www.waitrose.com/ecom/shop/browse/groceries/toiletries_health_and_beauty/hair_care/shampoo', 'waitrose_rating': '4.9', 'waitrose_unit_price': '(£2.16/100ml)', 'waitrose_new_flag': None, 'waitrose_prod_name': 'Avalon Organics tea tree shampoo 325ml', 'images': []}
DEBUG: Scraped from <200 https://www.waitrose.com/ecom/shop/browse/groceries/toiletries_health_and_beauty/hair_care/shampoo>
{'client': 'Waitrose', 'time': datetime.datetime(2020, 8, 24, 10, 11, 17, 795897), 'category': 'Shampoo', 'id': 'tPp820157-724089-724090', 'prod_name': 'Eco Warrior Shampoo Bar', 'waitrose_Qty': '100g', 'waitrose_discounted_price': '£3.00', 'waitrose_offer_desc': 'Save 1/3.', 'waitrose_url': 'https://www.waitrose.com/ecom/shop/browse/groceries/toiletries_health_and_beauty/hair_care/shampoo', 'waitrose_rating': None, 'waitrose_unit_price': '(£3/100g)', 'waitrose_new_flag': None, 'waitrose_prod_name': 'Eco Warrior Shampoo Bar 100g', 'images': []}
DEBUG: Scraped from <200 https://www.waitrose.com/ecom/shop/browse/groceries/toiletries_health_and_beauty/hair_care/shampoo>
{'client': 'Waitrose', 'time': datetime.datetime(2020, 8, 24, 10, 11, 17, 795897), 'category': 'Shampoo', 'id': 'tPp755349-720291-720292', 'prod_name': 'Herbal Essences Aloe & Mango Shampoo', 'waitrose_Qty': '380ml', 'waitrose_discounted_price': '£4.50', 'waitrose_offer_desc': 'Add 2 for £6', 'waitrose_url': 'https://www.waitrose.com/ecom/shop/browse/groceries/toiletries_health_and_beauty/hair_care/shampoo', 'waitrose_rating': None, 'waitrose_unit_price': '(£1.19/100ml)', 'waitrose_new_flag': None, 'waitrose_prod_name': 'Herbal Essences Aloe & Mango Shampoo 380ml', 'images': []}
DEBUG: Scraped from <200 https://www.waitrose.com/ecom/shop/browse/groceries/toiletries_health_and_beauty/hair_care/shampoo>
{'client': 'Waitrose', 'time': datetime.datetime(2020, 8, 24, 10, 11, 17, 795897), 'category': 'Shampoo', 'id': 'tPp432893-216691-216692', 'prod_name': 'Head & Shoulders Shampoo Apple Fresh', 'waitrose_Qty': '500ml', 'waitrose_discounted_price': '£3.43', 'waitrose_offer_desc': 'Save 1/3.', 'waitrose_url': 'https://www.waitrose.com/ecom/shop/browse/groceries/toiletries_health_and_beauty/hair_care/shampoo', 'waitrose_rating': None, 'waitrose_unit_price': '(68.6p/100ml)', 'waitrose_new_flag': None, 'waitrose_prod_name': 'Head & Shoulders Shampoo Apple Fresh 500ml', 'images': []}
DEBUG: Scraped from <200 https://www.waitrose.com/ecom/shop/browse/groceries/toiletries_health_and_beauty/hair_care/shampoo>
{'client': 'Waitrose', 'time': datetime.datetime(2020, 8, 24, 10, 11, 17, 795897), 'category': 'Shampoo', 'id': 'tPp755068-720289-720290', 'prod_name': 'Herbal Essences Aloe Hemp Shampoo', 'waitrose_Qty': '380ml', 'waitrose_discounted_price': '£4.50', 'waitrose_offer_desc': 'Add 2 for £6', 'waitrose_url': 'https://www.waitrose.com/ecom/shop/browse/groceries/toiletries_health_and_beauty/hair_care/shampoo', 'waitrose_rating': None, 'waitrose_unit_price': '(£1.19/100ml)', 'waitrose_new_flag': None, 'waitrose_prod_name': 'Herbal Essences Aloe Hemp Shampoo 380ml', 'images': []}
DEBUG: Scraped from <200 https://www.waitrose.com/ecom/shop/browse/groceries/toiletries_health_and_beauty/hair_care/shampoo>
{'client': 'Waitrose', 'time': datetime.datetime(2020, 8, 24, 10, 11, 17, 795897), 'category': 'Shampoo', 'id': 'tPp810201-352482-352483', 'prod_name': 'Essential Daily Care 2 in 1', 'waitrose_Qty': '300ml', 'waitrose_discounted_price': '80p', 'waitrose_offer_desc': None, 'waitrose_url': 'https://www.waitrose.com/ecom/shop/browse/groceries/toiletries_health_and_beauty/hair_care/shampoo', 'waitrose_rating': '4.3', 'waitrose_unit_price': '(26.7p/100ml)', 'waitrose_new_flag': None, 'waitrose_prod_name': 'Essential Daily Care 2 in 1 300ml', 'images': []}
DEBUG: Scraped from <200 https://www.waitrose.com/ecom/shop/browse/groceries/toiletries_health_and_beauty/hair_care/shampoo>
{'client': 'Waitrose', 'time': datetime.datetime(2020, 8, 24, 10, 11, 17, 795897), 'category': 'Shampoo', 'id': 'tPp735751-154731-154732', 'prod_name': 'Aussie aussome volume shampoo', 'waitrose_Qty': '500ml', 'waitrose_discounted_price': '£6.10', 'waitrose_offer_desc': 'Add 2 for £9', 'waitrose_url': 'https://www.waitrose.com/ecom/shop/browse/groceries/toiletries_health_and_beauty/hair_care/shampoo', 'waitrose_rating': None, 'waitrose_unit_price': '(£1.22/100ml)', 'waitrose_new_flag': None, 'waitrose_prod_name': 'Aussie aussome volume shampoo 500ml', 'images': []}
DEBUG: Scraped from <200 https://www.waitrose.com/ecom/shop/browse/groceries/toiletries_health_and_beauty/hair_care/shampoo>
{'client': 'Waitrose', 'time': datetime.datetime(2020, 8, 24, 10, 11, 17, 795897), 'category': 'Shampoo', 'id': 'tPp626001-88825-88826', 'prod_name': 'Head & Shoulders Shampoo Citrus Fresh', 'waitrose_Qty': '500ml', 'waitrose_discounted_price': '£3.43', 'waitrose_offer_desc': 'Save 1/3.', 'waitrose_url': 'https://www.waitrose.com/ecom/shop/browse/groceries/toiletries_health_and_beauty/hair_care/shampoo', 'waitrose_rating': None, 'waitrose_unit_price': '(68.6p/100ml)', 'waitrose_new_flag': None, 'waitrose_prod_name': 'Head & Shoulders Shampoo Citrus Fresh 500ml', 'images': []}
DEBUG: Scraped from <200 https://www.waitrose.com/ecom/shop/browse/groceries/toiletries_health_and_beauty/hair_care/shampoo>
{'client': 'Waitrose', 'time': datetime.datetime(2020, 8, 24, 10, 11, 17, 795897), 'category': 'Shampoo', 'id': 'tPp740653-352034-352035', 'prod_name': 'essential Waitrose Anti-Dandruff 2 in 1', 'waitrose_Qty': '300ml', 'waitrose_discounted_price': '£1.00', 'waitrose_offer_desc': None, 'waitrose_url': 'https://www.waitrose.com/ecom/shop/browse/groceries/toiletries_health_and_beauty/hair_care/shampoo', 'waitrose_rating': '4', 'waitrose_unit_price': '(33.3p/100ml)', 'waitrose_new_flag': None, 'waitrose_prod_name': 'essential Waitrose Anti-Dandruff 2 in 1 300ml', 'images': []}
DEBUG: Scraped from <200 https://www.waitrose.com/ecom/shop/browse/groceries/toiletries_health_and_beauty/hair_care/shampoo>
{'client': 'Waitrose', 'time': datetime.datetime(2020, 8, 24, 10, 11, 17, 795897), 'category': 'Shampoo', 'id': 'tPp867514-720387-720388', 'prod_name': 'Head & Shoulders Coconut Shampoo', 'waitrose_Qty': '500ml', 'waitrose_discounted_price': '£3.33', 'waitrose_offer_desc': 'Save 1/3.', 'waitrose_url': 'https://www.waitrose.com/ecom/shop/browse/groceries/toiletries_health_and_beauty/hair_care/shampoo', 'waitrose_rating': None, 'waitrose_unit_price': '(66.6p/100ml)', 'waitrose_new_flag': None, 'waitrose_prod_name': 'Head & Shoulders Coconut Shampoo 500ml', 'images': []}
DEBUG: Scraped from <200 https://www.waitrose.com/ecom/shop/browse/groceries/toiletries_health_and_beauty/hair_care/shampoo>
{'client': 'Waitrose', 'time': datetime.datetime(2020, 8, 24, 10, 11, 17, 795897), 'category': 'Shampoo', 'id': 'tPp076232-38732-38733', 'prod_name': 'AOrganic Lavender Shampoo', 'waitrose_Qty': '325ml', 'waitrose_discounted_price': '£7.00', 'waitrose_offer_desc': 'Add 2 for £11', 'waitrose_url': 'https://www.waitrose.com/ecom/shop/browse/groceries/toiletries_health_and_beauty/hair_care/shampoo', 'waitrose_rating': '3.8', 'waitrose_unit_price': '(£2.16/100ml)', 'waitrose_new_flag': None, 'waitrose_prod_name': 'AOrganic Lavender Shampoo 325ml', 'images': []}
DEBUG: Scraped from <200 https://www.waitrose.com/ecom/shop/browse/groceries/toiletries_health_and_beauty/hair_care/shampoo>
{'client': 'Waitrose', 'time': datetime.datetime(2020, 8, 24, 10, 11, 17, 795897), 'category': 'Shampoo', 'id': 'tPp426973-298983-298984', 'prod_name': 'Head & Shoulders 2in1 Apple Fresh', 'waitrose_Qty': '450ml', 'waitrose_discounted_price': '£3.33', 'waitrose_offer_desc': 'Save 1/3.', 'waitrose_url': 'https://www.waitrose.com/ecom/shop/browse/groceries/toiletries_health_and_beauty/hair_care/shampoo', 'waitrose_rating': None, 'waitrose_unit_price': '(74p/100ml)', 'waitrose_new_flag': None, 'waitrose_prod_name': 'Head & Shoulders 2in1 Apple Fresh 450ml', 'images': []}
DEBUG: Scraped from <200 https://www.waitrose.com/ecom/shop/browse/groceries/toiletries_health_and_beauty/hair_care/shampoo>
{'client': 'Waitrose', 'time': datetime.datetime(2020, 8, 24, 10, 11, 17, 795897), 'category': 'Shampoo', 'id': 'tPp865734-216867-216868', 'prod_name': 'Ogx Argan Oil of Morocco Shampoo', 'waitrose_Qty': '385ml', 'waitrose_discounted_price': '£7.00', 'waitrose_offer_desc': 'Add 2 for £10', 'waitrose_url': 'https://www.waitrose.com/ecom/shop/browse/groceries/toiletries_health_and_beauty/hair_care/shampoo', 'waitrose_rating': '3.4', 'waitrose_unit_price': '(£1.82/100ml)', 'waitrose_new_flag': None, 'waitrose_prod_name': 'Ogx Argan Oil of Morocco Shampoo 385ml', 'images': []}
DEBUG: Scraped from <200 https://www.waitrose.com/ecom/shop/browse/groceries/toiletries_health_and_beauty/hair_care/shampoo>
{'client': 'Waitrose', 'time': datetime.datetime(2020, 8, 24, 10, 11, 17, 795897), 'category': 'Shampoo', 'id': 'tPp092708-47659-47660', 'prod_name': 'Vosene Original Shampoo', 'waitrose_Qty': '250ml', 'waitrose_discounted_price': '£2.05', 'waitrose_offer_desc': None, 'waitrose_url': 'https://www.waitrose.com/ecom/shop/browse/groceries/toiletries_health_and_beauty/hair_care/shampoo', 'waitrose_rating': '5', 'waitrose_unit_price': '(82p/100ml)', 'waitrose_new_flag': None, 'waitrose_prod_name': 'Vosene Original Shampoo 250ml', 'images': []}
DEBUG: Scraped from <200 https://www.waitrose.com/ecom/shop/browse/groceries/toiletries_health_and_beauty/hair_care/shampoo>
{'client': 'Waitrose', 'time': datetime.datetime(2020, 8, 24, 10, 11, 17, 795897), 'category': 'Shampoo', 'id': 'tPp027940-13599-13600', 'prod_name': 'Avalon Organics lemon shampoo', 'waitrose_Qty': '325ml', 'waitrose_discounted_price': '£7.00', 'waitrose_offer_desc': 'Add 2 for £11', 'waitrose_url': 'https://www.waitrose.com/ecom/shop/browse/groceries/toiletries_health_and_beauty/hair_care/shampoo', 'waitrose_rating': '3.6', 'waitrose_unit_price': '(£2.16/100ml)', 'waitrose_new_flag': None, 'waitrose_prod_name': 'Avalon Organics lemon shampoo 325ml', 'images': []}
DEBUG: Scraped from <200 https://www.waitrose.com/ecom/shop/browse/groceries/toiletries_health_and_beauty/hair_care/shampoo>
{'client': 'Waitrose', 'time': datetime.datetime(2020, 8, 24, 10, 11, 17, 795897), 'category': 'Shampoo', 'id': 'tPp790782-694215-694216', 'prod_name': 'Pantene 3in1 Smooth & Sleek', 'waitrose_Qty': '450ml', 'waitrose_discounted_price': '£3.75', 'waitrose_offer_desc': 'Add 2 for £5', 'waitrose_url': 'https://www.waitrose.com/ecom/shop/browse/groceries/toiletries_health_and_beauty/hair_care/shampoo', 'waitrose_rating': None, 'waitrose_unit_price': '(83.3p/100ml)', 'waitrose_new_flag': None, 'waitrose_prod_name': 'Pantene 3in1 Smooth & Sleek 450ml', 'images': []}
DEBUG: Scraped from <200 https://www.waitrose.com/ecom/shop/browse/groceries/toiletries_health_and_beauty/hair_care/shampoo>
{'client': 'Waitrose', 'time': datetime.datetime(2020, 8, 24, 10, 11, 17, 795897), 'category': 'Shampoo', 'id': 'tPp662395-154665-154666', 'prod_name': 'Aussie colour mate shampoo', 'waitrose_Qty': '500ml', 'waitrose_discounted_price': '£6.15', 'waitrose_offer_desc': 'Add 2 for £9', 'waitrose_url': 'https://www.waitrose.com/ecom/shop/browse/groceries/toiletries_health_and_beauty/hair_care/shampoo', 'waitrose_rating': None, 'waitrose_unit_price': '(£1.23/100ml)', 'waitrose_new_flag': None, 'waitrose_prod_name': 'Aussie colour mate shampoo 500ml', 'images': []}
DEBUG: Scraped from <200 https://www.waitrose.com/ecom/shop/browse/groceries/toiletries_health_and_beauty/hair_care/shampoo>
{'client': 'Waitrose', 'time': datetime.datetime(2020, 8, 24, 10, 11, 17, 795897), 'category': 'Shampoo', 'id': 'tPp810302-683828-683829', 'prod_name': 'Herbal Essences Deep Repair Shampoo', 'waitrose_Qty': '400ml', 'waitrose_discounted_price': '£4.50', 'waitrose_offer_desc': 'Add 2 for £6', 'waitrose_url': 'https://www.waitrose.com/ecom/shop/browse/groceries/toiletries_health_and_beauty/hair_care/shampoo', 'waitrose_rating': None, 'waitrose_unit_price': '(£1.13/100ml)', 'waitrose_new_flag': None, 'waitrose_prod_name': 'Herbal Essences Deep Repair Shampoo 400ml', 'images': []}
DEBUG: Scraped from <200 https://www.waitrose.com/ecom/shop/browse/groceries/toiletries_health_and_beauty/hair_care/shampoo>
{'client': 'Waitrose', 'time': datetime.datetime(2020, 8, 24, 10, 11, 17, 795897), 'category': 'Shampoo', 'id': 'tPp480728-631267-631268', 'prod_name': 'Ogx Orchid Oil Shampoo', 'waitrose_Qty': '385ml', 'waitrose_discounted_price': '£7.00', 'waitrose_offer_desc': 'Add 2 for £10', 'waitrose_url': 'https://www.waitrose.com/ecom/shop/browse/groceries/toiletries_health_and_beauty/hair_care/shampoo', 'waitrose_rating': '5', 'waitrose_unit_price': '(£1.82/100ml)', 'waitrose_new_flag': None, 'waitrose_prod_name': 'Ogx Orchid Oil Shampoo 385ml', 'images': []}
DEBUG: Scraped from <200 https://www.waitrose.com/ecom/shop/browse/groceries/toiletries_health_and_beauty/hair_care/shampoo>
{'client': 'Waitrose', 'time': datetime.datetime(2020, 8, 24, 10, 11, 17, 795897), 'category': 'Shampoo', 'id': 'tPp799806-683814-683815', 'prod_name': 'Tresemmé Shampoo Moisture Rich', 'waitrose_Qty': '800ml', 'waitrose_discounted_price': '£5.50', 'waitrose_offer_desc': None, 'waitrose_url': 'https://www.waitrose.com/ecom/shop/browse/groceries/toiletries_health_and_beauty/hair_care/shampoo', 'waitrose_rating': None, 'waitrose_unit_price': '(68.8p/100ml)', 'waitrose_new_flag': None, 'waitrose_prod_name': 'Tresemmé Shampoo Moisture Rich 800ml', 'images': []}
DEBUG: Scraped from <200 https://www.waitrose.com/ecom/shop/browse/groceries/toiletries_health_and_beauty/hair_care/shampoo>
{'client': 'Waitrose', 'time': datetime.datetime(2020, 8, 24, 10, 11, 17, 795897), 'category': 'Shampoo', 'id': 'tPp011495-5706-5707', 'prod_name': 'John Frieda Shampoo Touchably Full', 'waitrose_Qty': '250ml', 'waitrose_discounted_price': '£6.00', 'waitrose_offer_desc': None, 'waitrose_url': 'https://www.waitrose.com/ecom/shop/browse/groceries/toiletries_health_and_beauty/hair_care/shampoo', 'waitrose_rating': '4', 'waitrose_unit_price': '(£2.40/100ml)', 'waitrose_new_flag': None, 'waitrose_prod_name': 'John Frieda Shampoo Touchably Full 250ml', 'images': []}
DEBUG: Scraped from <200 https://www.waitrose.com/ecom/shop/browse/groceries/toiletries_health_and_beauty/hair_care/shampoo>
{'client': 'Waitrose', 'time': datetime.datetime(2020, 8, 24, 10, 11, 17, 795897), 'category': 'Shampoo', 'id': 'tPp059421-29947-29948', 'prod_name': 'Aussie Aussome Volume Shampoo', 'waitrose_Qty': '300ml', 'waitrose_discounted_price': '£4.00', 'waitrose_offer_desc': None, 'waitrose_url': 'https://www.waitrose.com/ecom/shop/browse/groceries/toiletries_health_and_beauty/hair_care/shampoo', 'waitrose_rating': '5', 'waitrose_unit_price': '(£1.34/100ml)', 'waitrose_new_flag': None, 'waitrose_prod_name': 'Aussie Aussome Volume Shampoo 300ml', 'images': []}
DEBUG: Scraped from <200 https://www.waitrose.com/ecom/shop/browse/groceries/toiletries_health_and_beauty/hair_care/shampoo>
{'client': 'Waitrose', 'time': datetime.datetime(2020, 8, 24, 10, 11, 17, 795897), 'category': 'Shampoo', 'id': 'tPp464815-154487-154488', 'prod_name': 'Batiste original dry shampoo', 'waitrose_Qty': '200ml', 'waitrose_discounted_price': '£3.00', 'waitrose_offer_desc': None, 'waitrose_url': 'https://www.waitrose.com/ecom/shop/browse/groceries/toiletries_health_and_beauty/hair_care/shampoo', 'waitrose_rating': '5', 'waitrose_unit_price': '(£1.50/100ml)', 'waitrose_new_flag': None, 'waitrose_prod_name': 'Batiste original dry shampoo 200ml', 'images': []}
DEBUG: Scraped from <200 https://www.waitrose.com/ecom/shop/browse/groceries/toiletries_health_and_beauty/hair_care/shampoo>
{'client': 'Waitrose', 'time': datetime.datetime(2020, 8, 24, 10, 11, 17, 795897), 'category': 'Shampoo', 'id': 'tPp714629-729752-729753', 'prod_name': 'OGX Keratin Oil Shampoo', 'waitrose_Qty': '385ml', 'waitrose_discounted_price': '£7.00', 'waitrose_offer_desc': 'Add 2 for £10', 'waitrose_url': 'https://www.waitrose.com/ecom/shop/browse/groceries/toiletries_health_and_beauty/hair_care/shampoo', 'waitrose_rating': None, 'waitrose_unit_price': '(£1.82/100ml)', 'waitrose_new_flag': 'NEW', 'waitrose_prod_name': 'OGX Keratin Oil Shampoo 385ml', 'images': []}
DEBUG: Scraped from <200 https://www.waitrose.com/ecom/shop/browse/groceries/toiletries_health_and_beauty/hair_care/shampoo>
{'client': 'Waitrose', 'time': datetime.datetime(2020, 8, 24, 10, 11, 17, 795897), 'category': 'Shampoo', 'id': 'tPp809690-337194-337195', 'prod_name': 'Head & Shoulders 2in1 Itchy Scalp', 'waitrose_Qty': '450ml', 'waitrose_discounted_price': '£3.43', 'waitrose_offer_desc': 'Save 1/3.', 'waitrose_url': 'https://www.waitrose.com/ecom/shop/browse/groceries/toiletries_health_and_beauty/hair_care/shampoo', 'waitrose_rating': '5', 'waitrose_unit_price': '(76.2p/100ml)', 'waitrose_new_flag': None, 'waitrose_prod_name': 'Head & Shoulders 2in1 Itchy Scalp 450ml', 'images': []}
DEBUG: Scraped from <200 https://www.waitrose.com/ecom/shop/browse/groceries/toiletries_health_and_beauty/hair_care/shampoo>
{'client': 'Waitrose', 'time': datetime.datetime(2020, 8, 24, 10, 11, 17, 795897), 'category': 'Shampoo', 'id': 'tPp694392-98595-98596', 'prod_name': 'Head & Shoulders Shampoo Cool Menthol', 'waitrose_Qty': '500ml', 'waitrose_discounted_price': '£3.43', 'waitrose_offer_desc': 'Save 1/3.', 'waitrose_url': 'https://www.waitrose.com/ecom/shop/browse/groceries/toiletries_health_and_beauty/hair_care/shampoo', 'waitrose_rating': None, 'waitrose_unit_price': '(68.6p/100ml)', 'waitrose_new_flag': None, 'waitrose_prod_name': 'Head & Shoulders Shampoo Cool Menthol 500ml', 'images': []}
DEBUG: Scraped from <200 https://www.waitrose.com/ecom/shop/browse/groceries/toiletries_health_and_beauty/hair_care/shampoo>
{'client': 'Waitrose', 'time': datetime.datetime(2020, 8, 24, 10, 11, 17, 795897), 'category': 'Shampoo', 'id': 'tPp724972-694185-694186', 'prod_name': 'Pantene 3in1 Repair & Protect', 'waitrose_Qty': '450ml', 'waitrose_discounted_price': '£3.75', 'waitrose_offer_desc': 'Add 2 for £5', 'waitrose_url': 'https://www.waitrose.com/ecom/shop/browse/groceries/toiletries_health_and_beauty/hair_care/shampoo', 'waitrose_rating': None, 'waitrose_unit_price': '(83.3p/100ml)', 'waitrose_new_flag': None, 'waitrose_prod_name': 'Pantene 3in1 Repair & Protect 450ml', 'images': []}
DEBUG: Scraped from <200 https://www.waitrose.com/ecom/shop/browse/groceries/toiletries_health_and_beauty/hair_care/shampoo>
{'client': 'Waitrose', 'time': datetime.datetime(2020, 8, 24, 10, 11, 17, 795897), 'category': 'Shampoo', 'id': 'tPp480888-154495-154496', 'prod_name': 'Head & Shoulders Smooth Shampoo', 'waitrose_Qty': '500ml', 'waitrose_discounted_price': '£3.43', 'waitrose_offer_desc': 'Save 1/3.', 'waitrose_url': 'https://www.waitrose.com/ecom/shop/browse/groceries/toiletries_health_and_beauty/hair_care/shampoo', 'waitrose_rating': None, 'waitrose_unit_price': '(68.6p/100ml)', 'waitrose_new_flag': None, 'waitrose_prod_name': 'Head & Shoulders Smooth Shampoo 500ml', 'images': []}
DEBUG: Scraped from <200 https://www.waitrose.com/ecom/shop/browse/groceries/toiletries_health_and_beauty/hair_care/shampoo>
{'client': 'Waitrose', 'time': datetime.datetime(2020, 8, 24, 10, 11, 17, 795897), 'category': 'Shampoo', 'id': 'tPp595050-720203-720204', 'prod_name': 'Herbal Essences Coconut Shampoo', 'waitrose_Qty': '250ml', 'waitrose_discounted_price': '£3.00', 'waitrose_offer_desc': None, 'waitrose_url': 'https://www.waitrose.com/ecom/shop/browse/groceries/toiletries_health_and_beauty/hair_care/shampoo', 'waitrose_rating': None, 'waitrose_unit_price': '(£1.20/100ml)', 'waitrose_new_flag': None, 'waitrose_prod_name': 'Herbal Essences Coconut Shampoo 250ml', 'images': []}
DEBUG: Scraped from <200 https://www.waitrose.com/ecom/shop/browse/groceries/toiletries_health_and_beauty/hair_care/shampoo>
{'client': 'Waitrose', 'time': datetime.datetime(2020, 8, 24, 10, 11, 17, 795897), 'category': 'Shampoo', 'id': 'tPp775870-724036-724037', 'prod_name': 'Faith in Nature Wild Rose Shampoo', 'waitrose_Qty': '400ml', 'waitrose_discounted_price': '£5.79', 'waitrose_offer_desc': None, 'waitrose_url': 'https://www.waitrose.com/ecom/shop/browse/groceries/toiletries_health_and_beauty/hair_care/shampoo', 'waitrose_rating': '5', 'waitrose_unit_price': '(£1.45/100ml)', 'waitrose_new_flag': None, 'waitrose_prod_name': 'Faith in Nature Wild Rose Shampoo 400ml', 'images': []}
DEBUG: Scraped from <200 https://www.waitrose.com/ecom/shop/browse/groceries/toiletries_health_and_beauty/hair_care/shampoo>
{'client': 'Waitrose', 'time': datetime.datetime(2020, 8, 24, 10, 11, 17, 795897), 'category': 'Shampoo', 'id': 'tPp062495-31737-31738', 'prod_name': 'Neutrogena T/Gel shampoo dry hair', 'waitrose_Qty': '125ml', 'waitrose_discounted_price': '£5.15', 'waitrose_offer_desc': None, 'waitrose_url': 'https://www.waitrose.com/ecom/shop/browse/groceries/toiletries_health_and_beauty/hair_care/shampoo', 'waitrose_rating': None, 'waitrose_unit_price': '(£4.12/100ml)', 'waitrose_new_flag': None, 'waitrose_prod_name': 'Neutrogena T/Gel shampoo dry hair 125ml', 'images': []}
DEBUG: Scraped from <200 https://www.waitrose.com/ecom/shop/browse/groceries/toiletries_health_and_beauty/hair_care/shampoo>
{'client': 'Waitrose', 'time': datetime.datetime(2020, 8, 24, 10, 11, 17, 795897), 'category': 'Shampoo', 'id': 'tPp778297-720309-720310', 'prod_name': 'Pantene Grow Strong Shampoo', 'waitrose_Qty': '400ml', 'waitrose_discounted_price': '£3.75', 'waitrose_offer_desc': 'Add 2 for £5', 'waitrose_url': 'https://www.waitrose.com/ecom/shop/browse/groceries/toiletries_health_and_beauty/hair_care/shampoo', 'waitrose_rating': None, 'waitrose_unit_price': '(93.8p/100ml)', 'waitrose_new_flag': None, 'waitrose_prod_name': 'Pantene Grow Strong Shampoo 400ml', 'images': []}
DEBUG: Scraped from <200 https://www.waitrose.com/ecom/shop/browse/groceries/toiletries_health_and_beauty/hair_care/shampoo>
{'client': 'Waitrose', 'time': datetime.datetime(2020, 8, 24, 10, 11, 17, 795897), 'category': 'Shampoo', 'id': 'tPp836383-271490-271491', 'prod_name': 'Head & Shoulders 2in1 citrus care', 'waitrose_Qty': '450ml', 'waitrose_discounted_price': '£3.43', 'waitrose_offer_desc': 'Save 1/3.', 'waitrose_url': 'https://www.waitrose.com/ecom/shop/browse/groceries/toiletries_health_and_beauty/hair_care/shampoo', 'waitrose_rating': None, 'waitrose_unit_price': '(76.2p/100ml)', 'waitrose_new_flag': None, 'waitrose_prod_name': 'Head & Shoulders 2in1 citrus care 450ml', 'images': []}
DEBUG: Scraped from <200 https://www.waitrose.com/ecom/shop/browse/groceries/toiletries_health_and_beauty/hair_care/shampoo>
{'client': 'Waitrose', 'time': datetime.datetime(2020, 8, 24, 10, 11, 17, 795897), 'category': 'Shampoo', 'id': 'tPp425124-59787-59788', 'prod_name': 'Brilliant Brunette Protecting Shampoo', 'waitrose_Qty': '250ml', 'waitrose_discounted_price': '£6.00', 'waitrose_offer_desc': None, 'waitrose_url': 'https://www.waitrose.com/ecom/shop/browse/groceries/toiletries_health_and_beauty/hair_care/shampoo', 'waitrose_rating': None, 'waitrose_unit_price': '(£2.40/100ml)', 'waitrose_new_flag': None, 'waitrose_prod_name': 'Brilliant Brunette Protecting Shampoo 250ml', 'images': []}
DEBUG: Scraped from <200 https://www.waitrose.com/ecom/shop/browse/groceries/toiletries_health_and_beauty/hair_care/shampoo>
{'client': 'Waitrose', 'time': datetime.datetime(2020, 8, 24, 10, 11, 17, 795897), 'category': 'Shampoo', 'id': 'tPp639145-337007-337008', 'prod_name': 'Tresemmé Shampoo Deep Cleansing', 'waitrose_Qty': '800ml', 'waitrose_discounted_price': '£5.50', 'waitrose_offer_desc': None, 'waitrose_url': 'https://www.waitrose.com/ecom/shop/browse/groceries/toiletries_health_and_beauty/hair_care/shampoo', 'waitrose_rating': '5', 'waitrose_unit_price': '(68.8p/100ml)', 'waitrose_new_flag': None, 'waitrose_prod_name': 'Tresemmé Shampoo Deep Cleansing 800ml', 'images': []}
DEBUG: Scraped from <200 https://www.waitrose.com/ecom/shop/browse/groceries/toiletries_health_and_beauty/hair_care/shampoo>
{'client': 'Waitrose', 'time': datetime.datetime(2020, 8, 24, 10, 11, 17, 795897), 'category': 'Shampoo', 'id': 'tPp575547-494836-494837', 'prod_name': 'DGJ Thickening Shampoo', 'waitrose_Qty': '250ml', 'waitrose_discounted_price': '£5.00', 'waitrose_offer_desc': None, 'waitrose_url': 'https://www.waitrose.com/ecom/shop/browse/groceries/toiletries_health_and_beauty/hair_care/shampoo', 'waitrose_rating': '5', 'waitrose_unit_price': '(£2/100ml)', 'waitrose_new_flag': None, 'waitrose_prod_name': 'DGJ Thickening Shampoo 250ml', 'images': []}
DEBUG: Scraped from <200 https://www.waitrose.com/ecom/shop/browse/groceries/toiletries_health_and_beauty/hair_care/shampoo>
{'client': 'Waitrose', 'time': datetime.datetime(2020, 8, 24, 10, 11, 17, 795897), 'category': 'Shampoo', 'id': 'tPp096508-49364-49365', 'prod_name': 'Aussie Miracle Moist Shampoo', 'waitrose_Qty': '300ml', 'waitrose_discounted_price': '£4.10', 'waitrose_offer_desc': None, 'waitrose_url': 'https://www.waitrose.com/ecom/shop/browse/groceries/toiletries_health_and_beauty/hair_care/shampoo', 'waitrose_rating': '3.7', 'waitrose_unit_price': '(£1.37/100ml)', 'waitrose_new_flag': None, 'waitrose_prod_name': 'Aussie Miracle Moist Shampoo 300ml', 'images': []}
DEBUG: Scraped from <200 https://www.waitrose.com/ecom/shop/browse/groceries/toiletries_health_and_beauty/hair_care/shampoo>
{'client': 'Waitrose', 'time': datetime.datetime(2020, 8, 24, 10, 11, 17, 795897), 'category': 'Shampoo', 'id': 'tPp863078-695988-695989', 'prod_name': 'Pantene Hair Biology Full & Vibrant', 'waitrose_Qty': '250ml', 'waitrose_discounted_price': '£2.99', 'waitrose_offer_desc': 'Save 1/3.', 'waitrose_url': 'https://www.waitrose.com/ecom/shop/browse/groceries/toiletries_health_and_beauty/hair_care/shampoo', 'waitrose_rating': None, 'waitrose_unit_price': '(£1.20/100ml)', 'waitrose_new_flag': None, 'waitrose_prod_name': 'Pantene Hair Biology Full & Vibrant 250ml', 'images': []}
DEBUG: Scraped from <200 https://www.waitrose.com/ecom/shop/browse/groceries/toiletries_health_and_beauty/hair_care/shampoo>
{'client': 'Waitrose', 'time': datetime.datetime(2020, 8, 24, 10, 11, 17, 795897), 'category': 'Shampoo', 'id': 'tPp838287-695984-695985', 'prod_name': 'Pantene Hair Biology Illuminating Mask', 'waitrose_Qty': '160ml', 'waitrose_discounted_price': '£2.99', 'waitrose_offer_desc': 'Save 1/3.', 'waitrose_url': 'https://www.waitrose.com/ecom/shop/browse/groceries/toiletries_health_and_beauty/hair_care/shampoo', 'waitrose_rating': None, 'waitrose_unit_price': '(£1.87/100ml)', 'waitrose_new_flag': None, 'waitrose_prod_name': 'Pantene Hair Biology Illuminating Mask 160ml', 'images': []}
DEBUG: Scraped from <200 https://www.waitrose.com/ecom/shop/browse/groceries/toiletries_health_and_beauty/hair_care/shampoo>
{'client': 'Waitrose', 'time': datetime.datetime(2020, 8, 24, 10, 11, 17, 795897), 'category': 'Shampoo', 'id': 'tPp610920-86669-86670', 'prod_name': 'Sheer Blonde Go Blonder Shampoo', 'waitrose_Qty': '250ml', 'waitrose_discounted_price': '£6.00', 'waitrose_offer_desc': None, 'waitrose_url': 'https://www.waitrose.com/ecom/shop/browse/groceries/toiletries_health_and_beauty/hair_care/shampoo', 'waitrose_rating': '3.5', 'waitrose_unit_price': '(£2.40/100ml)', 'waitrose_new_flag': None, 'waitrose_prod_name': 'Sheer Blonde Go Blonder Shampoo 250ml', 'images': []}
DEBUG: Scraped from <200 https://www.waitrose.com/ecom/shop/browse/groceries/toiletries_health_and_beauty/hair_care/shampoo>
{'client': 'Waitrose', 'time': datetime.datetime(2020, 8, 24, 10, 11, 17, 795897), 'category': 'Shampoo', 'id': 'tPp486943-68769-68770', 'prod_name': 'Head & Shoulders 2in1 classic clean', 'waitrose_Qty': '225ml', 'waitrose_discounted_price': '£3.00', 'waitrose_offer_desc': None, 'waitrose_url': 'https://www.waitrose.com/ecom/shop/browse/groceries/toiletries_health_and_beauty/hair_care/shampoo', 'waitrose_rating': '4', 'waitrose_unit_price': '(£1.34/100ml)', 'waitrose_new_flag': None, 'waitrose_prod_name': 'Head & Shoulders 2in1 classic clean 225ml', 'images': []}
DEBUG: Scraped from <200 https://www.waitrose.com/ecom/shop/browse/groceries/toiletries_health_and_beauty/hair_care/shampoo>
{'client': 'Waitrose', 'time': datetime.datetime(2020, 8, 24, 10, 11, 17, 795897), 'category': 'Shampoo', 'id': 'tPp096232-49248-49249', 'prod_name': 'Aussie Mega Shampoo', 'waitrose_Qty': '300ml', 'waitrose_discounted_price': '£4.10', 'waitrose_offer_desc': None, 'waitrose_url': 'https://www.waitrose.com/ecom/shop/browse/groceries/toiletries_health_and_beauty/hair_care/shampoo', 'waitrose_rating': '2.5', 'waitrose_unit_price': '(£1.37/100ml)', 'waitrose_new_flag': None, 'waitrose_prod_name': 'Aussie Mega Shampoo 300ml', 'images': []}
DEBUG: Scraped from <200 https://www.waitrose.com/ecom/shop/browse/groceries/toiletries_health_and_beauty/hair_care/shampoo>
{'client': 'Waitrose', 'time': datetime.datetime(2020, 8, 24, 10, 11, 17, 795897), 'category': 'Shampoo', 'id': 'tPp853982-154925-154926', 'prod_name': 'Batiste blush dry shampoo', 'waitrose_Qty': '200ml', 'waitrose_discounted_price': '£3.00', 'waitrose_offer_desc': None, 'waitrose_url': 'https://www.waitrose.com/ecom/shop/browse/groceries/toiletries_health_and_beauty/hair_care/shampoo', 'waitrose_rating': '4', 'waitrose_unit_price': '(£1.50/100ml)', 'waitrose_new_flag': None, 'waitrose_prod_name': 'Batiste blush dry shampoo 200ml', 'images': []}
DEBUG: Scraped from <200 https://www.waitrose.com/ecom/shop/browse/groceries/toiletries_health_and_beauty/hair_care/shampoo>
{'client': 'Waitrose', 'time': datetime.datetime(2020, 8, 24, 10, 11, 17, 795897), 'category': 'Shampoo', 'id': 'tPp855732-695986-695987', 'prod_name': 'Hair Biology De-Frizz Shampoo', 'waitrose_Qty': '250ml', 'waitrose_discounted_price': '£2.99', 'waitrose_offer_desc': 'Save 1/3.', 'waitrose_url': 'https://www.waitrose.com/ecom/shop/browse/groceries/toiletries_health_and_beauty/hair_care/shampoo', 'waitrose_rating': None, 'waitrose_unit_price': '(£1.20/100ml)', 'waitrose_new_flag': None, 'waitrose_prod_name': 'Hair Biology De-Frizz Shampoo 250ml', 'images': []}
DEBUG: Scraped from <200 https://www.waitrose.com/ecom/shop/browse/groceries/toiletries_health_and_beauty/hair_care/shampoo>
{'client': 'Waitrose', 'time': datetime.datetime(2020, 8, 24, 10, 11, 17, 795897), 'category': 'Shampoo', 'id': 'tPp834106-299691-299692', 'prod_name': 'Head & Shoulders 2in1 smooth & silky', 'waitrose_Qty': '450ml', 'waitrose_discounted_price': '£3.33', 'waitrose_offer_desc': 'Save 1/3.', 'waitrose_url': 'https://www.waitrose.com/ecom/shop/browse/groceries/toiletries_health_and_beauty/hair_care/shampoo', 'waitrose_rating': None, 'waitrose_unit_price': '(74p/100ml)', 'waitrose_new_flag': None, 'waitrose_prod_name': 'Head & Shoulders 2in1 smooth & silky 450ml', 'images': []}
DEBUG: Scraped from <200 https://www.waitrose.com/ecom/shop/browse/groceries/toiletries_health_and_beauty/hair_care/shampoo>
{'client': 'Waitrose', 'time': datetime.datetime(2020, 8, 24, 10, 11, 17, 795897), 'category': 'Shampoo', 'id': 'tPp725068-723986-723987', 'prod_name': 'Faith in Nature Lavender Shampoo', 'waitrose_Qty': '400ml', 'waitrose_discounted_price': '£5.79', 'waitrose_offer_desc': None, 'waitrose_url': 'https://www.waitrose.com/ecom/shop/browse/groceries/toiletries_health_and_beauty/hair_care/shampoo', 'waitrose_rating': None, 'waitrose_unit_price': '(£1.45/100ml)', 'waitrose_new_flag': None, 'waitrose_prod_name': 'Faith in Nature Lavender Shampoo 400ml', 'images': []}
DEBUG: Scraped from <200 https://www.waitrose.com/ecom/shop/browse/groceries/toiletries_health_and_beauty/hair_care/shampoo>
{'client': 'Waitrose', 'time': datetime.datetime(2020, 8, 24, 10, 11, 17, 795897), 'category': 'Shampoo', 'id': 'tPp871494-495182-495183', 'prod_name': 'DGJ Hairjuice Shampoo', 'waitrose_Qty': '250ml', 'waitrose_discounted_price': '£5.00', 'waitrose_offer_desc': None, 'waitrose_url': 'https://www.waitrose.com/ecom/shop/browse/groceries/toiletries_health_and_beauty/hair_care/shampoo', 'waitrose_rating': '5', 'waitrose_unit_price': '(£2/100ml)', 'waitrose_new_flag': None, 'waitrose_prod_name': 'DGJ Hairjuice Shampoo 250ml', 'images': []}
DEBUG: Scraped from <200 https://www.waitrose.com/ecom/shop/browse/groceries/toiletries_health_and_beauty/hair_care/shampoo>
{'client': 'Waitrose', 'time': datetime.datetime(2020, 8, 24, 10, 11, 17, 795897), 'category': 'Shampoo', 'id': 'tPp083596-42439-42440', 'prod_name': 'Aussie Colour Mate Shampoo', 'waitrose_Qty': '300ml', 'waitrose_discounted_price': '£4.10', 'waitrose_offer_desc': None, 'waitrose_url': 'https://www.waitrose.com/ecom/shop/browse/groceries/toiletries_health_and_beauty/hair_care/shampoo', 'waitrose_rating': '5', 'waitrose_unit_price': '(£1.37/100ml)', 'waitrose_new_flag': None, 'waitrose_prod_name': 'Aussie Colour Mate Shampoo 300ml', 'images': []}
DEBUG: Scraped from <200 https://www.waitrose.com/ecom/shop/browse/groceries/toiletries_health_and_beauty/hair_care/shampoo>
{'client': 'Waitrose', 'time': datetime.datetime(2020, 8, 24, 10, 11, 17, 795897), 'category': 'Shampoo', 'id': 'tPp364793-255761-255762', 'prod_name': 'Aussie Miracle Shine Shampoo', 'waitrose_Qty': '300ml', 'waitrose_discounted_price': '£4.00', 'waitrose_offer_desc': None, 'waitrose_url': 'https://www.waitrose.com/ecom/shop/browse/groceries/toiletries_health_and_beauty/hair_care/shampoo', 'waitrose_rating': None, 'waitrose_unit_price': '(£1.34/100ml)', 'waitrose_new_flag': None, 'waitrose_prod_name': 'Aussie Miracle Shine Shampoo 300ml', 'images': []}
DEBUG: Scraped from <200 https://www.waitrose.com/ecom/shop/browse/groceries/toiletries_health_and_beauty/hair_care/shampoo>
{'client': 'Waitrose', 'time': datetime.datetime(2020, 8, 24, 10, 11, 17, 795897), 'category': 'Shampoo', 'id': 'tPp756229-563906-563907', 'prod_name': 'Head & Shoulders 2 in 1 Total Care', 'waitrose_Qty': '225ml', 'waitrose_discounted_price': '£3.00', 'waitrose_offer_desc': None, 'waitrose_url': 'https://www.waitrose.com/ecom/shop/browse/groceries/toiletries_health_and_beauty/hair_care/shampoo', 'waitrose_rating': None, 'waitrose_unit_price': '(£1.34/100ml)', 'waitrose_new_flag': None, 'waitrose_prod_name': 'Head & Shoulders 2 in 1 Total Care 225ml', 'images': []}
DEBUG: Scraped from <200 https://www.waitrose.com/ecom/shop/browse/groceries/toiletries_health_and_beauty/hair_care/shampoo>
{'client': 'Waitrose', 'time': datetime.datetime(2020, 8, 24, 10, 11, 17, 795897), 'category': 'Shampoo', 'id': 'tPp852396-695857-695858', 'prod_name': 'BECO. Honey Blossom Shampoo Bar', 'waitrose_Qty': '90g', 'waitrose_discounted_price': '£4.00', 'waitrose_offer_desc': None, 'waitrose_url': 'https://www.waitrose.com/ecom/shop/browse/groceries/toiletries_health_and_beauty/hair_care/shampoo', 'waitrose_rating': '4.9', 'waitrose_unit_price': '(£4.45/100g)', 'waitrose_new_flag': None, 'waitrose_prod_name': 'BECO. Honey Blossom Shampoo Bar 90g', 'images': []}
DEBUG: Scraped from <200 https://www.waitrose.com/ecom/shop/browse/groceries/toiletries_health_and_beauty/hair_care/shampoo>
{'client': 'Waitrose', 'time': datetime.datetime(2020, 8, 24, 10, 11, 17, 795897), 'category': 'Shampoo', 'id': 'tPp425163-526469-526470', 'prod_name': 'Frizz Ease Shampoo Miraculous Recovery', 'waitrose_Qty': '250ml', 'waitrose_discounted_price': '£6.00', 'waitrose_offer_desc': None, 'waitrose_url': 'https://www.waitrose.com/ecom/shop/browse/groceries/toiletries_health_and_beauty/hair_care/shampoo', 'waitrose_rating': None, 'waitrose_unit_price': '(£2.40/100ml)', 'waitrose_new_flag': None, 'waitrose_prod_name': 'Frizz Ease Shampoo Miraculous Recovery 250ml', 'images': []}
DEBUG: Scraped from <200 https://www.waitrose.com/ecom/shop/browse/groceries/toiletries_health_and_beauty/hair_care/shampoo>
{'client': 'Waitrose', 'time': datetime.datetime(2020, 8, 24, 10, 11, 17, 795897), 'category': 'Shampoo', 'id': 'tPp032765-16025-16026', 'prod_name': "L'Oréal kids shampoo berry strawberry", 'waitrose_Qty': '250ml', 'waitrose_discounted_price': '£2.00', 'waitrose_offer_desc': None, 'waitrose_url': 'https://www.waitrose.com/ecom/shop/browse/groceries/toiletries_health_and_beauty/hair_care/shampoo', 'waitrose_rating': None, 'waitrose_unit_price': '(80p/100ml)', 'waitrose_new_flag': None, 'waitrose_prod_name': "L'Oréal kids shampoo berry strawberry 250ml", 'images': []}
DEBUG: Scraped from <200 https://www.waitrose.com/ecom/shop/browse/groceries/toiletries_health_and_beauty/hair_care/shampoo>
{'client': 'Waitrose', 'time': datetime.datetime(2020, 8, 24, 10, 11, 17, 795897), 'category': 'Shampoo', 'id': 'tPp492090-729670-729671', 'prod_name': 'Percy & Reed Volumising Shampoo', 'waitrose_Qty': '250ml', 'waitrose_discounted_price': '£12.00', 'waitrose_offer_desc': 'Save 1/3.', 'waitrose_url': 'https://www.waitrose.com/ecom/shop/browse/groceries/toiletries_health_and_beauty/hair_care/shampoo', 'waitrose_rating': None, 'waitrose_unit_price': '(£4.80/100ml)', 'waitrose_new_flag': 'NEW', 'waitrose_prod_name': 'Percy & Reed Volumising Shampoo 250ml', 'images': []}
DEBUG: Scraped from <200 https://www.waitrose.com/ecom/shop/browse/groceries/toiletries_health_and_beauty/hair_care/shampoo>
{'client': 'Waitrose', 'time': datetime.datetime(2020, 8, 24, 10, 11, 17, 795897), 'category': 'Shampoo', 'id': 'tPp829437-695831-695832', 'prod_name': 'Umberto Giannini Grow Long Shampoo', 'waitrose_Qty': '250ml', 'waitrose_discounted_price': '£8.00', 'waitrose_offer_desc': None, 'waitrose_url': 'https://www.waitrose.com/ecom/shop/browse/groceries/toiletries_health_and_beauty/hair_care/shampoo', 'waitrose_rating': '5', 'waitrose_unit_price': '(£3.20/100ml)', 'waitrose_new_flag': None, 'waitrose_prod_name': 'Umberto Giannini Grow Long Shampoo 250ml', 'images': []}
DEBUG: Scraped from <200 https://www.waitrose.com/ecom/shop/browse/groceries/toiletries_health_and_beauty/hair_care/shampoo>
{'client': 'Waitrose', 'time': datetime.datetime(2020, 8, 24, 10, 11, 17, 795897), 'category': 'Shampoo', 'id': 'tPp567427-683666-683667', 'prod_name': 'Ogx Charcoal Detox Shampoo', 'waitrose_Qty': '385ml', 'waitrose_discounted_price': '£7.00', 'waitrose_offer_desc': 'Add 2 for £10', 'waitrose_url': 'https://www.waitrose.com/ecom/shop/browse/groceries/toiletries_health_and_beauty/hair_care/shampoo', 'waitrose_rating': None, 'waitrose_unit_price': '(£1.82/100ml)', 'waitrose_new_flag': None, 'waitrose_prod_name': 'Ogx Charcoal Detox Shampoo 385ml', 'images': []}
DEBUG: Scraped from <200 https://www.waitrose.com/ecom/shop/browse/groceries/toiletries_health_and_beauty/hair_care/shampoo>
{'client': 'Waitrose', 'time': datetime.datetime(2020, 8, 24, 10, 11, 17, 795897), 'category': 'Shampoo', 'id': 'tPp889100-330444-330445', 'prod_name': 'AOrganic Rosemary Shampoo', 'waitrose_Qty': '325ml', 'waitrose_discounted_price': '£7.00', 'waitrose_offer_desc': 'Add 2 for £11', 'waitrose_url': 'https://www.waitrose.com/ecom/shop/browse/groceries/toiletries_health_and_beauty/hair_care/shampoo', 'waitrose_rating': '2.5', 'waitrose_unit_price': '(£2.16/100ml)', 'waitrose_new_flag': None, 'waitrose_prod_name': 'AOrganic Rosemary Shampoo 325ml', 'images': []}
DEBUG: Scraped from <200 https://www.waitrose.com/ecom/shop/browse/groceries/toiletries_health_and_beauty/hair_care/shampoo>
{'client': 'Waitrose', 'time': datetime.datetime(2020, 8, 24, 10, 11, 17, 795897), 'category': 'Shampoo', 'id': 'tPp803275-329016-329017', 'prod_name': 'AOrganic Peppermint Shampoo', 'waitrose_Qty': '325ml', 'waitrose_discounted_price': '£7.00', 'waitrose_offer_desc': 'Add 2 for £11', 'waitrose_url': 'https://www.waitrose.com/ecom/shop/browse/groceries/toiletries_health_and_beauty/hair_care/shampoo', 'waitrose_rating': None, 'waitrose_unit_price': '(£2.16/100ml)', 'waitrose_new_flag': None, 'waitrose_prod_name': 'AOrganic Peppermint Shampoo 325ml', 'images': []}
DEBUG: Scraped from <200 https://www.waitrose.com/ecom/shop/browse/groceries/toiletries_health_and_beauty/hair_care/shampoo>
{'client': 'Waitrose', 'time': datetime.datetime(2020, 8, 24, 10, 11, 17, 795897), 'category': 'Shampoo', 'id': 'tPp433216-720111-720112', 'prod_name': 'John Frieda Hydrate & Recharge Shampoo', 'waitrose_Qty': '250ml', 'waitrose_discounted_price': '£5.99', 'waitrose_offer_desc': None, 'waitrose_url': 'https://www.waitrose.com/ecom/shop/browse/groceries/toiletries_health_and_beauty/hair_care/shampoo', 'waitrose_rating': None, 'waitrose_unit_price': '(£2.40/100ml)', 'waitrose_new_flag': None, 'waitrose_prod_name': 'John Frieda Hydrate & Recharge Shampoo 250ml', 'images': []}
DEBUG: Scraped from <200 https://www.waitrose.com/ecom/shop/browse/groceries/toiletries_health_and_beauty/hair_care/shampoo>
{'client': 'Waitrose', 'time': datetime.datetime(2020, 8, 24, 10, 11, 17, 795897), 'category': 'Shampoo', 'id': 'tPp584599-695531-695532', 'prod_name': 'Batiste Dry Shampoo Volume', 'waitrose_Qty': '200ml', 'waitrose_discounted_price': '£4.25', 'waitrose_offer_desc': None, 'waitrose_url': 'https://www.waitrose.com/ecom/shop/browse/groceries/toiletries_health_and_beauty/hair_care/shampoo', 'waitrose_rating': None, 'waitrose_unit_price': '(£2.13/100ml)', 'waitrose_new_flag': None, 'waitrose_prod_name': 'Batiste Dry Shampoo Volume 200ml', 'images': []}
DEBUG: Scraped from <200 https://www.waitrose.com/ecom/shop/browse/groceries/toiletries_health_and_beauty/hair_care/shampoo>
{'client': 'Waitrose', 'time': datetime.datetime(2020, 8, 24, 10, 11, 17, 795897), 'category': 'Shampoo', 'id': 'tPp711086-652694-652695', 'prod_name': 'Head & Shoulders Supreme Moisture', 'waitrose_Qty': '400ml', 'waitrose_discounted_price': '£5.15', 'waitrose_offer_desc': None, 'waitrose_url': 'https://www.waitrose.com/ecom/shop/browse/groceries/toiletries_health_and_beauty/hair_care/shampoo', 'waitrose_rating': None, 'waitrose_unit_price': '(£1.29/100ml)', 'waitrose_new_flag': None, 'waitrose_prod_name': 'Head & Shoulders Supreme Moisture 400ml', 'images': []}
DEBUG: Scraped from <200 https://www.waitrose.com/ecom/shop/browse/groceries/toiletries_health_and_beauty/hair_care/shampoo>
{'client': 'Waitrose', 'time': datetime.datetime(2020, 8, 24, 10, 11, 17, 795897), 'category': 'Shampoo', 'id': 'tPp538896-720173-720174', 'prod_name': 'Herbal Essences Argan Oil Shampoo', 'waitrose_Qty': '250ml', 'waitrose_discounted_price': '£3.00', 'waitrose_offer_desc': None, 'waitrose_url': 'https://www.waitrose.com/ecom/shop/browse/groceries/toiletries_health_and_beauty/hair_care/shampoo', 'waitrose_rating': None, 'waitrose_unit_price': '(£1.20/100ml)', 'waitrose_new_flag': None, 'waitrose_prod_name': 'Herbal Essences Argan Oil Shampoo 250ml', 'images': []}
DEBUG: Scraped from <200 https://www.waitrose.com/ecom/shop/browse/groceries/toiletries_health_and_beauty/hair_care/shampoo>
{'client': 'Waitrose', 'time': datetime.datetime(2020, 8, 24, 10, 11, 17, 795897), 'category': 'Shampoo', 'id': 'tPp686838-346630-346631', 'prod_name': 'Richard Ward argan antiageing shampoo', 'waitrose_Qty': '250ml', 'waitrose_discounted_price': '£6.00', 'waitrose_offer_desc': None, 'waitrose_url': 'https://www.waitrose.com/ecom/shop/browse/groceries/toiletries_health_and_beauty/hair_care/shampoo', 'waitrose_rating': '4.1', 'waitrose_unit_price': '(£2.40/100ml)', 'waitrose_new_flag': None, 'waitrose_prod_name': 'Richard Ward argan antiageing shampoo 250ml', 'images': []}
DEBUG: Scraped from <200 https://www.waitrose.com/ecom/shop/browse/groceries/toiletries_health_and_beauty/hair_care/shampoo>
{'client': 'Waitrose', 'time': datetime.datetime(2020, 8, 24, 10, 11, 17, 795897), 'category': 'Shampoo', 'id': 'tPp884562-720413-720414', 'prod_name': 'Maui Moisture Shea Butter Shampoo', 'waitrose_Qty': '385ml', 'waitrose_discounted_price': '£9.00', 'waitrose_offer_desc': None, 'waitrose_url': 'https://www.waitrose.com/ecom/shop/browse/groceries/toiletries_health_and_beauty/hair_care/shampoo', 'waitrose_rating': None, 'waitrose_unit_price': '(£2.34/100ml)', 'waitrose_new_flag': None, 'waitrose_prod_name': 'Maui Moisture Shea Butter Shampoo 385ml', 'images': []}
DEBUG: Scraped from <200 https://www.waitrose.com/ecom/shop/browse/groceries/toiletries_health_and_beauty/hair_care/shampoo>
{'client': 'Waitrose', 'time': datetime.datetime(2020, 8, 24, 10, 11, 17, 795897), 'category': 'Shampoo', 'id': 'tPp494340-69860-69861', 'prod_name': "Neal's Yard Rose Shampoo", 'waitrose_Qty': '200ml', 'waitrose_discounted_price': '£11.50', 'waitrose_offer_desc': None, 'waitrose_url': 'https://www.waitrose.com/ecom/shop/browse/groceries/toiletries_health_and_beauty/hair_care/shampoo', 'waitrose_rating': '3.1', 'waitrose_unit_price': '(£5.75/100ml)', 'waitrose_new_flag': None, 'waitrose_prod_name': "Neal's Yard Rose Shampoo 200ml", 'images': []}
DEBUG: Scraped from <200 https://www.waitrose.com/ecom/shop/browse/groceries/toiletries_health_and_beauty/hair_care/shampoo>
{'client': 'Waitrose', 'time': datetime.datetime(2020, 8, 24, 10, 11, 17, 795897), 'category': 'Shampoo', 'id': 'tPp844892-695845-695846', 'prod_name': 'Head & Shoulders Colour Protect', 'waitrose_Qty': '400ml', 'waitrose_discounted_price': '£5.00', 'waitrose_offer_desc': None, 'waitrose_url': 'https://www.waitrose.com/ecom/shop/browse/groceries/toiletries_health_and_beauty/hair_care/shampoo', 'waitrose_rating': None, 'waitrose_unit_price': '(£1.25/100ml)', 'waitrose_new_flag': None, 'waitrose_prod_name': 'Head & Shoulders Colour Protect 400ml', 'images': []}
DEBUG: Scraped from <200 https://www.waitrose.com/ecom/shop/browse/groceries/toiletries_health_and_beauty/hair_care/shampoo>
{'client': 'Waitrose', 'time': datetime.datetime(2020, 8, 24, 10, 11, 17, 795897), 'category': 'Shampoo', 'id': 'tPp735040-695707-695708', 'prod_name': 'Vosene Kids 3in1 Tea Tree Shampoo', 'waitrose_Qty': '250ml', 'waitrose_discounted_price': '£2.50', 'waitrose_offer_desc': None, 'waitrose_url': 'https://www.waitrose.com/ecom/shop/browse/groceries/toiletries_health_and_beauty/hair_care/shampoo', 'waitrose_rating': None, 'waitrose_unit_price': '(£1/100ml)', 'waitrose_new_flag': None, 'waitrose_prod_name': 'Vosene Kids 3in1 Tea Tree Shampoo 250ml', 'images': []}
DEBUG: Scraped from <200 https://www.waitrose.com/ecom/shop/browse/groceries/toiletries_health_and_beauty/hair_care/shampoo>
{'client': 'Waitrose', 'time': datetime.datetime(2020, 8, 24, 10, 11, 17, 795897), 'category': 'Shampoo', 'id': 'tPp402915-526384-526385', 'prod_name': 'John Frieda Violet Crush Shampoo', 'waitrose_Qty': '250ml', 'waitrose_discounted_price': '£6.00', 'waitrose_offer_desc': None, 'waitrose_url': 'https://www.waitrose.com/ecom/shop/browse/groceries/toiletries_health_and_beauty/hair_care/shampoo', 'waitrose_rating': '5', 'waitrose_unit_price': '(£2.40/100ml)', 'waitrose_new_flag': None, 'waitrose_prod_name': 'John Frieda Violet Crush Shampoo 250ml', 'images': []}
DEBUG: Scraped from <200 https://www.waitrose.com/ecom/shop/browse/groceries/toiletries_health_and_beauty/hair_care/shampoo>
{'client': 'Waitrose', 'time': datetime.datetime(2020, 8, 24, 10, 11, 17, 795897), 'category': 'Shampoo', 'id': 'tPp405353-729640-729641', 'prod_name': 'Percy & Reed No-Fuss Dry Shampoo', 'waitrose_Qty': '200ml', 'waitrose_discounted_price': '£10.00', 'waitrose_offer_desc': 'Save 1/3.', 'waitrose_url': 'https://www.waitrose.com/ecom/shop/browse/groceries/toiletries_health_and_beauty/hair_care/shampoo', 'waitrose_rating': None, 'waitrose_unit_price': '(£5/100ml)', 'waitrose_new_flag': 'NEW', 'waitrose_prod_name': 'Percy & Reed No-Fuss Dry Shampoo 200ml', 'images': []}
DEBUG: Scraped from <200 https://www.waitrose.com/ecom/shop/browse/groceries/toiletries_health_and_beauty/hair_care/shampoo>
{'client': 'Waitrose', 'time': datetime.datetime(2020, 8, 24, 10, 11, 17, 795897), 'category': 'Shampoo', 'id': 'tPp554742-695503-695504', 'prod_name': 'Umberto Giannini Violet Shampoo', 'waitrose_Qty': '250ml', 'waitrose_discounted_price': '£8.00', 'waitrose_offer_desc': None, 'waitrose_url': 'https://www.waitrose.com/ecom/shop/browse/groceries/toiletries_health_and_beauty/hair_care/shampoo', 'waitrose_rating': None, 'waitrose_unit_price': '(£3.20/100ml)', 'waitrose_new_flag': None, 'waitrose_prod_name': 'Umberto Giannini Violet Shampoo 250ml', 'images': []}
DEBUG: Scraped from <200 https://www.waitrose.com/ecom/shop/browse/groceries/toiletries_health_and_beauty/hair_care/shampoo>
{'client': 'Waitrose', 'time': datetime.datetime(2020, 8, 24, 10, 11, 17, 795897), 'category': 'Shampoo', 'id': 'tPp581644-729702-729703', 'prod_name': 'Percy & Reed Hydrating Shampoo', 'waitrose_Qty': '250ml', 'waitrose_discounted_price': '£12.00', 'waitrose_offer_desc': 'Save 1/3.', 'waitrose_url': 'https://www.waitrose.com/ecom/shop/browse/groceries/toiletries_health_and_beauty/hair_care/shampoo', 'waitrose_rating': None, 'waitrose_unit_price': '(£4.80/100ml)', 'waitrose_new_flag': 'NEW', 'waitrose_prod_name': 'Percy & Reed Hydrating Shampoo 250ml', 'images': []}
DEBUG: Scraped from <200 https://www.waitrose.com/ecom/shop/browse/groceries/toiletries_health_and_beauty/hair_care/shampoo>
{'client': 'Waitrose', 'time': datetime.datetime(2020, 8, 24, 10, 11, 17, 795897), 'category': 'Shampoo', 'id': 'tPp888765-695909-695910', 'prod_name': 'Umberto Giannini Curl Jelly Wash', 'waitrose_Qty': '250ml', 'waitrose_discounted_price': '£8.00', 'waitrose_offer_desc': None, 'waitrose_url': 'https://www.waitrose.com/ecom/shop/browse/groceries/toiletries_health_and_beauty/hair_care/shampoo', 'waitrose_rating': '2.5', 'waitrose_unit_price': '(£3.20/100ml)', 'waitrose_new_flag': None, 'waitrose_prod_name': 'Umberto Giannini Curl Jelly Wash 250ml', 'images': []}
DEBUG: Scraped from <200 https://www.waitrose.com/ecom/shop/browse/groceries/toiletries_health_and_beauty/hair_care/shampoo>
{'client': 'Waitrose', 'time': datetime.datetime(2020, 8, 24, 10, 11, 17, 795897), 'category': 'Shampoo', 'id': 'tPp734002-695705-695706', 'prod_name': 'Percy & Reed Wonder Wash Shampoo', 'waitrose_Qty': '250ml', 'waitrose_discounted_price': '£12.00', 'waitrose_offer_desc': 'Save 1/3.', 'waitrose_url': 'https://www.waitrose.com/ecom/shop/browse/groceries/toiletries_health_and_beauty/hair_care/shampoo', 'waitrose_rating': None, 'waitrose_unit_price': '(£4.80/100ml)', 'waitrose_new_flag': None, 'waitrose_prod_name': 'Percy & Reed Wonder Wash Shampoo 250ml', 'images': []}
DEBUG: Scraped from <200 https://www.waitrose.com/ecom/shop/browse/groceries/toiletries_health_and_beauty/hair_care/shampoo>
{'client': 'Waitrose', 'time': datetime.datetime(2020, 8, 24, 10, 11, 17, 795897), 'category': 'Shampoo', 'id': 'tPp583946-82773-82774', 'prod_name': "Neal's Yard Lavender Shampoo", 'waitrose_Qty': '200ml', 'waitrose_discounted_price': '£11.50', 'waitrose_offer_desc': None, 'waitrose_url': 'https://www.waitrose.com/ecom/shop/browse/groceries/toiletries_health_and_beauty/hair_care/shampoo', 'waitrose_rating': '2.3', 'waitrose_unit_price': '(£5.75/100ml)', 'waitrose_new_flag': None, 'waitrose_prod_name': "Neal's Yard Lavender Shampoo 200ml", 'images': []}
DEBUG: Scraped from <200 https://www.waitrose.com/ecom/shop/browse/groceries/toiletries_health_and_beauty/hair_care/shampoo>
{'client': 'Waitrose', 'time': datetime.datetime(2020, 8, 24, 10, 11, 17, 795897), 'category': 'Shampoo', 'id': 'tPp819563-729788-729789', 'prod_name': 'Aussie Blonde Purple Shampoo', 'waitrose_Qty': '290ml', 'waitrose_discounted_price': '£5.99', 'waitrose_offer_desc': None, 'waitrose_url': 'https://www.waitrose.com/ecom/shop/browse/groceries/toiletries_health_and_beauty/hair_care/shampoo', 'waitrose_rating': None, 'waitrose_unit_price': '(£2.07/100ml)', 'waitrose_new_flag': 'NEW', 'waitrose_prod_name': 'Aussie Blonde Purple Shampoo 290ml', 'images': []}
DEBUG: Scraped from <200 https://www.waitrose.com/ecom/shop/browse/groceries/toiletries_health_and_beauty/hair_care/shampoo>
{'client': 'Waitrose', 'time': datetime.datetime(2020, 8, 24, 10, 11, 17, 795897), 'category': 'Shampoo', 'id': 'tPp847454-724141-724142', 'prod_name': 'Faith in Nature Grapefruit Shampoo', 'waitrose_Qty': '400ml', 'waitrose_discounted_price': '£5.79', 'waitrose_offer_desc': None, 'waitrose_url': 'https://www.waitrose.com/ecom/shop/browse/groceries/toiletries_health_and_beauty/hair_care/shampoo', 'waitrose_rating': None, 'waitrose_unit_price': '(£1.45/100ml)', 'waitrose_new_flag': None, 'waitrose_prod_name': 'Faith in Nature Grapefruit Shampoo 400ml', 'images': []}
DEBUG: Scraped from <200 https://www.waitrose.com/ecom/shop/browse/groceries/toiletries_health_and_beauty/hair_care/shampoo>
{'client': 'Waitrose', 'time': datetime.datetime(2020, 8, 24, 10, 11, 17, 795897), 'category': 'Shampoo', 'id': 'tPp812614-707138-707139', 'prod_name': 'Beco Spring Meadow Shampoo Bar', 'waitrose_Qty': '90g', 'waitrose_discounted_price': '£4.00', 'waitrose_offer_desc': None, 'waitrose_url': 'https://www.waitrose.com/ecom/shop/browse/groceries/toiletries_health_and_beauty/hair_care/shampoo', 'waitrose_rating': '3.3', 'waitrose_unit_price': '(£4.45/100g)', 'waitrose_new_flag': None, 'waitrose_prod_name': 'Beco Spring Meadow Shampoo Bar 90g', 'images': []}
DEBUG: Scraped from <200 https://www.waitrose.com/ecom/shop/browse/groceries/toiletries_health_and_beauty/hair_care/shampoo>
{'client': 'Waitrose', 'time': datetime.datetime(2020, 8, 24, 10, 11, 17, 795897), 'category': 'Shampoo', 'id': 'tPp530991-695493-695494', 'prod_name': 'John Frieda Shampoo Detox & Repair', 'waitrose_Qty': '250ml', 'waitrose_discounted_price': '£6.00', 'waitrose_offer_desc': None, 'waitrose_url': 'https://www.waitrose.com/ecom/shop/browse/groceries/toiletries_health_and_beauty/hair_care/shampoo', 'waitrose_rating': None, 'waitrose_unit_price': '(£2.40/100ml)', 'waitrose_new_flag': None, 'waitrose_prod_name': 'John Frieda Shampoo Detox & Repair 250ml', 'images': []}
DEBUG: Scraped from <200 https://www.waitrose.com/ecom/shop/browse/groceries/toiletries_health_and_beauty/hair_care/shampoo>
{'client': 'Waitrose', 'time': datetime.datetime(2020, 8, 24, 10, 11, 17, 795897), 'category': 'Shampoo', 'id': 'tPp895328-495224-495225', 'prod_name': 'DGJ Kids Detangle Shampoo', 'waitrose_Qty': '250ml', 'waitrose_discounted_price': '£3.50', 'waitrose_offer_desc': None, 'waitrose_url': 'https://www.waitrose.com/ecom/shop/browse/groceries/toiletries_health_and_beauty/hair_care/shampoo', 'waitrose_rating': None, 'waitrose_unit_price': '(£1.40/100ml)', 'waitrose_new_flag': None, 'waitrose_prod_name': 'DGJ Kids Detangle Shampoo 250ml', 'images': []}
DEBUG: Scraped from <200 https://www.waitrose.com/ecom/shop/browse/groceries/toiletries_health_and_beauty/hair_care/shampoo>
{'client': 'Waitrose', 'time': datetime.datetime(2020, 8, 24, 10, 11, 17, 795897), 'category': 'Shampoo', 'id': 'tPp407272-440973-440974', 'prod_name': 'Richard Ward Chelsea Cleanse & Condition', 'waitrose_Qty': '250ml', 'waitrose_discounted_price': '£6.00', 'waitrose_offer_desc': None, 'waitrose_url': 'https://www.waitrose.com/ecom/shop/browse/groceries/toiletries_health_and_beauty/hair_care/shampoo', 'waitrose_rating': '3.7', 'waitrose_unit_price': '(£2.40/100ml)', 'waitrose_new_flag': None, 'waitrose_prod_name': 'Richard Ward Chelsea Cleanse & Condition 250ml', 'images': []}
DEBUG: Scraped from <200 https://www.waitrose.com/ecom/shop/browse/groceries/toiletries_health_and_beauty/hair_care/shampoo>
{'client': 'Waitrose', 'time': datetime.datetime(2020, 8, 24, 10, 11, 17, 795897), 'category': 'Shampoo', 'id': 'tPp051100-25409-25410', 'prod_name': 'Sheer Blonde Moisturising Shampoo', 'waitrose_Qty': '250ml', 'waitrose_discounted_price': '£6.00', 'waitrose_offer_desc': None, 'waitrose_url': 'https://www.waitrose.com/ecom/shop/browse/groceries/toiletries_health_and_beauty/hair_care/shampoo', 'waitrose_rating': '3', 'waitrose_unit_price': '(£2.40/100ml)', 'waitrose_new_flag': None, 'waitrose_prod_name': 'Sheer Blonde Moisturising Shampoo 250ml', 'images': []}
DEBUG: Scraped from <200 https://www.waitrose.com/ecom/shop/browse/groceries/toiletries_health_and_beauty/hair_care/shampoo>
{'client': 'Waitrose', 'time': datetime.datetime(2020, 8, 24, 10, 11, 17, 795897), 'category': 'Shampoo', 'id': 'tPp819340-720339-720340', 'prod_name': 'Head & Shoulders Supreme Shampoo', 'waitrose_Qty': '400ml', 'waitrose_discounted_price': '£5.00', 'waitrose_offer_desc': None, 'waitrose_url': 'https://www.waitrose.com/ecom/shop/browse/groceries/toiletries_health_and_beauty/hair_care/shampoo', 'waitrose_rating': None, 'waitrose_unit_price': '(£1.25/100ml)', 'waitrose_new_flag': None, 'waitrose_prod_name': 'Head & Shoulders Supreme Shampoo 400ml', 'images': []}
DEBUG: Scraped from <200 https://www.waitrose.com/ecom/shop/browse/groceries/toiletries_health_and_beauty/hair_care/shampoo>
{'client': 'Waitrose', 'time': datetime.datetime(2020, 8, 24, 10, 11, 17, 795897), 'category': 'Shampoo', 'id': 'tPp502437-720153-720154', 'prod_name': 'Aussie Calm The Frizz Shampoo', 'waitrose_Qty': '300ml', 'waitrose_discounted_price': '£4.00', 'waitrose_offer_desc': None, 'waitrose_url': 'https://www.waitrose.com/ecom/shop/browse/groceries/toiletries_health_and_beauty/hair_care/shampoo', 'waitrose_rating': None, 'waitrose_unit_price': '(£1.34/100ml)', 'waitrose_new_flag': None, 'waitrose_prod_name': 'Aussie Calm The Frizz Shampoo 300ml', 'images': []}
DEBUG: Scraped from <200 https://www.waitrose.com/ecom/shop/browse/groceries/toiletries_health_and_beauty/hair_care/shampoo>
{'client': 'Waitrose', 'time': datetime.datetime(2020, 8, 24, 10, 11, 17, 795897), 'category': 'Shampoo', 'id': 'tPp414862-695397-695398', 'prod_name': 'Noughty Wave Hello Shampoo', 'waitrose_Qty': '250ml', 'waitrose_discounted_price': '£7.00', 'waitrose_offer_desc': None, 'waitrose_url': 'https://www.waitrose.com/ecom/shop/browse/groceries/toiletries_health_and_beauty/hair_care/shampoo', 'waitrose_rating': None, 'waitrose_unit_price': '(£2.80/100ml)', 'waitrose_new_flag': None, 'waitrose_prod_name': 'Noughty Wave Hello Shampoo 250ml', 'images': []}
DEBUG: Scraped from <200 https://www.waitrose.com/ecom/shop/browse/groceries/toiletries_health_and_beauty/hair_care/shampoo>
{'client': 'Waitrose', 'time': datetime.datetime(2020, 8, 24, 10, 11, 17, 795897), 'category': 'Shampoo', 'id': 'tPp747801-683764-683765', 'prod_name': 'Aussie Shampoo Scent-sational', 'waitrose_Qty': '300ml', 'waitrose_discounted_price': '£4.00', 'waitrose_offer_desc': None, 'waitrose_url': 'https://www.waitrose.com/ecom/shop/browse/groceries/toiletries_health_and_beauty/hair_care/shampoo', 'waitrose_rating': '5', 'waitrose_unit_price': '(£1.34/100ml)', 'waitrose_new_flag': None, 'waitrose_prod_name': 'Aussie Shampoo Scent-sational 300ml', 'images': []}
DEBUG: Scraped from <200 https://www.waitrose.com/ecom/shop/browse/groceries/toiletries_health_and_beauty/hair_care/shampoo>
{'client': 'Waitrose', 'time': datetime.datetime(2020, 8, 24, 10, 11, 17, 795897), 'category': 'Shampoo', 'id': 'tPp502050-631293-631294', 'prod_name': 'Hask Argan Oil Repairing Shampoo', 'waitrose_Qty': '355ml', 'waitrose_discounted_price': '£7.00', 'waitrose_offer_desc': None, 'waitrose_url': 'https://www.waitrose.com/ecom/shop/browse/groceries/toiletries_health_and_beauty/hair_care/shampoo', 'waitrose_rating': '3.7', 'waitrose_unit_price': '(£1.98/100ml)', 'waitrose_new_flag': None, 'waitrose_prod_name': 'Hask Argan Oil Repairing Shampoo 355ml', 'images': []}
DEBUG: Scraped from <200 https://www.waitrose.com/ecom/shop/browse/groceries/toiletries_health_and_beauty/hair_care/shampoo>
{'client': 'Waitrose', 'time': datetime.datetime(2020, 8, 24, 10, 11, 17, 795897), 'category': 'Shampoo', 'id': 'tPp702159-494964-494965', 'prod_name': 'DGJ Argan Oil Shampoo', 'waitrose_Qty': '250ml', 'waitrose_discounted_price': '£5.00', 'waitrose_offer_desc': None, 'waitrose_url': 'https://www.waitrose.com/ecom/shop/browse/groceries/toiletries_health_and_beauty/hair_care/shampoo', 'waitrose_rating': None, 'waitrose_unit_price': '(£2/100ml)', 'waitrose_new_flag': None, 'waitrose_prod_name': 'DGJ Argan Oil Shampoo 250ml', 'images': []}
DEBUG: Scraped from <200 https://www.waitrose.com/ecom/shop/browse/groceries/toiletries_health_and_beauty/hair_care/shampoo>
{'client': 'Waitrose', 'time': datetime.datetime(2020, 8, 24, 10, 11, 17, 795897), 'category': 'Shampoo', 'id': 'tPp687186-337057-337058', 'prod_name': 'Argan + Argan Oil Rejuvenating Shampoo', 'waitrose_Qty': '300ml', 'waitrose_discounted_price': '£6.00', 'waitrose_offer_desc': None, 'waitrose_url': 'https://www.waitrose.com/ecom/shop/browse/groceries/toiletries_health_and_beauty/hair_care/shampoo', 'waitrose_rating': '5', 'waitrose_unit_price': '(£2/100ml)', 'waitrose_new_flag': None, 'waitrose_prod_name': 'Argan + Argan Oil Rejuvenating Shampoo 300ml', 'images': []}
DEBUG: Scraped from <200 https://www.waitrose.com/ecom/shop/browse/groceries/toiletries_health_and_beauty/hair_care/shampoo>
{'client': 'Waitrose', 'time': datetime.datetime(2020, 8, 24, 10, 11, 17, 795897), 'category': 'Shampoo', 'id': 'tPp065299-33095-33096', 'prod_name': 'Frizz Ease Dream Curls Shampoo', 'waitrose_Qty': '250ml', 'waitrose_discounted_price': '£6.00', 'waitrose_offer_desc': None, 'waitrose_url': 'https://www.waitrose.com/ecom/shop/browse/groceries/toiletries_health_and_beauty/hair_care/shampoo', 'waitrose_rating': '5', 'waitrose_unit_price': '(£2.40/100ml)', 'waitrose_new_flag': None, 'waitrose_prod_name': 'Frizz Ease Dream Curls Shampoo 250ml', 'images': []}
DEBUG: Scraped from <200 https://www.waitrose.com/ecom/shop/browse/groceries/toiletries_health_and_beauty/hair_care/shampoo>
{'client': 'Waitrose', 'time': datetime.datetime(2020, 8, 24, 10, 11, 17, 795897), 'category': 'Shampoo', 'id': 'tPp563832-295347-295348', 'prod_name': 'Argan + Argan Oil 5Oil Miracle Shampoo', 'waitrose_Qty': '300ml', 'waitrose_discounted_price': '£6.00', 'waitrose_offer_desc': None, 'waitrose_url': 'https://www.waitrose.com/ecom/shop/browse/groceries/toiletries_health_and_beauty/hair_care/shampoo', 'waitrose_rating': '5', 'waitrose_unit_price': '(£2/100ml)', 'waitrose_new_flag': None, 'waitrose_prod_name': 'Argan + Argan Oil 5Oil Miracle Shampoo 300ml', 'images': []}
DEBUG: Scraped from <200 https://www.waitrose.com/ecom/shop/browse/groceries/toiletries_health_and_beauty/hair_care/shampoo>
{'client': 'Waitrose', 'time': datetime.datetime(2020, 8, 24, 10, 11, 17, 795897), 'category': 'Shampoo', 'id': 'tPp547359-720175-720176', 'prod_name': 'Maui Moisture Bamboo Shampoo', 'waitrose_Qty': '385ml', 'waitrose_discounted_price': '£9.00', 'waitrose_offer_desc': None, 'waitrose_url': 'https://www.waitrose.com/ecom/shop/browse/groceries/toiletries_health_and_beauty/hair_care/shampoo', 'waitrose_rating': '5', 'waitrose_unit_price': '(£2.34/100ml)', 'waitrose_new_flag': None, 'waitrose_prod_name': 'Maui Moisture Bamboo Shampoo 385ml', 'images': []}
DEBUG: Scraped from <200 https://www.waitrose.com/ecom/shop/browse/groceries/toiletries_health_and_beauty/hair_care/shampoo>
{'client': 'Waitrose', 'time': datetime.datetime(2020, 8, 24, 10, 11, 17, 795897), 'category': 'Shampoo', 'id': 'tPp527154-720165-720166', 'prod_name': 'Maui Moisture Hibiscus Water', 'waitrose_Qty': '385ml', 'waitrose_discounted_price': '£9.00', 'waitrose_offer_desc': None, 'waitrose_url': 'https://www.waitrose.com/ecom/shop/browse/groceries/toiletries_health_and_beauty/hair_care/shampoo', 'waitrose_rating': None, 'waitrose_unit_price': '(£2.34/100ml)', 'waitrose_new_flag': None, 'waitrose_prod_name': 'Maui Moisture Hibiscus Water 385ml', 'images': []}
DEBUG: Scraped from <200 https://www.waitrose.com/ecom/shop/browse/groceries/toiletries_health_and_beauty/hair_care/shampoo>
{'client': 'Waitrose', 'time': datetime.datetime(2020, 8, 24, 10, 11, 17, 795897), 'category': 'Shampoo', 'id': 'tPp567481-719558-719559', 'prod_name': 'Fit Kit Gentle Shampoo &Conditioner', 'waitrose_Qty': '200ml', 'waitrose_discounted_price': '£3.99', 'waitrose_offer_desc': None, 'waitrose_url': 'https://www.waitrose.com/ecom/shop/browse/groceries/toiletries_health_and_beauty/hair_care/shampoo', 'waitrose_rating': '5', 'waitrose_unit_price': '(£2/100ml)', 'waitrose_new_flag': None, 'waitrose_prod_name': 'Fit Kit Gentle Shampoo &Conditioner 200ml', 'images': []}
DEBUG: Scraped from <200 https://www.waitrose.com/ecom/shop/browse/groceries/toiletries_health_and_beauty/hair_care/shampoo>
{'client': 'Waitrose', 'time': datetime.datetime(2020, 8, 24, 10, 11, 17, 795897), 'category': 'Shampoo', 'id': 'tPp649492-695625-695626', 'prod_name': 'Vosene Kids 2in1 Melon Shampoo', 'waitrose_Qty': '250ml', 'waitrose_discounted_price': '£2.00', 'waitrose_offer_desc': None, 'waitrose_url': 'https://www.waitrose.com/ecom/shop/browse/groceries/toiletries_health_and_beauty/hair_care/shampoo', 'waitrose_rating': None, 'waitrose_unit_price': '(80p/100ml)', 'waitrose_new_flag': None, 'waitrose_prod_name': 'Vosene Kids 2in1 Melon Shampoo 250ml', 'images': []}
DEBUG: Scraped from <200 https://www.waitrose.com/ecom/shop/browse/groceries/toiletries_health_and_beauty/hair_care/shampoo>
{'client': 'Waitrose', 'time': datetime.datetime(2020, 8, 24, 10, 11, 17, 795897), 'category': 'Shampoo', 'id': 'tPp623864-695587-695588', 'prod_name': 'Noughty Care Taker Shampoo', 'waitrose_Qty': '250ml', 'waitrose_discounted_price': '£7.00', 'waitrose_offer_desc': None, 'waitrose_url': 'https://www.waitrose.com/ecom/shop/browse/groceries/toiletries_health_and_beauty/hair_care/shampoo', 'waitrose_rating': '4', 'waitrose_unit_price': '(£2.80/100ml)', 'waitrose_new_flag': None, 'waitrose_prod_name': 'Noughty Care Taker Shampoo 250ml', 'images': []}
DEBUG: Scraped from <200 https://www.waitrose.com/ecom/shop/browse/groceries/toiletries_health_and_beauty/hair_care/shampoo>
{'client': 'Waitrose', 'time': datetime.datetime(2020, 8, 24, 10, 11, 17, 795897), 'category': 'Shampoo', 'id': 'tPp725372-631511-631512', 'prod_name': 'Hask Moni Coconut Oil Shampoo', 'waitrose_Qty': '355ml', 'waitrose_discounted_price': '£7.00', 'waitrose_offer_desc': None, 'waitrose_url': 'https://www.waitrose.com/ecom/shop/browse/groceries/toiletries_health_and_beauty/hair_care/shampoo', 'waitrose_rating': None, 'waitrose_unit_price': '(£1.98/100ml)', 'waitrose_new_flag': None, 'waitrose_prod_name': 'Hask Moni Coconut Oil Shampoo 355ml', 'images': []}
DEBUG: Scraped from <200 https://www.waitrose.com/ecom/shop/browse/groceries/toiletries_health_and_beauty/hair_care/shampoo>
{'client': 'Waitrose', 'time': datetime.datetime(2020, 8, 24, 10, 11, 17, 795897), 'category': 'Shampoo', 'id': 'tPp895244-495222-495223', 'prod_name': 'DGJ Clarifying Shampoo', 'waitrose_Qty': '250ml', 'waitrose_discounted_price': '£5.00', 'waitrose_offer_desc': None, 'waitrose_url': 'https://www.waitrose.com/ecom/shop/browse/groceries/toiletries_health_and_beauty/hair_care/shampoo', 'waitrose_rating': None, 'waitrose_unit_price': '(£2/100ml)', 'waitrose_new_flag': None, 'waitrose_prod_name': 'DGJ Clarifying Shampoo 250ml', 'images': []}
DEBUG: Scraped from <200 https://www.waitrose.com/ecom/shop/browse/groceries/toiletries_health_and_beauty/hair_care/shampoo>
{'client': 'Waitrose', 'time': datetime.datetime(2020, 8, 24, 10, 11, 17, 795897), 'category': 'Shampoo', 'id': 'tPp861587-154949-154950', 'prod_name': 'Batiste dark & deep brown dry shampoo', 'waitrose_Qty': '200ml', 'waitrose_discounted_price': '£4.00', 'waitrose_offer_desc': None, 'waitrose_url': 'https://www.waitrose.com/ecom/shop/browse/groceries/toiletries_health_and_beauty/hair_care/shampoo', 'waitrose_rating': None, 'waitrose_unit_price': '(£2/100ml)', 'waitrose_new_flag': None, 'waitrose_prod_name': 'Batiste dark & deep brown dry shampoo 200ml', 'images': []}
DEBUG: Scraped from <200 https://www.waitrose.com/ecom/shop/browse/groceries/toiletries_health_and_beauty/hair_care/shampoo>
{'client': 'Waitrose', 'time': datetime.datetime(2020, 8, 24, 10, 11, 17, 795897), 'category': 'Shampoo', 'id': 'tPp703131-695681-695682', 'prod_name': 'Head & Shoulders Repair Shampoo', 'waitrose_Qty': '400ml', 'waitrose_discounted_price': '£5.00', 'waitrose_offer_desc': None, 'waitrose_url': 'https://www.waitrose.com/ecom/shop/browse/groceries/toiletries_health_and_beauty/hair_care/shampoo', 'waitrose_rating': '4', 'waitrose_unit_price': '(£1.25/100ml)', 'waitrose_new_flag': None, 'waitrose_prod_name': 'Head & Shoulders Repair Shampoo 400ml', 'images': []}
DEBUG: Scraped from <200 https://www.waitrose.com/ecom/shop/browse/groceries/toiletries_health_and_beauty/hair_care/shampoo>
{'client': 'Waitrose', 'time': datetime.datetime(2020, 8, 24, 10, 11, 17, 795897), 'category': 'Shampoo', 'id': 'tPp657930-695639-695640', 'prod_name': 'Noughty Pumped Up Shampoo', 'waitrose_Qty': '250ml', 'waitrose_discounted_price': '£7.00', 'waitrose_offer_desc': None, 'waitrose_url': 'https://www.waitrose.com/ecom/shop/browse/groceries/toiletries_health_and_beauty/hair_care/shampoo', 'waitrose_rating': '5', 'waitrose_unit_price': '(£2.80/100ml)', 'waitrose_new_flag': None, 'waitrose_prod_name': 'Noughty Pumped Up Shampoo 250ml', 'images': []}
DEBUG: Scraped from <200 https://www.waitrose.com/ecom/shop/browse/groceries/toiletries_health_and_beauty/hair_care/shampoo>
{'client': 'Waitrose', 'time': datetime.datetime(2020, 8, 24, 10, 11, 17, 795897), 'category': 'Shampoo', 'id': 'tPp453160-695433-695434', 'prod_name': 'Argan+ Long & Strong Shampoo', 'waitrose_Qty': '300ml', 'waitrose_discounted_price': '£6.00', 'waitrose_offer_desc': None, 'waitrose_url': 'https://www.waitrose.com/ecom/shop/browse/groceries/toiletries_health_and_beauty/hair_care/shampoo', 'waitrose_rating': None, 'waitrose_unit_price': '(£2/100ml)', 'waitrose_new_flag': None, 'waitrose_prod_name': 'Argan+ Long & Strong Shampoo 300ml', 'images': []}
DEBUG: Scraped from <200 https://www.waitrose.com/ecom/shop/browse/groceries/toiletries_health_and_beauty/hair_care/shampoo>
{'client': 'Waitrose', 'time': datetime.datetime(2020, 8, 24, 10, 11, 17, 795897), 'category': 'Shampoo', 'id': 'tPp401660-588303-588304', 'prod_name': 'Richard Ward Brunette Shampoo', 'waitrose_Qty': '250ml', 'waitrose_discounted_price': '£6.00', 'waitrose_offer_desc': None, 'waitrose_url': 'https://www.waitrose.com/ecom/shop/browse/groceries/toiletries_health_and_beauty/hair_care/shampoo', 'waitrose_rating': '5', 'waitrose_unit_price': '(£2.40/100ml)', 'waitrose_new_flag': None, 'waitrose_prod_name': 'Richard Ward Brunette Shampoo 250ml', 'images': []}
DEBUG: Scraped from <200 https://www.waitrose.com/ecom/shop/browse/groceries/toiletries_health_and_beauty/hair_care/shampoo>
{'client': 'Waitrose', 'time': datetime.datetime(2020, 8, 24, 10, 11, 17, 795897), 'category': 'Shampoo', 'id': 'tPp755186-495024-495025', 'prod_name': 'DGJ Colour Save Shampoo', 'waitrose_Qty': '250ml', 'waitrose_discounted_price': '£5.00', 'waitrose_offer_desc': None, 'waitrose_url': 'https://www.waitrose.com/ecom/shop/browse/groceries/toiletries_health_and_beauty/hair_care/shampoo', 'waitrose_rating': None, 'waitrose_unit_price': '(£2/100ml)', 'waitrose_new_flag': None, 'waitrose_prod_name': 'DGJ Colour Save Shampoo 250ml', 'images': []}
DEBUG: Scraped from <200 https://www.waitrose.com/ecom/shop/browse/groceries/toiletries_health_and_beauty/hair_care/shampoo>
{'client': 'Waitrose', 'time': datetime.datetime(2020, 8, 24, 10, 11, 17, 795897), 'category': 'Shampoo', 'id': 'tPp745828-495012-495013', 'prod_name': 'DGJ Kids Lice Repel Shampoo', 'waitrose_Qty': '250ml', 'waitrose_discounted_price': '£3.50', 'waitrose_offer_desc': None, 'waitrose_url': 'https://www.waitrose.com/ecom/shop/browse/groceries/toiletries_health_and_beauty/hair_care/shampoo', 'waitrose_rating': None, 'waitrose_unit_price': '(£1.40/100ml)', 'waitrose_new_flag': None, 'waitrose_prod_name': 'DGJ Kids Lice Repel Shampoo 250ml', 'images': []}
DEBUG: Scraped from <200 https://www.waitrose.com/ecom/shop/browse/groceries/toiletries_health_and_beauty/hair_care/shampoo>
{'client': 'Waitrose', 'time': datetime.datetime(2020, 8, 24, 10, 11, 17, 795897), 'category': 'Shampoo', 'id': 'tPp816738-442231-442232', 'prod_name': 'SensSpa Nourishing Shampoo', 'waitrose_Qty': '250ml', 'waitrose_discounted_price': '£6.00', 'waitrose_offer_desc': None, 'waitrose_url': 'https://www.waitrose.com/ecom/shop/browse/groceries/toiletries_health_and_beauty/hair_care/shampoo', 'waitrose_rating': '2.6', 'waitrose_unit_price': '(£2.40/100ml)', 'waitrose_new_flag': None, 'waitrose_prod_name': 'SensSpa Nourishing Shampoo 250ml', 'images': []}
DEBUG: Scraped from <200 https://www.waitrose.com/ecom/shop/browse/groceries/toiletries_health_and_beauty/hair_care/shampoo>
{'client': 'Waitrose', 'time': datetime.datetime(2020, 8, 24, 10, 11, 17, 795897), 'category': 'Shampoo', 'id': 'tPp833802-337290-337291', 'prod_name': 'Aussie Miracle Moist Spray', 'waitrose_Qty': '250ml', 'waitrose_discounted_price': '£5.15', 'waitrose_offer_desc': None, 'waitrose_url': 'https://www.waitrose.com/ecom/shop/browse/groceries/toiletries_health_and_beauty/hair_care/shampoo', 'waitrose_rating': None, 'waitrose_unit_price': '(£2.06/100ml)', 'waitrose_new_flag': None, 'waitrose_prod_name': 'Aussie Miracle Moist Spray 250ml', 'images': []}
DEBUG: Scraped from <200 https://www.waitrose.com/ecom/shop/browse/groceries/toiletries_health_and_beauty/hair_care/shampoo>
{'client': 'Waitrose', 'time': datetime.datetime(2020, 8, 24, 10, 11, 17, 795897), 'category': 'Shampoo', 'id': 'tPp567431-729696-729697', 'prod_name': 'Batiste Dry Shampoo for Blondes', 'waitrose_Qty': '200ml', 'waitrose_discounted_price': '£4.00', 'waitrose_offer_desc': None, 'waitrose_url': 'https://www.waitrose.com/ecom/shop/browse/groceries/toiletries_health_and_beauty/hair_care/shampoo', 'waitrose_rating': None, 'waitrose_unit_price': '(£2/100ml)', 'waitrose_new_flag': 'NEW', 'waitrose_prod_name': 'Batiste Dry Shampoo for Blondes 200ml', 'images': []}
DEBUG: Scraped from <200 https://www.waitrose.com/ecom/shop/browse/groceries/toiletries_health_and_beauty/hair_care/shampoo>
{'client': 'Waitrose', 'time': datetime.datetime(2020, 8, 24, 10, 11, 17, 795897), 'category': 'Shampoo', 'id': 'tPp808436-720325-720326', 'prod_name': 'Hask Biotin Boost Shampoo', 'waitrose_Qty': '355ml', 'waitrose_discounted_price': '£7.00', 'waitrose_offer_desc': None, 'waitrose_url': 'https://www.waitrose.com/ecom/shop/browse/groceries/toiletries_health_and_beauty/hair_care/shampoo', 'waitrose_rating': None, 'waitrose_unit_price': '(£1.98/100ml)', 'waitrose_new_flag': None, 'waitrose_prod_name': 'Hask Biotin Boost Shampoo 355ml', 'images': []}
DEBUG: Scraped from <200 https://www.waitrose.com/ecom/shop/browse/groceries/toiletries_health_and_beauty/hair_care/shampoo>
{'client': 'Waitrose', 'time': datetime.datetime(2020, 8, 24, 10, 11, 17, 795897), 'category': 'Shampoo', 'id': 'tPp663502-695641-695642', 'prod_name': 'Noughty To The Rescue Shampoo', 'waitrose_Qty': '250ml', 'waitrose_discounted_price': '£7.00', 'waitrose_offer_desc': None, 'waitrose_url': 'https://www.waitrose.com/ecom/shop/browse/groceries/toiletries_health_and_beauty/hair_care/shampoo', 'waitrose_rating': '5', 'waitrose_unit_price': '(£2.80/100ml)', 'waitrose_new_flag': None, 'waitrose_prod_name': 'Noughty To The Rescue Shampoo 250ml', 'images': []}
DEBUG: Scraped from <200 https://www.waitrose.com/ecom/shop/browse/groceries/toiletries_health_and_beauty/hair_care/shampoo>
{'client': 'Waitrose', 'time': datetime.datetime(2020, 8, 24, 10, 11, 17, 795897), 'category': 'Shampoo', 'id': 'tPp645178-695617-695618', 'prod_name': 'John Frieda Shampoo Weightless Wonder', 'waitrose_Qty': '250ml', 'waitrose_discounted_price': '£6.00', 'waitrose_offer_desc': None, 'waitrose_url': 'https://www.waitrose.com/ecom/shop/browse/groceries/toiletries_health_and_beauty/hair_care/shampoo', 'waitrose_rating': '4.6', 'waitrose_unit_price': '(£2.40/100ml)', 'waitrose_new_flag': None, 'waitrose_prod_name': 'John Frieda Shampoo Weightless Wonder 250ml', 'images': []}
DEBUG: Scraped from <200 https://www.waitrose.com/ecom/shop/browse/groceries/toiletries_health_and_beauty/hair_care/shampoo>
{'client': 'Waitrose', 'time': datetime.datetime(2020, 8, 24, 10, 11, 17, 795897), 'category': 'Shampoo', 'id': 'tPp631829-695597-695598', 'prod_name': 'Noughty Detox Dynamo Shampoo', 'waitrose_Qty': '250ml', 'waitrose_discounted_price': '£7.00', 'waitrose_offer_desc': None, 'waitrose_url': 'https://www.waitrose.com/ecom/shop/browse/groceries/toiletries_health_and_beauty/hair_care/shampoo', 'waitrose_rating': None, 'waitrose_unit_price': '(£2.80/100ml)', 'waitrose_new_flag': None, 'waitrose_prod_name': 'Noughty Detox Dynamo Shampoo 250ml', 'images': []}
DEBUG: Scraped from <200 https://www.waitrose.com/ecom/shop/browse/groceries/toiletries_health_and_beauty/hair_care/shampoo>
{'client': 'Waitrose', 'time': datetime.datetime(2020, 8, 24, 10, 11, 17, 795897), 'category': 'Shampoo', 'id': 'tPp603087-695555-695556', 'prod_name': 'Noughty Colour Bomb Shampoo', 'waitrose_Qty': '250ml', 'waitrose_discounted_price': '£7.00', 'waitrose_offer_desc': None, 'waitrose_url': 'https://www.waitrose.com/ecom/shop/browse/groceries/toiletries_health_and_beauty/hair_care/shampoo', 'waitrose_rating': '3', 'waitrose_unit_price': '(£2.80/100ml)', 'waitrose_new_flag': None, 'waitrose_prod_name': 'Noughty Colour Bomb Shampoo 250ml', 'images': []}
DEBUG: Scraped from <200 https://www.waitrose.com/ecom/shop/browse/groceries/toiletries_health_and_beauty/hair_care/shampoo>
{'client': 'Waitrose', 'time': datetime.datetime(2020, 8, 24, 10, 11, 17, 795897), 'category': 'Shampoo', 'id': 'tPp591666-681031-681032', 'prod_name': 'Pure Grace Shower Gel', 'waitrose_Qty': '480ml', 'waitrose_discounted_price': '£19.50', 'waitrose_offer_desc': None, 'waitrose_url': 'https://www.waitrose.com/ecom/shop/browse/groceries/toiletries_health_and_beauty/hair_care/shampoo', 'waitrose_rating': None, 'waitrose_unit_price': '(£4.07/100ml)', 'waitrose_new_flag': None, 'waitrose_prod_name': 'Pure Grace Shower Gel 480ml', 'images': []}
DEBUG: Scraped from <200 https://www.waitrose.com/ecom/shop/browse/groceries/toiletries_health_and_beauty/hair_care/shampoo>
{'client': 'Waitrose', 'time': datetime.datetime(2020, 8, 24, 10, 11, 17, 795897), 'category': 'Shampoo', 'id': 'tPp492466-631281-631282', 'prod_name': 'Hask Keratin Protein Smoothing Shampoo', 'waitrose_Qty': '355ml', 'waitrose_discounted_price': '£7.00', 'waitrose_offer_desc': None, 'waitrose_url': 'https://www.waitrose.com/ecom/shop/browse/groceries/toiletries_health_and_beauty/hair_care/shampoo', 'waitrose_rating': None, 'waitrose_unit_price': '(£1.98/100ml)', 'waitrose_new_flag': None, 'waitrose_prod_name': 'Hask Keratin Protein Smoothing Shampoo 355ml', 'images': []}
DEBUG: Scraped from <200 https://www.waitrose.com/ecom/shop/browse/groceries/toiletries_health_and_beauty/hair_care/shampoo>
{'client': 'Waitrose', 'time': datetime.datetime(2020, 8, 24, 10, 11, 17, 795897), 'category': 'Shampoo', 'id': 'tPp807825-473364-473365', 'prod_name': 'SenSpa Deep Cleanse Shampoo', 'waitrose_Qty': '250ml', 'waitrose_discounted_price': '£6.00', 'waitrose_offer_desc': None, 'waitrose_url': 'https://www.waitrose.com/ecom/shop/browse/groceries/toiletries_health_and_beauty/hair_care/shampoo', 'waitrose_rating': '3.7', 'waitrose_unit_price': '(£2.40/100ml)', 'waitrose_new_flag': None, 'waitrose_prod_name': 'SenSpa Deep Cleanse Shampoo 250ml', 'images': []}
INFO: Closing spider (finished)
INFO: Stored json feed (140 items) in: waitrose_082420.json
INFO: Dumping Scrapy stats:
{'downloader/request_bytes': 2588,
 'downloader/request_count': 1,
 'downloader/request_method_count/POST': 1,
 'downloader/response_bytes': 1492688,
 'downloader/response_count': 1,
 'downloader/response_status_count/200': 1,
 'finish_reason': 'finished',
 'finish_time': datetime.datetime(2020, 8, 24, 4, 42, 33, 941765),
 'item_scraped_count': 140,
 'log_count/DEBUG': 141,
 'log_count/INFO': 11,
 'log_count/WARNING': 1,
 'response_received_count': 1,
 'scheduler/dequeued': 2,
 'scheduler/dequeued/memory': 2,
 'scheduler/enqueued': 2,
 'scheduler/enqueued/memory': 2,
 'splash/execute/request_count': 1,
 'splash/execute/response_count/200': 1,
 'start_time': datetime.datetime(2020, 8, 24, 4, 41, 18, 50613)}
INFO: Spider closed (finished)
INFO: Scrapy 1.6.0 started (bot: waitrose)
INFO: Versions: lxml 4.5.1.0, libxml2 2.9.10, cssselect 1.1.0, parsel 1.6.0, w3lib 1.22.0, Twisted 20.3.0, Python 3.7.7 (default, May  6 2020, 11:45:54) [MSC v.1916 64 bit (AMD64)], pyOpenSSL 19.1.0 (OpenSSL 1.1.1g  21 Apr 2020), cryptography 2.9.2, Platform Windows-10-10.0.18362-SP0
INFO: Overridden settings: {'BOT_NAME': 'waitrose', 'DOWNLOAD_TIMEOUT': 1200, 'DUPEFILTER_CLASS': 'scrapy_splash.SplashAwareDupeFilter', 'FEED_EXPORT_ENCODING': 'utf-8', 'FEED_FORMAT': 'json', 'FEED_URI': 'waitrose_082520.json', 'NEWSPIDER_MODULE': 'waitrose.spiders', 'SPIDER_MODULES': ['waitrose.spiders']}
INFO: Telnet Password: 001acf4430fa297d
INFO: Enabled extensions:
['scrapy.extensions.corestats.CoreStats',
 'scrapy.extensions.telnet.TelnetConsole',
 'scrapy.extensions.feedexport.FeedExporter',
 'scrapy.extensions.logstats.LogStats']
INFO: Enabled downloader middlewares:
['scrapy.downloadermiddlewares.httpauth.HttpAuthMiddleware',
 'scrapy.downloadermiddlewares.downloadtimeout.DownloadTimeoutMiddleware',
 'scrapy.downloadermiddlewares.defaultheaders.DefaultHeadersMiddleware',
 'scrapy.downloadermiddlewares.useragent.UserAgentMiddleware',
 'scrapy.downloadermiddlewares.retry.RetryMiddleware',
 'scrapy.downloadermiddlewares.redirect.MetaRefreshMiddleware',
 'scrapy.downloadermiddlewares.redirect.RedirectMiddleware',
 'scrapy.downloadermiddlewares.cookies.CookiesMiddleware',
 'scrapy_splash.SplashCookiesMiddleware',
 'scrapy_splash.SplashMiddleware',
 'scrapy.downloadermiddlewares.httpproxy.HttpProxyMiddleware',
 'scrapy.downloadermiddlewares.httpcompression.HttpCompressionMiddleware',
 'scrapy.downloadermiddlewares.stats.DownloaderStats']
INFO: Enabled spider middlewares:
['scrapy.spidermiddlewares.httperror.HttpErrorMiddleware',
 'scrapy_splash.SplashDeduplicateArgsMiddleware',
 'scrapy.spidermiddlewares.offsite.OffsiteMiddleware',
 'scrapy.spidermiddlewares.referer.RefererMiddleware',
 'scrapy.spidermiddlewares.urllength.UrlLengthMiddleware',
 'scrapy.spidermiddlewares.depth.DepthMiddleware']
INFO: Enabled item pipelines:
['waitrose.pipelines.ImageDownloaderPipeline',
 'waitrose.pipelines.SQLlitePipeline']
INFO: Spider opened
INFO: Crawled 0 pages (at 0 pages/min), scraped 0 items (at 0 items/min)
WARNING: C:\Users\sujithk\AppData\Local\Continuum\anaconda3\envs\Virtual_Env\lib\site-packages\scrapy\spidermiddlewares\offsite.py:61: URLWarning: allowed_domains accepts only domains, not URLs. Ignoring URL entry https://www.waitrose.com/ in allowed_domains.
  warnings.warn(message, URLWarning)

INFO: Telnet console listening on 127.0.0.1:6025
INFO: Crawled 0 pages (at 0 pages/min), scraped 0 items (at 0 items/min)
INFO: Crawled 0 pages (at 0 pages/min), scraped 0 items (at 0 items/min)
INFO: Crawled 0 pages (at 0 pages/min), scraped 0 items (at 0 items/min)
INFO: Crawled 0 pages (at 0 pages/min), scraped 0 items (at 0 items/min)
INFO: Crawled 0 pages (at 0 pages/min), scraped 0 items (at 0 items/min)
INFO: Crawled 0 pages (at 0 pages/min), scraped 0 items (at 0 items/min)
INFO: Crawled 0 pages (at 0 pages/min), scraped 0 items (at 0 items/min)
INFO: Crawled 0 pages (at 0 pages/min), scraped 0 items (at 0 items/min)
INFO: Crawled 0 pages (at 0 pages/min), scraped 0 items (at 0 items/min)
INFO: Crawled 0 pages (at 0 pages/min), scraped 0 items (at 0 items/min)
INFO: Crawled 0 pages (at 0 pages/min), scraped 0 items (at 0 items/min)
INFO: Crawled 0 pages (at 0 pages/min), scraped 0 items (at 0 items/min)
INFO: Crawled 0 pages (at 0 pages/min), scraped 0 items (at 0 items/min)
INFO: Crawled 0 pages (at 0 pages/min), scraped 0 items (at 0 items/min)
INFO: Crawled 0 pages (at 0 pages/min), scraped 0 items (at 0 items/min)
INFO: Crawled 0 pages (at 0 pages/min), scraped 0 items (at 0 items/min)
INFO: Crawled 0 pages (at 0 pages/min), scraped 0 items (at 0 items/min)
INFO: Crawled 0 pages (at 0 pages/min), scraped 0 items (at 0 items/min)
INFO: Crawled 0 pages (at 0 pages/min), scraped 0 items (at 0 items/min)
INFO: Crawled 0 pages (at 0 pages/min), scraped 0 items (at 0 items/min)
INFO: Crawled 0 pages (at 0 pages/min), scraped 0 items (at 0 items/min)
INFO: Crawled 0 pages (at 0 pages/min), scraped 0 items (at 0 items/min)
INFO: Crawled 0 pages (at 0 pages/min), scraped 0 items (at 0 items/min)
INFO: Crawled 0 pages (at 0 pages/min), scraped 0 items (at 0 items/min)
INFO: Crawled 0 pages (at 0 pages/min), scraped 0 items (at 0 items/min)
INFO: Crawled 0 pages (at 0 pages/min), scraped 0 items (at 0 items/min)
INFO: Crawled 0 pages (at 0 pages/min), scraped 0 items (at 0 items/min)
INFO: Crawled 0 pages (at 0 pages/min), scraped 0 items (at 0 items/min)
INFO: Crawled 0 pages (at 0 pages/min), scraped 0 items (at 0 items/min)
INFO: Crawled 0 pages (at 0 pages/min), scraped 0 items (at 0 items/min)
DEBUG: Retrying <GET https://www.waitrose.com/ecom/shop/browse/groceries/toiletries_health_and_beauty/hair_care/shampoo via http://192.168.1.9:8050/execute> (failed 1 times): 504 Gateway Time-out
INFO: Crawled 0 pages (at 0 pages/min), scraped 0 items (at 0 items/min)
DEBUG: Crawled (200) <GET https://www.waitrose.com/ecom/shop/browse/groceries/toiletries_health_and_beauty/hair_care/shampoo via http://192.168.1.9:8050/execute> (referer: None)
DEBUG: Scraped from <200 https://www.waitrose.com/ecom/shop/browse/groceries/toiletries_health_and_beauty/hair_care/shampoo>
{'client': 'Waitrose', 'time': datetime.datetime(2020, 8, 25, 21, 9, 37, 439550), 'category': 'Shampoo', 'id': 'tPp639366-90822-90823', 'prod_name': 'Head & Shoulders Shampoo Classic', 'waitrose_Qty': '500ml', 'waitrose_discounted_price': '£3.43', 'waitrose_offer_desc': 'Save 1/3.', 'waitrose_url': 'https://www.waitrose.com/ecom/shop/browse/groceries/toiletries_health_and_beauty/hair_care/shampoo', 'waitrose_rating': '3.5', 'waitrose_unit_price': '(68.6p/100ml)', 'waitrose_new_flag': None, 'waitrose_prod_name': 'Head & Shoulders Shampoo Classic 500ml', 'images': []}
DEBUG: Scraped from <200 https://www.waitrose.com/ecom/shop/browse/groceries/toiletries_health_and_beauty/hair_care/shampoo>
{'client': 'Waitrose', 'time': datetime.datetime(2020, 8, 25, 21, 9, 37, 439550), 'category': 'Shampoo', 'id': 'tPp435635-694165-694166', 'prod_name': 'Pantene Classic Clean Shampoo', 'waitrose_Qty': '500ml', 'waitrose_discounted_price': '£5.15', 'waitrose_offer_desc': 'Add 2 for £5', 'waitrose_url': 'https://www.waitrose.com/ecom/shop/browse/groceries/toiletries_health_and_beauty/hair_care/shampoo', 'waitrose_rating': None, 'waitrose_unit_price': '(£1.03/100ml)', 'waitrose_new_flag': None, 'waitrose_prod_name': 'Pantene Classic Clean Shampoo 500ml', 'images': []}
DEBUG: Scraped from <200 https://www.waitrose.com/ecom/shop/browse/groceries/toiletries_health_and_beauty/hair_care/shampoo>
{'client': 'Waitrose', 'time': datetime.datetime(2020, 8, 25, 21, 9, 37, 439550), 'category': 'Shampoo', 'id': 'tPp824583-694195-694196', 'prod_name': 'Pantene Repair & Protect Shampoo', 'waitrose_Qty': '500ml', 'waitrose_discounted_price': '£3.75', 'waitrose_offer_desc': 'Add 2 for £5', 'waitrose_url': 'https://www.waitrose.com/ecom/shop/browse/groceries/toiletries_health_and_beauty/hair_care/shampoo', 'waitrose_rating': None, 'waitrose_unit_price': '(75p/100ml)', 'waitrose_new_flag': None, 'waitrose_prod_name': 'Pantene Repair & Protect Shampoo 500ml', 'images': []}
DEBUG: Scraped from <200 https://www.waitrose.com/ecom/shop/browse/groceries/toiletries_health_and_beauty/hair_care/shampoo>
{'client': 'Waitrose', 'time': datetime.datetime(2020, 8, 25, 21, 9, 37, 439550), 'category': 'Shampoo', 'id': 'tPp836753-694201-694202', 'prod_name': 'Pantene Volume & Body Shampoo', 'waitrose_Qty': '500ml', 'waitrose_discounted_price': '£5.15', 'waitrose_offer_desc': 'Add 2 for £5', 'waitrose_url': 'https://www.waitrose.com/ecom/shop/browse/groceries/toiletries_health_and_beauty/hair_care/shampoo', 'waitrose_rating': None, 'waitrose_unit_price': '(£1.03/100ml)', 'waitrose_new_flag': None, 'waitrose_prod_name': 'Pantene Volume & Body Shampoo 500ml', 'images': []}
DEBUG: Scraped from <200 https://www.waitrose.com/ecom/shop/browse/groceries/toiletries_health_and_beauty/hair_care/shampoo>
{'client': 'Waitrose', 'time': datetime.datetime(2020, 8, 25, 21, 9, 37, 439550), 'category': 'Shampoo', 'id': 'tPp836753-694201-694202', 'prod_name': 'Pantene Volume & Body Shampoo', 'waitrose_Qty': '500ml', 'waitrose_discounted_price': '£5.15', 'waitrose_offer_desc': 'Add 2 for £5', 'waitrose_url': 'https://www.waitrose.com/ecom/shop/browse/groceries/toiletries_health_and_beauty/hair_care/shampoo', 'waitrose_rating': None, 'waitrose_unit_price': '(£1.03/100ml)', 'waitrose_new_flag': None, 'waitrose_prod_name': 'Pantene Volume & Body Shampoo 500ml', 'images': []}
DEBUG: Scraped from <200 https://www.waitrose.com/ecom/shop/browse/groceries/toiletries_health_and_beauty/hair_care/shampoo>
{'client': 'Waitrose', 'time': datetime.datetime(2020, 8, 25, 21, 9, 37, 439550), 'category': 'Shampoo', 'id': 'tPp757780-107799-107800', 'prod_name': 'Head & Shoulders 2in1 Classic Clean', 'waitrose_Qty': '450ml', 'waitrose_discounted_price': '£3.43', 'waitrose_offer_desc': 'Save 1/3.', 'waitrose_url': 'https://www.waitrose.com/ecom/shop/browse/groceries/toiletries_health_and_beauty/hair_care/shampoo', 'waitrose_rating': '4', 'waitrose_unit_price': '(76.2p/100ml)', 'waitrose_new_flag': None, 'waitrose_prod_name': 'Head & Shoulders 2in1 Classic Clean 450ml', 'images': []}
DEBUG: Scraped from <200 https://www.waitrose.com/ecom/shop/browse/groceries/toiletries_health_and_beauty/hair_care/shampoo>
{'client': 'Waitrose', 'time': datetime.datetime(2020, 8, 25, 21, 9, 37, 439550), 'category': 'Shampoo', 'id': 'tPp701301-99532-99533', 'prod_name': 'Essential Daily Care Shampoo', 'waitrose_Qty': '300ml', 'waitrose_discounted_price': '80p', 'waitrose_offer_desc': None, 'waitrose_url': 'https://www.waitrose.com/ecom/shop/browse/groceries/toiletries_health_and_beauty/hair_care/shampoo', 'waitrose_rating': '4.1', 'waitrose_unit_price': '(26.7p/100ml)', 'waitrose_new_flag': None, 'waitrose_prod_name': 'Essential Daily Care Shampoo 300ml', 'images': []}
DEBUG: Scraped from <200 https://www.waitrose.com/ecom/shop/browse/groceries/toiletries_health_and_beauty/hair_care/shampoo>
{'client': 'Waitrose', 'time': datetime.datetime(2020, 8, 25, 21, 9, 37, 439550), 'category': 'Shampoo', 'id': 'tPp839781-154875-154876', 'prod_name': 'Aussie miracle moist shampoo', 'waitrose_Qty': '500ml', 'waitrose_discounted_price': '£6.15', 'waitrose_offer_desc': 'Add 2 for £9', 'waitrose_url': 'https://www.waitrose.com/ecom/shop/browse/groceries/toiletries_health_and_beauty/hair_care/shampoo', 'waitrose_rating': None, 'waitrose_unit_price': '(£1.23/100ml)', 'waitrose_new_flag': None, 'waitrose_prod_name': 'Aussie miracle moist shampoo 500ml', 'images': []}
DEBUG: Scraped from <200 https://www.waitrose.com/ecom/shop/browse/groceries/toiletries_health_and_beauty/hair_care/shampoo>
{'client': 'Waitrose', 'time': datetime.datetime(2020, 8, 25, 21, 9, 37, 439550), 'category': 'Shampoo', 'id': 'tPp657721-694179-694180', 'prod_name': 'Pantene 3 in 1 Classic Clean', 'waitrose_Qty': '450ml', 'waitrose_discounted_price': '£3.75', 'waitrose_offer_desc': 'Add 2 for £5', 'waitrose_url': 'https://www.waitrose.com/ecom/shop/browse/groceries/toiletries_health_and_beauty/hair_care/shampoo', 'waitrose_rating': None, 'waitrose_unit_price': '(83.3p/100ml)', 'waitrose_new_flag': None, 'waitrose_prod_name': 'Pantene 3 in 1 Classic Clean 450ml', 'images': []}
DEBUG: Scraped from <200 https://www.waitrose.com/ecom/shop/browse/groceries/toiletries_health_and_beauty/hair_care/shampoo>
{'client': 'Waitrose', 'time': datetime.datetime(2020, 8, 25, 21, 9, 37, 439550), 'category': 'Shampoo', 'id': 'tPp582132-472091-472092', 'prod_name': 'Ogx Argan Oil Morocco Shampoo', 'waitrose_Qty': '385ml', 'waitrose_discounted_price': '£7.00', 'waitrose_offer_desc': 'Add 2 for £10', 'waitrose_url': 'https://www.waitrose.com/ecom/shop/browse/groceries/toiletries_health_and_beauty/hair_care/shampoo', 'waitrose_rating': '4', 'waitrose_unit_price': '(£1.82/100ml)', 'waitrose_new_flag': None, 'waitrose_prod_name': 'Ogx Argan Oil Morocco Shampoo 385ml', 'images': []}
DEBUG: Scraped from <200 https://www.waitrose.com/ecom/shop/browse/groceries/toiletries_health_and_beauty/hair_care/shampoo>
{'client': 'Waitrose', 'time': datetime.datetime(2020, 8, 25, 21, 9, 37, 439550), 'category': 'Shampoo', 'id': 'tPp407453-471203-471204', 'prod_name': 'Ogx Biotin & Collagen Shampoo', 'waitrose_Qty': '385ml', 'waitrose_discounted_price': '£7.00', 'waitrose_offer_desc': 'Add 2 for £10', 'waitrose_url': 'https://www.waitrose.com/ecom/shop/browse/groceries/toiletries_health_and_beauty/hair_care/shampoo', 'waitrose_rating': None, 'waitrose_unit_price': '(£1.82/100ml)', 'waitrose_new_flag': None, 'waitrose_prod_name': 'Ogx Biotin & Collagen Shampoo 385ml', 'images': []}
DEBUG: Scraped from <200 https://www.waitrose.com/ecom/shop/browse/groceries/toiletries_health_and_beauty/hair_care/shampoo>
{'client': 'Waitrose', 'time': datetime.datetime(2020, 8, 25, 21, 9, 37, 439550), 'category': 'Shampoo', 'id': 'tPp455905-591789-591790', 'prod_name': 'Herbal Essences clean Shampoo', 'waitrose_Qty': '400ml', 'waitrose_discounted_price': '£4.50', 'waitrose_offer_desc': 'Add 2 for £6', 'waitrose_url': 'https://www.waitrose.com/ecom/shop/browse/groceries/toiletries_health_and_beauty/hair_care/shampoo', 'waitrose_rating': None, 'waitrose_unit_price': '(£1.13/100ml)', 'waitrose_new_flag': None, 'waitrose_prod_name': 'Herbal Essences clean Shampoo 400ml', 'images': []}
DEBUG: Scraped from <200 https://www.waitrose.com/ecom/shop/browse/groceries/toiletries_health_and_beauty/hair_care/shampoo>
{'client': 'Waitrose', 'time': datetime.datetime(2020, 8, 25, 21, 9, 37, 439550), 'category': 'Shampoo', 'id': 'tPp882824-154983-154984', 'prod_name': 'Head & Shoulders itchy scalp shampoo', 'waitrose_Qty': '500ml', 'waitrose_discounted_price': '£3.43', 'waitrose_offer_desc': 'Save 1/3.', 'waitrose_url': 'https://www.waitrose.com/ecom/shop/browse/groceries/toiletries_health_and_beauty/hair_care/shampoo', 'waitrose_rating': '5', 'waitrose_unit_price': '(68.6p/100ml)', 'waitrose_new_flag': None, 'waitrose_prod_name': 'Head & Shoulders itchy scalp shampoo 500ml', 'images': []}
DEBUG: Scraped from <200 https://www.waitrose.com/ecom/shop/browse/groceries/toiletries_health_and_beauty/hair_care/shampoo>
{'client': 'Waitrose', 'time': datetime.datetime(2020, 8, 25, 21, 9, 37, 439550), 'category': 'Shampoo', 'id': 'tPp821139-694191-694192', 'prod_name': 'Pantene Smooth & Sleek Shampoo', 'waitrose_Qty': '500ml', 'waitrose_discounted_price': '£5.15', 'waitrose_offer_desc': 'Add 2 for £5', 'waitrose_url': 'https://www.waitrose.com/ecom/shop/browse/groceries/toiletries_health_and_beauty/hair_care/shampoo', 'waitrose_rating': None, 'waitrose_unit_price': '(£1.03/100ml)', 'waitrose_new_flag': None, 'waitrose_prod_name': 'Pantene Smooth & Sleek Shampoo 500ml', 'images': []}
DEBUG: Scraped from <200 https://www.waitrose.com/ecom/shop/browse/groceries/toiletries_health_and_beauty/hair_care/shampoo>
{'client': 'Waitrose', 'time': datetime.datetime(2020, 8, 25, 21, 9, 37, 439550), 'category': 'Shampoo', 'id': 'tPp490113-591883-591884', 'prod_name': 'Herbal Essences Volume Shampoo', 'waitrose_Qty': '400ml', 'waitrose_discounted_price': '£4.50', 'waitrose_offer_desc': 'Add 2 for £6', 'waitrose_url': 'https://www.waitrose.com/ecom/shop/browse/groceries/toiletries_health_and_beauty/hair_care/shampoo', 'waitrose_rating': '5', 'waitrose_unit_price': '(£1.13/100ml)', 'waitrose_new_flag': None, 'waitrose_prod_name': 'Herbal Essences Volume Shampoo 400ml', 'images': []}
DEBUG: Scraped from <200 https://www.waitrose.com/ecom/shop/browse/groceries/toiletries_health_and_beauty/hair_care/shampoo>
{'client': 'Waitrose', 'time': datetime.datetime(2020, 8, 25, 21, 9, 37, 439550), 'category': 'Shampoo', 'id': 'tPp472240-591833-591834', 'prod_name': 'Herbal Essences Repair Shampoo', 'waitrose_Qty': '400ml', 'waitrose_discounted_price': '£4.50', 'waitrose_offer_desc': 'Add 2 for £6', 'waitrose_url': 'https://www.waitrose.com/ecom/shop/browse/groceries/toiletries_health_and_beauty/hair_care/shampoo', 'waitrose_rating': '5', 'waitrose_unit_price': '(£1.13/100ml)', 'waitrose_new_flag': None, 'waitrose_prod_name': 'Herbal Essences Repair Shampoo 400ml', 'images': []}
DEBUG: Scraped from <200 https://www.waitrose.com/ecom/shop/browse/groceries/toiletries_health_and_beauty/hair_care/shampoo>
{'client': 'Waitrose', 'time': datetime.datetime(2020, 8, 25, 21, 9, 37, 439550), 'category': 'Shampoo', 'id': 'tPp627460-154629-154630', 'prod_name': 'Aussie mega shampoo', 'waitrose_Qty': '500ml', 'waitrose_discounted_price': '£6.15', 'waitrose_offer_desc': 'Add 2 for £9', 'waitrose_url': 'https://www.waitrose.com/ecom/shop/browse/groceries/toiletries_health_and_beauty/hair_care/shampoo', 'waitrose_rating': '3.8', 'waitrose_unit_price': '(£1.23/100ml)', 'waitrose_new_flag': None, 'waitrose_prod_name': 'Aussie mega shampoo 500ml', 'images': []}
DEBUG: Scraped from <200 https://www.waitrose.com/ecom/shop/browse/groceries/toiletries_health_and_beauty/hair_care/shampoo>
{'client': 'Waitrose', 'time': datetime.datetime(2020, 8, 25, 21, 9, 37, 439550), 'category': 'Shampoo', 'id': 'tPp427668-591713-591714', 'prod_name': 'Herbal Essences Hydrate Shampoo', 'waitrose_Qty': '400ml', 'waitrose_discounted_price': '£4.50', 'waitrose_offer_desc': 'Add 2 for £6', 'waitrose_url': 'https://www.waitrose.com/ecom/shop/browse/groceries/toiletries_health_and_beauty/hair_care/shampoo', 'waitrose_rating': '5', 'waitrose_unit_price': '(£1.13/100ml)', 'waitrose_new_flag': None, 'waitrose_prod_name': 'Herbal Essences Hydrate Shampoo 400ml', 'images': []}
DEBUG: Scraped from <200 https://www.waitrose.com/ecom/shop/browse/groceries/toiletries_health_and_beauty/hair_care/shampoo>
{'client': 'Waitrose', 'time': datetime.datetime(2020, 8, 25, 21, 9, 37, 439550), 'category': 'Shampoo', 'id': 'tPp886458-216893-216894', 'prod_name': 'Ogx Brazilian Keratin Shampoo', 'waitrose_Qty': '385ml', 'waitrose_discounted_price': '£7.00', 'waitrose_offer_desc': 'Add 2 for £10', 'waitrose_url': 'https://www.waitrose.com/ecom/shop/browse/groceries/toiletries_health_and_beauty/hair_care/shampoo', 'waitrose_rating': '5', 'waitrose_unit_price': '(£1.82/100ml)', 'waitrose_new_flag': None, 'waitrose_prod_name': 'Ogx Brazilian Keratin Shampoo 385ml', 'images': []}
DEBUG: Scraped from <200 https://www.waitrose.com/ecom/shop/browse/groceries/toiletries_health_and_beauty/hair_care/shampoo>
{'client': 'Waitrose', 'time': datetime.datetime(2020, 8, 25, 21, 9, 37, 439550), 'category': 'Shampoo', 'id': 'tPp535961-75786-75787', 'prod_name': 'essential Waitrose Nourishing Shampoo', 'waitrose_Qty': '300ml', 'waitrose_discounted_price': '80p', 'waitrose_offer_desc': None, 'waitrose_url': 'https://www.waitrose.com/ecom/shop/browse/groceries/toiletries_health_and_beauty/hair_care/shampoo', 'waitrose_rating': '4.3', 'waitrose_unit_price': '(26.7p/100ml)', 'waitrose_new_flag': None, 'waitrose_prod_name': 'essential Waitrose Nourishing Shampoo 300ml', 'images': []}
DEBUG: Scraped from <200 https://www.waitrose.com/ecom/shop/browse/groceries/toiletries_health_and_beauty/hair_care/shampoo>
{'client': 'Waitrose', 'time': datetime.datetime(2020, 8, 25, 21, 9, 37, 439550), 'category': 'Shampoo', 'id': 'tPp581617-694173-694174', 'prod_name': 'Pantene Colour Protect Shampoo', 'waitrose_Qty': '500ml', 'waitrose_discounted_price': '£5.15', 'waitrose_offer_desc': 'Add 2 for £5', 'waitrose_url': 'https://www.waitrose.com/ecom/shop/browse/groceries/toiletries_health_and_beauty/hair_care/shampoo', 'waitrose_rating': None, 'waitrose_unit_price': '(£1.03/100ml)', 'waitrose_new_flag': None, 'waitrose_prod_name': 'Pantene Colour Protect Shampoo 500ml', 'images': []}
DEBUG: Scraped from <200 https://www.waitrose.com/ecom/shop/browse/groceries/toiletries_health_and_beauty/hair_care/shampoo>
{'client': 'Waitrose', 'time': datetime.datetime(2020, 8, 25, 21, 9, 37, 439550), 'category': 'Shampoo', 'id': 'tPp855140-216863-216864', 'prod_name': 'Ogx Coconut Milk Shampoo', 'waitrose_Qty': '385ml', 'waitrose_discounted_price': '£7.00', 'waitrose_offer_desc': 'Add 2 for £10', 'waitrose_url': 'https://www.waitrose.com/ecom/shop/browse/groceries/toiletries_health_and_beauty/hair_care/shampoo', 'waitrose_rating': '5', 'waitrose_unit_price': '(£1.82/100ml)', 'waitrose_new_flag': None, 'waitrose_prod_name': 'Ogx Coconut Milk Shampoo 385ml', 'images': []}
DEBUG: Scraped from <200 https://www.waitrose.com/ecom/shop/browse/groceries/toiletries_health_and_beauty/hair_care/shampoo>
{'client': 'Waitrose', 'time': datetime.datetime(2020, 8, 25, 21, 9, 37, 439550), 'category': 'Shampoo', 'id': 'tPp868154-695990-695991', 'prod_name': 'Hair Biology Purple Shampoo', 'waitrose_Qty': '250ml', 'waitrose_discounted_price': '£2.99', 'waitrose_offer_desc': 'Save 1/3.', 'waitrose_url': 'https://www.waitrose.com/ecom/shop/browse/groceries/toiletries_health_and_beauty/hair_care/shampoo', 'waitrose_rating': None, 'waitrose_unit_price': '(£1.20/100ml)', 'waitrose_new_flag': None, 'waitrose_prod_name': 'Hair Biology Purple Shampoo 250ml', 'images': []}
DEBUG: Scraped from <200 https://www.waitrose.com/ecom/shop/browse/groceries/toiletries_health_and_beauty/hair_care/shampoo>
{'client': 'Waitrose', 'time': datetime.datetime(2020, 8, 25, 21, 9, 37, 439550), 'category': 'Shampoo', 'id': 'tPp755349-720291-720292', 'prod_name': 'Herbal Essences Aloe & Mango Shampoo', 'waitrose_Qty': '380ml', 'waitrose_discounted_price': '£4.50', 'waitrose_offer_desc': 'Add 2 for £6', 'waitrose_url': 'https://www.waitrose.com/ecom/shop/browse/groceries/toiletries_health_and_beauty/hair_care/shampoo', 'waitrose_rating': None, 'waitrose_unit_price': '(£1.19/100ml)', 'waitrose_new_flag': None, 'waitrose_prod_name': 'Herbal Essences Aloe & Mango Shampoo 380ml', 'images': []}
DEBUG: Scraped from <200 https://www.waitrose.com/ecom/shop/browse/groceries/toiletries_health_and_beauty/hair_care/shampoo>
{'client': 'Waitrose', 'time': datetime.datetime(2020, 8, 25, 21, 9, 37, 439550), 'category': 'Shampoo', 'id': 'tPp752186-631541-631542', 'prod_name': 'Ogx Coconut OIl Shampoo', 'waitrose_Qty': '385ml', 'waitrose_discounted_price': '£7.00', 'waitrose_offer_desc': 'Add 2 for £10', 'waitrose_url': 'https://www.waitrose.com/ecom/shop/browse/groceries/toiletries_health_and_beauty/hair_care/shampoo', 'waitrose_rating': None, 'waitrose_unit_price': '(£1.82/100ml)', 'waitrose_new_flag': None, 'waitrose_prod_name': 'Ogx Coconut OIl Shampoo 385ml', 'images': []}
DEBUG: Scraped from <200 https://www.waitrose.com/ecom/shop/browse/groceries/toiletries_health_and_beauty/hair_care/shampoo>
{'client': 'Waitrose', 'time': datetime.datetime(2020, 8, 25, 21, 9, 37, 439550), 'category': 'Shampoo', 'id': 'tPp432893-216691-216692', 'prod_name': 'Head & Shoulders Shampoo Apple Fresh', 'waitrose_Qty': '500ml', 'waitrose_discounted_price': '£3.43', 'waitrose_offer_desc': 'Save 1/3.', 'waitrose_url': 'https://www.waitrose.com/ecom/shop/browse/groceries/toiletries_health_and_beauty/hair_care/shampoo', 'waitrose_rating': None, 'waitrose_unit_price': '(68.6p/100ml)', 'waitrose_new_flag': None, 'waitrose_prod_name': 'Head & Shoulders Shampoo Apple Fresh 500ml', 'images': []}
DEBUG: Scraped from <200 https://www.waitrose.com/ecom/shop/browse/groceries/toiletries_health_and_beauty/hair_care/shampoo>
{'client': 'Waitrose', 'time': datetime.datetime(2020, 8, 25, 21, 9, 37, 439550), 'category': 'Shampoo', 'id': 'tPp735751-154731-154732', 'prod_name': 'Aussie aussome volume shampoo', 'waitrose_Qty': '500ml', 'waitrose_discounted_price': '£6.10', 'waitrose_offer_desc': 'Add 2 for £9', 'waitrose_url': 'https://www.waitrose.com/ecom/shop/browse/groceries/toiletries_health_and_beauty/hair_care/shampoo', 'waitrose_rating': None, 'waitrose_unit_price': '(£1.22/100ml)', 'waitrose_new_flag': None, 'waitrose_prod_name': 'Aussie aussome volume shampoo 500ml', 'images': []}
DEBUG: Scraped from <200 https://www.waitrose.com/ecom/shop/browse/groceries/toiletries_health_and_beauty/hair_care/shampoo>
{'client': 'Waitrose', 'time': datetime.datetime(2020, 8, 25, 21, 9, 37, 439550), 'category': 'Shampoo', 'id': 'tPp047805-23664-23665', 'prod_name': 'Avalon Organics tea tree shampoo', 'waitrose_Qty': '325ml', 'waitrose_discounted_price': '£7.00', 'waitrose_offer_desc': 'Add 2 for £11', 'waitrose_url': 'https://www.waitrose.com/ecom/shop/browse/groceries/toiletries_health_and_beauty/hair_care/shampoo', 'waitrose_rating': '4.9', 'waitrose_unit_price': '(£2.16/100ml)', 'waitrose_new_flag': None, 'waitrose_prod_name': 'Avalon Organics tea tree shampoo 325ml', 'images': []}
DEBUG: Scraped from <200 https://www.waitrose.com/ecom/shop/browse/groceries/toiletries_health_and_beauty/hair_care/shampoo>
{'client': 'Waitrose', 'time': datetime.datetime(2020, 8, 25, 21, 9, 37, 439550), 'category': 'Shampoo', 'id': 'tPp810201-352482-352483', 'prod_name': 'Essential Daily Care 2 in 1', 'waitrose_Qty': '300ml', 'waitrose_discounted_price': '80p', 'waitrose_offer_desc': None, 'waitrose_url': 'https://www.waitrose.com/ecom/shop/browse/groceries/toiletries_health_and_beauty/hair_care/shampoo', 'waitrose_rating': '4.3', 'waitrose_unit_price': '(26.7p/100ml)', 'waitrose_new_flag': None, 'waitrose_prod_name': 'Essential Daily Care 2 in 1 300ml', 'images': []}
DEBUG: Scraped from <200 https://www.waitrose.com/ecom/shop/browse/groceries/toiletries_health_and_beauty/hair_care/shampoo>
{'client': 'Waitrose', 'time': datetime.datetime(2020, 8, 25, 21, 9, 37, 439550), 'category': 'Shampoo', 'id': 'tPp791725-375655-375656', 'prod_name': 'Ogx Kukuí Oil Shampoo', 'waitrose_Qty': '385ml', 'waitrose_discounted_price': '£7.00', 'waitrose_offer_desc': 'Add 2 for £10', 'waitrose_url': 'https://www.waitrose.com/ecom/shop/browse/groceries/toiletries_health_and_beauty/hair_care/shampoo', 'waitrose_rating': '5', 'waitrose_unit_price': '(£1.82/100ml)', 'waitrose_new_flag': None, 'waitrose_prod_name': 'Ogx Kukuí Oil Shampoo 385ml', 'images': []}
DEBUG: Scraped from <200 https://www.waitrose.com/ecom/shop/browse/groceries/toiletries_health_and_beauty/hair_care/shampoo>
{'client': 'Waitrose', 'time': datetime.datetime(2020, 8, 25, 21, 9, 37, 439550), 'category': 'Shampoo', 'id': 'tPp721134-337091-337092', 'prod_name': 'Aussie miracle shine shampoo', 'waitrose_Qty': '500ml', 'waitrose_discounted_price': '£6.00', 'waitrose_offer_desc': 'Add 2 for £9', 'waitrose_url': 'https://www.waitrose.com/ecom/shop/browse/groceries/toiletries_health_and_beauty/hair_care/shampoo', 'waitrose_rating': None, 'waitrose_unit_price': '(£1.20/100ml)', 'waitrose_new_flag': None, 'waitrose_prod_name': 'Aussie miracle shine shampoo 500ml', 'images': []}
DEBUG: Scraped from <200 https://www.waitrose.com/ecom/shop/browse/groceries/toiletries_health_and_beauty/hair_care/shampoo>
{'client': 'Waitrose', 'time': datetime.datetime(2020, 8, 25, 21, 9, 37, 439550), 'category': 'Shampoo', 'id': 'tPp755068-720289-720290', 'prod_name': 'Herbal Essences Aloe Hemp Shampoo', 'waitrose_Qty': '380ml', 'waitrose_discounted_price': '£4.50', 'waitrose_offer_desc': 'Add 2 for £6', 'waitrose_url': 'https://www.waitrose.com/ecom/shop/browse/groceries/toiletries_health_and_beauty/hair_care/shampoo', 'waitrose_rating': None, 'waitrose_unit_price': '(£1.19/100ml)', 'waitrose_new_flag': None, 'waitrose_prod_name': 'Herbal Essences Aloe Hemp Shampoo 380ml', 'images': []}
DEBUG: Scraped from <200 https://www.waitrose.com/ecom/shop/browse/groceries/toiletries_health_and_beauty/hair_care/shampoo>
{'client': 'Waitrose', 'time': datetime.datetime(2020, 8, 25, 21, 9, 37, 439550), 'category': 'Shampoo', 'id': 'tPp865734-216867-216868', 'prod_name': 'Ogx Argan Oil of Morocco Shampoo', 'waitrose_Qty': '385ml', 'waitrose_discounted_price': '£7.00', 'waitrose_offer_desc': 'Add 2 for £10', 'waitrose_url': 'https://www.waitrose.com/ecom/shop/browse/groceries/toiletries_health_and_beauty/hair_care/shampoo', 'waitrose_rating': '3.4', 'waitrose_unit_price': '(£1.82/100ml)', 'waitrose_new_flag': None, 'waitrose_prod_name': 'Ogx Argan Oil of Morocco Shampoo 385ml', 'images': []}
DEBUG: Scraped from <200 https://www.waitrose.com/ecom/shop/browse/groceries/toiletries_health_and_beauty/hair_care/shampoo>
{'client': 'Waitrose', 'time': datetime.datetime(2020, 8, 25, 21, 9, 37, 439550), 'category': 'Shampoo', 'id': 'tPp626001-88825-88826', 'prod_name': 'Head & Shoulders Shampoo Citrus Fresh', 'waitrose_Qty': '500ml', 'waitrose_discounted_price': '£3.43', 'waitrose_offer_desc': 'Save 1/3.', 'waitrose_url': 'https://www.waitrose.com/ecom/shop/browse/groceries/toiletries_health_and_beauty/hair_care/shampoo', 'waitrose_rating': None, 'waitrose_unit_price': '(68.6p/100ml)', 'waitrose_new_flag': None, 'waitrose_prod_name': 'Head & Shoulders Shampoo Citrus Fresh 500ml', 'images': []}
DEBUG: Scraped from <200 https://www.waitrose.com/ecom/shop/browse/groceries/toiletries_health_and_beauty/hair_care/shampoo>
{'client': 'Waitrose', 'time': datetime.datetime(2020, 8, 25, 21, 9, 37, 439550), 'category': 'Shampoo', 'id': 'tPp820157-724089-724090', 'prod_name': 'Eco Warrior Shampoo Bar', 'waitrose_Qty': '100g', 'waitrose_discounted_price': '£3.00', 'waitrose_offer_desc': 'Save 1/3.', 'waitrose_url': 'https://www.waitrose.com/ecom/shop/browse/groceries/toiletries_health_and_beauty/hair_care/shampoo', 'waitrose_rating': None, 'waitrose_unit_price': '(£3/100g)', 'waitrose_new_flag': None, 'waitrose_prod_name': 'Eco Warrior Shampoo Bar 100g', 'images': []}
DEBUG: Scraped from <200 https://www.waitrose.com/ecom/shop/browse/groceries/toiletries_health_and_beauty/hair_care/shampoo>
{'client': 'Waitrose', 'time': datetime.datetime(2020, 8, 25, 21, 9, 37, 439550), 'category': 'Shampoo', 'id': 'tPp662395-154665-154666', 'prod_name': 'Aussie colour mate shampoo', 'waitrose_Qty': '500ml', 'waitrose_discounted_price': '£6.15', 'waitrose_offer_desc': 'Add 2 for £9', 'waitrose_url': 'https://www.waitrose.com/ecom/shop/browse/groceries/toiletries_health_and_beauty/hair_care/shampoo', 'waitrose_rating': None, 'waitrose_unit_price': '(£1.23/100ml)', 'waitrose_new_flag': None, 'waitrose_prod_name': 'Aussie colour mate shampoo 500ml', 'images': []}
DEBUG: Scraped from <200 https://www.waitrose.com/ecom/shop/browse/groceries/toiletries_health_and_beauty/hair_care/shampoo>
{'client': 'Waitrose', 'time': datetime.datetime(2020, 8, 25, 21, 9, 37, 439550), 'category': 'Shampoo', 'id': 'tPp867514-720387-720388', 'prod_name': 'Head & Shoulders Coconut Shampoo', 'waitrose_Qty': '500ml', 'waitrose_discounted_price': '£3.33', 'waitrose_offer_desc': 'Save 1/3.', 'waitrose_url': 'https://www.waitrose.com/ecom/shop/browse/groceries/toiletries_health_and_beauty/hair_care/shampoo', 'waitrose_rating': None, 'waitrose_unit_price': '(66.6p/100ml)', 'waitrose_new_flag': None, 'waitrose_prod_name': 'Head & Shoulders Coconut Shampoo 500ml', 'images': []}
DEBUG: Scraped from <200 https://www.waitrose.com/ecom/shop/browse/groceries/toiletries_health_and_beauty/hair_care/shampoo>
{'client': 'Waitrose', 'time': datetime.datetime(2020, 8, 25, 21, 9, 37, 439550), 'category': 'Shampoo', 'id': 'tPp740653-352034-352035', 'prod_name': 'essential Waitrose Anti-Dandruff 2 in 1', 'waitrose_Qty': '300ml', 'waitrose_discounted_price': '£1.00', 'waitrose_offer_desc': None, 'waitrose_url': 'https://www.waitrose.com/ecom/shop/browse/groceries/toiletries_health_and_beauty/hair_care/shampoo', 'waitrose_rating': '4', 'waitrose_unit_price': '(33.3p/100ml)', 'waitrose_new_flag': None, 'waitrose_prod_name': 'essential Waitrose Anti-Dandruff 2 in 1 300ml', 'images': []}
DEBUG: Scraped from <200 https://www.waitrose.com/ecom/shop/browse/groceries/toiletries_health_and_beauty/hair_care/shampoo>
{'client': 'Waitrose', 'time': datetime.datetime(2020, 8, 25, 21, 9, 37, 439550), 'category': 'Shampoo', 'id': 'tPp426973-298983-298984', 'prod_name': 'Head & Shoulders 2in1 Apple Fresh', 'waitrose_Qty': '450ml', 'waitrose_discounted_price': '£3.33', 'waitrose_offer_desc': 'Save 1/3.', 'waitrose_url': 'https://www.waitrose.com/ecom/shop/browse/groceries/toiletries_health_and_beauty/hair_care/shampoo', 'waitrose_rating': None, 'waitrose_unit_price': '(74p/100ml)', 'waitrose_new_flag': None, 'waitrose_prod_name': 'Head & Shoulders 2in1 Apple Fresh 450ml', 'images': []}
DEBUG: Scraped from <200 https://www.waitrose.com/ecom/shop/browse/groceries/toiletries_health_and_beauty/hair_care/shampoo>
{'client': 'Waitrose', 'time': datetime.datetime(2020, 8, 25, 21, 9, 37, 439550), 'category': 'Shampoo', 'id': 'tPp092708-47659-47660', 'prod_name': 'Vosene Original Shampoo', 'waitrose_Qty': '250ml', 'waitrose_discounted_price': '£2.05', 'waitrose_offer_desc': None, 'waitrose_url': 'https://www.waitrose.com/ecom/shop/browse/groceries/toiletries_health_and_beauty/hair_care/shampoo', 'waitrose_rating': '5', 'waitrose_unit_price': '(82p/100ml)', 'waitrose_new_flag': None, 'waitrose_prod_name': 'Vosene Original Shampoo 250ml', 'images': []}
DEBUG: Scraped from <200 https://www.waitrose.com/ecom/shop/browse/groceries/toiletries_health_and_beauty/hair_care/shampoo>
{'client': 'Waitrose', 'time': datetime.datetime(2020, 8, 25, 21, 9, 37, 439550), 'category': 'Shampoo', 'id': 'tPp480728-631267-631268', 'prod_name': 'Ogx Orchid Oil Shampoo', 'waitrose_Qty': '385ml', 'waitrose_discounted_price': '£7.00', 'waitrose_offer_desc': 'Add 2 for £10', 'waitrose_url': 'https://www.waitrose.com/ecom/shop/browse/groceries/toiletries_health_and_beauty/hair_care/shampoo', 'waitrose_rating': '5', 'waitrose_unit_price': '(£1.82/100ml)', 'waitrose_new_flag': None, 'waitrose_prod_name': 'Ogx Orchid Oil Shampoo 385ml', 'images': []}
DEBUG: Scraped from <200 https://www.waitrose.com/ecom/shop/browse/groceries/toiletries_health_and_beauty/hair_care/shampoo>
{'client': 'Waitrose', 'time': datetime.datetime(2020, 8, 25, 21, 9, 37, 439550), 'category': 'Shampoo', 'id': 'tPp076232-38732-38733', 'prod_name': 'AOrganic Lavender Shampoo', 'waitrose_Qty': '325ml', 'waitrose_discounted_price': '£7.00', 'waitrose_offer_desc': 'Add 2 for £11', 'waitrose_url': 'https://www.waitrose.com/ecom/shop/browse/groceries/toiletries_health_and_beauty/hair_care/shampoo', 'waitrose_rating': '3.8', 'waitrose_unit_price': '(£2.16/100ml)', 'waitrose_new_flag': None, 'waitrose_prod_name': 'AOrganic Lavender Shampoo 325ml', 'images': []}
DEBUG: Scraped from <200 https://www.waitrose.com/ecom/shop/browse/groceries/toiletries_health_and_beauty/hair_care/shampoo>
{'client': 'Waitrose', 'time': datetime.datetime(2020, 8, 25, 21, 9, 37, 439550), 'category': 'Shampoo', 'id': 'tPp059421-29947-29948', 'prod_name': 'Aussie Aussome Volume Shampoo', 'waitrose_Qty': '300ml', 'waitrose_discounted_price': '£4.00', 'waitrose_offer_desc': None, 'waitrose_url': 'https://www.waitrose.com/ecom/shop/browse/groceries/toiletries_health_and_beauty/hair_care/shampoo', 'waitrose_rating': '5', 'waitrose_unit_price': '(£1.34/100ml)', 'waitrose_new_flag': None, 'waitrose_prod_name': 'Aussie Aussome Volume Shampoo 300ml', 'images': []}
DEBUG: Scraped from <200 https://www.waitrose.com/ecom/shop/browse/groceries/toiletries_health_and_beauty/hair_care/shampoo>
{'client': 'Waitrose', 'time': datetime.datetime(2020, 8, 25, 21, 9, 37, 439550), 'category': 'Shampoo', 'id': 'tPp799806-683814-683815', 'prod_name': 'Tresemmé Shampoo Moisture Rich', 'waitrose_Qty': '800ml', 'waitrose_discounted_price': '£5.50', 'waitrose_offer_desc': None, 'waitrose_url': 'https://www.waitrose.com/ecom/shop/browse/groceries/toiletries_health_and_beauty/hair_care/shampoo', 'waitrose_rating': None, 'waitrose_unit_price': '(68.8p/100ml)', 'waitrose_new_flag': None, 'waitrose_prod_name': 'Tresemmé Shampoo Moisture Rich 800ml', 'images': []}
DEBUG: Scraped from <200 https://www.waitrose.com/ecom/shop/browse/groceries/toiletries_health_and_beauty/hair_care/shampoo>
{'client': 'Waitrose', 'time': datetime.datetime(2020, 8, 25, 21, 9, 37, 439550), 'category': 'Shampoo', 'id': 'tPp790782-694215-694216', 'prod_name': 'Pantene 3in1 Smooth & Sleek', 'waitrose_Qty': '450ml', 'waitrose_discounted_price': '£3.75', 'waitrose_offer_desc': 'Add 2 for £5', 'waitrose_url': 'https://www.waitrose.com/ecom/shop/browse/groceries/toiletries_health_and_beauty/hair_care/shampoo', 'waitrose_rating': None, 'waitrose_unit_price': '(83.3p/100ml)', 'waitrose_new_flag': None, 'waitrose_prod_name': 'Pantene 3in1 Smooth & Sleek 450ml', 'images': []}
DEBUG: Scraped from <200 https://www.waitrose.com/ecom/shop/browse/groceries/toiletries_health_and_beauty/hair_care/shampoo>
{'client': 'Waitrose', 'time': datetime.datetime(2020, 8, 25, 21, 9, 37, 439550), 'category': 'Shampoo', 'id': 'tPp464815-154487-154488', 'prod_name': 'Batiste original dry shampoo', 'waitrose_Qty': '200ml', 'waitrose_discounted_price': '£3.00', 'waitrose_offer_desc': None, 'waitrose_url': 'https://www.waitrose.com/ecom/shop/browse/groceries/toiletries_health_and_beauty/hair_care/shampoo', 'waitrose_rating': '5', 'waitrose_unit_price': '(£1.50/100ml)', 'waitrose_new_flag': None, 'waitrose_prod_name': 'Batiste original dry shampoo 200ml', 'images': []}
DEBUG: Scraped from <200 https://www.waitrose.com/ecom/shop/browse/groceries/toiletries_health_and_beauty/hair_care/shampoo>
{'client': 'Waitrose', 'time': datetime.datetime(2020, 8, 25, 21, 9, 37, 439550), 'category': 'Shampoo', 'id': 'tPp011495-5706-5707', 'prod_name': 'John Frieda Shampoo Touchably Full', 'waitrose_Qty': '250ml', 'waitrose_discounted_price': '£6.00', 'waitrose_offer_desc': None, 'waitrose_url': 'https://www.waitrose.com/ecom/shop/browse/groceries/toiletries_health_and_beauty/hair_care/shampoo', 'waitrose_rating': '4', 'waitrose_unit_price': '(£2.40/100ml)', 'waitrose_new_flag': None, 'waitrose_prod_name': 'John Frieda Shampoo Touchably Full 250ml', 'images': []}
DEBUG: Scraped from <200 https://www.waitrose.com/ecom/shop/browse/groceries/toiletries_health_and_beauty/hair_care/shampoo>
{'client': 'Waitrose', 'time': datetime.datetime(2020, 8, 25, 21, 9, 37, 439550), 'category': 'Shampoo', 'id': 'tPp809690-337194-337195', 'prod_name': 'Head & Shoulders 2in1 Itchy Scalp', 'waitrose_Qty': '450ml', 'waitrose_discounted_price': '£3.43', 'waitrose_offer_desc': 'Save 1/3.', 'waitrose_url': 'https://www.waitrose.com/ecom/shop/browse/groceries/toiletries_health_and_beauty/hair_care/shampoo', 'waitrose_rating': '5', 'waitrose_unit_price': '(76.2p/100ml)', 'waitrose_new_flag': None, 'waitrose_prod_name': 'Head & Shoulders 2in1 Itchy Scalp 450ml', 'images': []}
DEBUG: Scraped from <200 https://www.waitrose.com/ecom/shop/browse/groceries/toiletries_health_and_beauty/hair_care/shampoo>
{'client': 'Waitrose', 'time': datetime.datetime(2020, 8, 25, 21, 9, 37, 439550), 'category': 'Shampoo', 'id': 'tPp775870-724036-724037', 'prod_name': 'Faith in Nature Wild Rose Shampoo', 'waitrose_Qty': '400ml', 'waitrose_discounted_price': '£5.79', 'waitrose_offer_desc': None, 'waitrose_url': 'https://www.waitrose.com/ecom/shop/browse/groceries/toiletries_health_and_beauty/hair_care/shampoo', 'waitrose_rating': '5', 'waitrose_unit_price': '(£1.45/100ml)', 'waitrose_new_flag': None, 'waitrose_prod_name': 'Faith in Nature Wild Rose Shampoo 400ml', 'images': []}
DEBUG: Scraped from <200 https://www.waitrose.com/ecom/shop/browse/groceries/toiletries_health_and_beauty/hair_care/shampoo>
{'client': 'Waitrose', 'time': datetime.datetime(2020, 8, 25, 21, 9, 37, 439550), 'category': 'Shampoo', 'id': 'tPp714629-729752-729753', 'prod_name': 'OGX Keratin Oil Shampoo', 'waitrose_Qty': '385ml', 'waitrose_discounted_price': '£7.00', 'waitrose_offer_desc': 'Add 2 for £10', 'waitrose_url': 'https://www.waitrose.com/ecom/shop/browse/groceries/toiletries_health_and_beauty/hair_care/shampoo', 'waitrose_rating': None, 'waitrose_unit_price': '(£1.82/100ml)', 'waitrose_new_flag': 'NEW', 'waitrose_prod_name': 'OGX Keratin Oil Shampoo 385ml', 'images': []}
DEBUG: Scraped from <200 https://www.waitrose.com/ecom/shop/browse/groceries/toiletries_health_and_beauty/hair_care/shampoo>
{'client': 'Waitrose', 'time': datetime.datetime(2020, 8, 25, 21, 9, 37, 439550), 'category': 'Shampoo', 'id': 'tPp778297-720309-720310', 'prod_name': 'Pantene Grow Strong Shampoo', 'waitrose_Qty': '400ml', 'waitrose_discounted_price': '£3.75', 'waitrose_offer_desc': 'Add 2 for £5', 'waitrose_url': 'https://www.waitrose.com/ecom/shop/browse/groceries/toiletries_health_and_beauty/hair_care/shampoo', 'waitrose_rating': None, 'waitrose_unit_price': '(93.8p/100ml)', 'waitrose_new_flag': None, 'waitrose_prod_name': 'Pantene Grow Strong Shampoo 400ml', 'images': []}
DEBUG: Scraped from <200 https://www.waitrose.com/ecom/shop/browse/groceries/toiletries_health_and_beauty/hair_care/shampoo>
{'client': 'Waitrose', 'time': datetime.datetime(2020, 8, 25, 21, 9, 37, 439550), 'category': 'Shampoo', 'id': 'tPp724972-694185-694186', 'prod_name': 'Pantene 3in1 Repair & Protect', 'waitrose_Qty': '450ml', 'waitrose_discounted_price': '£3.75', 'waitrose_offer_desc': 'Add 2 for £5', 'waitrose_url': 'https://www.waitrose.com/ecom/shop/browse/groceries/toiletries_health_and_beauty/hair_care/shampoo', 'waitrose_rating': None, 'waitrose_unit_price': '(83.3p/100ml)', 'waitrose_new_flag': None, 'waitrose_prod_name': 'Pantene 3in1 Repair & Protect 450ml', 'images': []}
DEBUG: Scraped from <200 https://www.waitrose.com/ecom/shop/browse/groceries/toiletries_health_and_beauty/hair_care/shampoo>
{'client': 'Waitrose', 'time': datetime.datetime(2020, 8, 25, 21, 9, 37, 439550), 'category': 'Shampoo', 'id': 'tPp810302-683828-683829', 'prod_name': 'Herbal Essences Deep Repair Shampoo', 'waitrose_Qty': '400ml', 'waitrose_discounted_price': '£4.50', 'waitrose_offer_desc': 'Add 2 for £6', 'waitrose_url': 'https://www.waitrose.com/ecom/shop/browse/groceries/toiletries_health_and_beauty/hair_care/shampoo', 'waitrose_rating': None, 'waitrose_unit_price': '(£1.13/100ml)', 'waitrose_new_flag': None, 'waitrose_prod_name': 'Herbal Essences Deep Repair Shampoo 400ml', 'images': []}
DEBUG: Scraped from <200 https://www.waitrose.com/ecom/shop/browse/groceries/toiletries_health_and_beauty/hair_care/shampoo>
{'client': 'Waitrose', 'time': datetime.datetime(2020, 8, 25, 21, 9, 37, 439550), 'category': 'Shampoo', 'id': 'tPp595050-720203-720204', 'prod_name': 'Herbal Essences Coconut Shampoo', 'waitrose_Qty': '250ml', 'waitrose_discounted_price': '£3.00', 'waitrose_offer_desc': None, 'waitrose_url': 'https://www.waitrose.com/ecom/shop/browse/groceries/toiletries_health_and_beauty/hair_care/shampoo', 'waitrose_rating': None, 'waitrose_unit_price': '(£1.20/100ml)', 'waitrose_new_flag': None, 'waitrose_prod_name': 'Herbal Essences Coconut Shampoo 250ml', 'images': []}
DEBUG: Scraped from <200 https://www.waitrose.com/ecom/shop/browse/groceries/toiletries_health_and_beauty/hair_care/shampoo>
{'client': 'Waitrose', 'time': datetime.datetime(2020, 8, 25, 21, 9, 37, 439550), 'category': 'Shampoo', 'id': 'tPp480888-154495-154496', 'prod_name': 'Head & Shoulders Smooth Shampoo', 'waitrose_Qty': '500ml', 'waitrose_discounted_price': '£3.43', 'waitrose_offer_desc': 'Save 1/3.', 'waitrose_url': 'https://www.waitrose.com/ecom/shop/browse/groceries/toiletries_health_and_beauty/hair_care/shampoo', 'waitrose_rating': None, 'waitrose_unit_price': '(68.6p/100ml)', 'waitrose_new_flag': None, 'waitrose_prod_name': 'Head & Shoulders Smooth Shampoo 500ml', 'images': []}
DEBUG: Scraped from <200 https://www.waitrose.com/ecom/shop/browse/groceries/toiletries_health_and_beauty/hair_care/shampoo>
{'client': 'Waitrose', 'time': datetime.datetime(2020, 8, 25, 21, 9, 37, 439550), 'category': 'Shampoo', 'id': 'tPp027940-13599-13600', 'prod_name': 'Avalon Organics lemon shampoo', 'waitrose_Qty': '325ml', 'waitrose_discounted_price': '£7.00', 'waitrose_offer_desc': 'Add 2 for £11', 'waitrose_url': 'https://www.waitrose.com/ecom/shop/browse/groceries/toiletries_health_and_beauty/hair_care/shampoo', 'waitrose_rating': '3.6', 'waitrose_unit_price': '(£2.16/100ml)', 'waitrose_new_flag': None, 'waitrose_prod_name': 'Avalon Organics lemon shampoo 325ml', 'images': []}
DEBUG: Scraped from <200 https://www.waitrose.com/ecom/shop/browse/groceries/toiletries_health_and_beauty/hair_care/shampoo>
{'client': 'Waitrose', 'time': datetime.datetime(2020, 8, 25, 21, 9, 37, 439550), 'category': 'Shampoo', 'id': 'tPp096508-49364-49365', 'prod_name': 'Aussie Miracle Moist Shampoo', 'waitrose_Qty': '300ml', 'waitrose_discounted_price': '£4.10', 'waitrose_offer_desc': None, 'waitrose_url': 'https://www.waitrose.com/ecom/shop/browse/groceries/toiletries_health_and_beauty/hair_care/shampoo', 'waitrose_rating': '3.7', 'waitrose_unit_price': '(£1.37/100ml)', 'waitrose_new_flag': None, 'waitrose_prod_name': 'Aussie Miracle Moist Shampoo 300ml', 'images': []}
DEBUG: Scraped from <200 https://www.waitrose.com/ecom/shop/browse/groceries/toiletries_health_and_beauty/hair_care/shampoo>
{'client': 'Waitrose', 'time': datetime.datetime(2020, 8, 25, 21, 9, 37, 439550), 'category': 'Shampoo', 'id': 'tPp694392-98595-98596', 'prod_name': 'Head & Shoulders Shampoo Cool Menthol', 'waitrose_Qty': '500ml', 'waitrose_discounted_price': '£3.43', 'waitrose_offer_desc': 'Save 1/3.', 'waitrose_url': 'https://www.waitrose.com/ecom/shop/browse/groceries/toiletries_health_and_beauty/hair_care/shampoo', 'waitrose_rating': None, 'waitrose_unit_price': '(68.6p/100ml)', 'waitrose_new_flag': None, 'waitrose_prod_name': 'Head & Shoulders Shampoo Cool Menthol 500ml', 'images': []}
DEBUG: Scraped from <200 https://www.waitrose.com/ecom/shop/browse/groceries/toiletries_health_and_beauty/hair_care/shampoo>
{'client': 'Waitrose', 'time': datetime.datetime(2020, 8, 25, 21, 9, 37, 439550), 'category': 'Shampoo', 'id': 'tPp836383-271490-271491', 'prod_name': 'Head & Shoulders 2in1 citrus care', 'waitrose_Qty': '450ml', 'waitrose_discounted_price': '£3.43', 'waitrose_offer_desc': 'Save 1/3.', 'waitrose_url': 'https://www.waitrose.com/ecom/shop/browse/groceries/toiletries_health_and_beauty/hair_care/shampoo', 'waitrose_rating': None, 'waitrose_unit_price': '(76.2p/100ml)', 'waitrose_new_flag': None, 'waitrose_prod_name': 'Head & Shoulders 2in1 citrus care 450ml', 'images': []}
DEBUG: Scraped from <200 https://www.waitrose.com/ecom/shop/browse/groceries/toiletries_health_and_beauty/hair_care/shampoo>
{'client': 'Waitrose', 'time': datetime.datetime(2020, 8, 25, 21, 9, 37, 439550), 'category': 'Shampoo', 'id': 'tPp639145-337007-337008', 'prod_name': 'Tresemmé Shampoo Deep Cleansing', 'waitrose_Qty': '800ml', 'waitrose_discounted_price': '£5.50', 'waitrose_offer_desc': None, 'waitrose_url': 'https://www.waitrose.com/ecom/shop/browse/groceries/toiletries_health_and_beauty/hair_care/shampoo', 'waitrose_rating': '5', 'waitrose_unit_price': '(68.8p/100ml)', 'waitrose_new_flag': None, 'waitrose_prod_name': 'Tresemmé Shampoo Deep Cleansing 800ml', 'images': []}
DEBUG: Scraped from <200 https://www.waitrose.com/ecom/shop/browse/groceries/toiletries_health_and_beauty/hair_care/shampoo>
{'client': 'Waitrose', 'time': datetime.datetime(2020, 8, 25, 21, 9, 37, 439550), 'category': 'Shampoo', 'id': 'tPp575547-494836-494837', 'prod_name': 'DGJ Thickening Shampoo', 'waitrose_Qty': '250ml', 'waitrose_discounted_price': '£5.00', 'waitrose_offer_desc': None, 'waitrose_url': 'https://www.waitrose.com/ecom/shop/browse/groceries/toiletries_health_and_beauty/hair_care/shampoo', 'waitrose_rating': '5', 'waitrose_unit_price': '(£2/100ml)', 'waitrose_new_flag': None, 'waitrose_prod_name': 'DGJ Thickening Shampoo 250ml', 'images': []}
DEBUG: Scraped from <200 https://www.waitrose.com/ecom/shop/browse/groceries/toiletries_health_and_beauty/hair_care/shampoo>
{'client': 'Waitrose', 'time': datetime.datetime(2020, 8, 25, 21, 9, 37, 439550), 'category': 'Shampoo', 'id': 'tPp610920-86669-86670', 'prod_name': 'Sheer Blonde Go Blonder Shampoo', 'waitrose_Qty': '250ml', 'waitrose_discounted_price': '£6.00', 'waitrose_offer_desc': None, 'waitrose_url': 'https://www.waitrose.com/ecom/shop/browse/groceries/toiletries_health_and_beauty/hair_care/shampoo', 'waitrose_rating': '3.5', 'waitrose_unit_price': '(£2.40/100ml)', 'waitrose_new_flag': None, 'waitrose_prod_name': 'Sheer Blonde Go Blonder Shampoo 250ml', 'images': []}
DEBUG: Scraped from <200 https://www.waitrose.com/ecom/shop/browse/groceries/toiletries_health_and_beauty/hair_care/shampoo>
{'client': 'Waitrose', 'time': datetime.datetime(2020, 8, 25, 21, 9, 37, 439550), 'category': 'Shampoo', 'id': 'tPp425124-59787-59788', 'prod_name': 'Brilliant Brunette Protecting Shampoo', 'waitrose_Qty': '250ml', 'waitrose_discounted_price': '£6.00', 'waitrose_offer_desc': None, 'waitrose_url': 'https://www.waitrose.com/ecom/shop/browse/groceries/toiletries_health_and_beauty/hair_care/shampoo', 'waitrose_rating': None, 'waitrose_unit_price': '(£2.40/100ml)', 'waitrose_new_flag': None, 'waitrose_prod_name': 'Brilliant Brunette Protecting Shampoo 250ml', 'images': []}
DEBUG: Scraped from <200 https://www.waitrose.com/ecom/shop/browse/groceries/toiletries_health_and_beauty/hair_care/shampoo>
{'client': 'Waitrose', 'time': datetime.datetime(2020, 8, 25, 21, 9, 37, 439550), 'category': 'Shampoo', 'id': 'tPp062495-31737-31738', 'prod_name': 'Neutrogena T/Gel shampoo dry hair', 'waitrose_Qty': '125ml', 'waitrose_discounted_price': '£5.15', 'waitrose_offer_desc': None, 'waitrose_url': 'https://www.waitrose.com/ecom/shop/browse/groceries/toiletries_health_and_beauty/hair_care/shampoo', 'waitrose_rating': None, 'waitrose_unit_price': '(£4.12/100ml)', 'waitrose_new_flag': None, 'waitrose_prod_name': 'Neutrogena T/Gel shampoo dry hair 125ml', 'images': []}
DEBUG: Scraped from <200 https://www.waitrose.com/ecom/shop/browse/groceries/toiletries_health_and_beauty/hair_care/shampoo>
{'client': 'Waitrose', 'time': datetime.datetime(2020, 8, 25, 21, 9, 37, 439550), 'category': 'Shampoo', 'id': 'tPp863078-695988-695989', 'prod_name': 'Pantene Hair Biology Full & Vibrant', 'waitrose_Qty': '250ml', 'waitrose_discounted_price': '£2.99', 'waitrose_offer_desc': 'Save 1/3.', 'waitrose_url': 'https://www.waitrose.com/ecom/shop/browse/groceries/toiletries_health_and_beauty/hair_care/shampoo', 'waitrose_rating': None, 'waitrose_unit_price': '(£1.20/100ml)', 'waitrose_new_flag': None, 'waitrose_prod_name': 'Pantene Hair Biology Full & Vibrant 250ml', 'images': []}
DEBUG: Scraped from <200 https://www.waitrose.com/ecom/shop/browse/groceries/toiletries_health_and_beauty/hair_care/shampoo>
{'client': 'Waitrose', 'time': datetime.datetime(2020, 8, 25, 21, 9, 37, 439550), 'category': 'Shampoo', 'id': 'tPp838287-695984-695985', 'prod_name': 'Pantene Hair Biology Illuminating Mask', 'waitrose_Qty': '160ml', 'waitrose_discounted_price': '£2.99', 'waitrose_offer_desc': 'Save 1/3.', 'waitrose_url': 'https://www.waitrose.com/ecom/shop/browse/groceries/toiletries_health_and_beauty/hair_care/shampoo', 'waitrose_rating': None, 'waitrose_unit_price': '(£1.87/100ml)', 'waitrose_new_flag': None, 'waitrose_prod_name': 'Pantene Hair Biology Illuminating Mask 160ml', 'images': []}
DEBUG: Scraped from <200 https://www.waitrose.com/ecom/shop/browse/groceries/toiletries_health_and_beauty/hair_care/shampoo>
{'client': 'Waitrose', 'time': datetime.datetime(2020, 8, 25, 21, 9, 37, 439550), 'category': 'Shampoo', 'id': 'tPp853982-154925-154926', 'prod_name': 'Batiste blush dry shampoo', 'waitrose_Qty': '200ml', 'waitrose_discounted_price': '£3.00', 'waitrose_offer_desc': None, 'waitrose_url': 'https://www.waitrose.com/ecom/shop/browse/groceries/toiletries_health_and_beauty/hair_care/shampoo', 'waitrose_rating': '4', 'waitrose_unit_price': '(£1.50/100ml)', 'waitrose_new_flag': None, 'waitrose_prod_name': 'Batiste blush dry shampoo 200ml', 'images': []}
DEBUG: Scraped from <200 https://www.waitrose.com/ecom/shop/browse/groceries/toiletries_health_and_beauty/hair_care/shampoo>
{'client': 'Waitrose', 'time': datetime.datetime(2020, 8, 25, 21, 9, 37, 439550), 'category': 'Shampoo', 'id': 'tPp871494-495182-495183', 'prod_name': 'DGJ Hairjuice Shampoo', 'waitrose_Qty': '250ml', 'waitrose_discounted_price': '£5.00', 'waitrose_offer_desc': None, 'waitrose_url': 'https://www.waitrose.com/ecom/shop/browse/groceries/toiletries_health_and_beauty/hair_care/shampoo', 'waitrose_rating': '5', 'waitrose_unit_price': '(£2/100ml)', 'waitrose_new_flag': None, 'waitrose_prod_name': 'DGJ Hairjuice Shampoo 250ml', 'images': []}
DEBUG: Scraped from <200 https://www.waitrose.com/ecom/shop/browse/groceries/toiletries_health_and_beauty/hair_care/shampoo>
{'client': 'Waitrose', 'time': datetime.datetime(2020, 8, 25, 21, 9, 37, 439550), 'category': 'Shampoo', 'id': 'tPp096232-49248-49249', 'prod_name': 'Aussie Mega Shampoo', 'waitrose_Qty': '300ml', 'waitrose_discounted_price': '£4.10', 'waitrose_offer_desc': None, 'waitrose_url': 'https://www.waitrose.com/ecom/shop/browse/groceries/toiletries_health_and_beauty/hair_care/shampoo', 'waitrose_rating': '2.5', 'waitrose_unit_price': '(£1.37/100ml)', 'waitrose_new_flag': None, 'waitrose_prod_name': 'Aussie Mega Shampoo 300ml', 'images': []}
DEBUG: Scraped from <200 https://www.waitrose.com/ecom/shop/browse/groceries/toiletries_health_and_beauty/hair_care/shampoo>
{'client': 'Waitrose', 'time': datetime.datetime(2020, 8, 25, 21, 9, 37, 439550), 'category': 'Shampoo', 'id': 'tPp433216-720111-720112', 'prod_name': 'John Frieda Hydrate & Recharge Shampoo', 'waitrose_Qty': '250ml', 'waitrose_discounted_price': '£5.99', 'waitrose_offer_desc': None, 'waitrose_url': 'https://www.waitrose.com/ecom/shop/browse/groceries/toiletries_health_and_beauty/hair_care/shampoo', 'waitrose_rating': None, 'waitrose_unit_price': '(£2.40/100ml)', 'waitrose_new_flag': None, 'waitrose_prod_name': 'John Frieda Hydrate & Recharge Shampoo 250ml', 'images': []}
DEBUG: Scraped from <200 https://www.waitrose.com/ecom/shop/browse/groceries/toiletries_health_and_beauty/hair_care/shampoo>
{'client': 'Waitrose', 'time': datetime.datetime(2020, 8, 25, 21, 9, 37, 439550), 'category': 'Shampoo', 'id': 'tPp486943-68769-68770', 'prod_name': 'Head & Shoulders 2in1 classic clean', 'waitrose_Qty': '225ml', 'waitrose_discounted_price': '£3.00', 'waitrose_offer_desc': None, 'waitrose_url': 'https://www.waitrose.com/ecom/shop/browse/groceries/toiletries_health_and_beauty/hair_care/shampoo', 'waitrose_rating': '4', 'waitrose_unit_price': '(£1.34/100ml)', 'waitrose_new_flag': None, 'waitrose_prod_name': 'Head & Shoulders 2in1 classic clean 225ml', 'images': []}
DEBUG: Scraped from <200 https://www.waitrose.com/ecom/shop/browse/groceries/toiletries_health_and_beauty/hair_care/shampoo>
{'client': 'Waitrose', 'time': datetime.datetime(2020, 8, 25, 21, 9, 37, 439550), 'category': 'Shampoo', 'id': 'tPp756229-563906-563907', 'prod_name': 'Head & Shoulders 2 in 1 Total Care', 'waitrose_Qty': '225ml', 'waitrose_discounted_price': '£3.00', 'waitrose_offer_desc': None, 'waitrose_url': 'https://www.waitrose.com/ecom/shop/browse/groceries/toiletries_health_and_beauty/hair_care/shampoo', 'waitrose_rating': None, 'waitrose_unit_price': '(£1.34/100ml)', 'waitrose_new_flag': None, 'waitrose_prod_name': 'Head & Shoulders 2 in 1 Total Care 225ml', 'images': []}
DEBUG: Scraped from <200 https://www.waitrose.com/ecom/shop/browse/groceries/toiletries_health_and_beauty/hair_care/shampoo>
{'client': 'Waitrose', 'time': datetime.datetime(2020, 8, 25, 21, 9, 37, 439550), 'category': 'Shampoo', 'id': 'tPp083596-42439-42440', 'prod_name': 'Aussie Colour Mate Shampoo', 'waitrose_Qty': '300ml', 'waitrose_discounted_price': '£4.10', 'waitrose_offer_desc': None, 'waitrose_url': 'https://www.waitrose.com/ecom/shop/browse/groceries/toiletries_health_and_beauty/hair_care/shampoo', 'waitrose_rating': '5', 'waitrose_unit_price': '(£1.37/100ml)', 'waitrose_new_flag': None, 'waitrose_prod_name': 'Aussie Colour Mate Shampoo 300ml', 'images': []}
DEBUG: Scraped from <200 https://www.waitrose.com/ecom/shop/browse/groceries/toiletries_health_and_beauty/hair_care/shampoo>
{'client': 'Waitrose', 'time': datetime.datetime(2020, 8, 25, 21, 9, 37, 439550), 'category': 'Shampoo', 'id': 'tPp554742-695503-695504', 'prod_name': 'Umberto Giannini Violet Shampoo', 'waitrose_Qty': '250ml', 'waitrose_discounted_price': '£8.00', 'waitrose_offer_desc': None, 'waitrose_url': 'https://www.waitrose.com/ecom/shop/browse/groceries/toiletries_health_and_beauty/hair_care/shampoo', 'waitrose_rating': None, 'waitrose_unit_price': '(£3.20/100ml)', 'waitrose_new_flag': None, 'waitrose_prod_name': 'Umberto Giannini Violet Shampoo 250ml', 'images': []}
DEBUG: Scraped from <200 https://www.waitrose.com/ecom/shop/browse/groceries/toiletries_health_and_beauty/hair_care/shampoo>
{'client': 'Waitrose', 'time': datetime.datetime(2020, 8, 25, 21, 9, 37, 439550), 'category': 'Shampoo', 'id': 'tPp567427-683666-683667', 'prod_name': 'Ogx Charcoal Detox Shampoo', 'waitrose_Qty': '385ml', 'waitrose_discounted_price': '£7.00', 'waitrose_offer_desc': 'Add 2 for £10', 'waitrose_url': 'https://www.waitrose.com/ecom/shop/browse/groceries/toiletries_health_and_beauty/hair_care/shampoo', 'waitrose_rating': None, 'waitrose_unit_price': '(£1.82/100ml)', 'waitrose_new_flag': None, 'waitrose_prod_name': 'Ogx Charcoal Detox Shampoo 385ml', 'images': []}
DEBUG: Scraped from <200 https://www.waitrose.com/ecom/shop/browse/groceries/toiletries_health_and_beauty/hair_care/shampoo>
{'client': 'Waitrose', 'time': datetime.datetime(2020, 8, 25, 21, 9, 37, 439550), 'category': 'Shampoo', 'id': 'tPp725068-723986-723987', 'prod_name': 'Faith in Nature Lavender Shampoo', 'waitrose_Qty': '400ml', 'waitrose_discounted_price': '£5.79', 'waitrose_offer_desc': None, 'waitrose_url': 'https://www.waitrose.com/ecom/shop/browse/groceries/toiletries_health_and_beauty/hair_care/shampoo', 'waitrose_rating': None, 'waitrose_unit_price': '(£1.45/100ml)', 'waitrose_new_flag': None, 'waitrose_prod_name': 'Faith in Nature Lavender Shampoo 400ml', 'images': []}
DEBUG: Scraped from <200 https://www.waitrose.com/ecom/shop/browse/groceries/toiletries_health_and_beauty/hair_care/shampoo>
{'client': 'Waitrose', 'time': datetime.datetime(2020, 8, 25, 21, 9, 37, 439550), 'category': 'Shampoo', 'id': 'tPp364793-255761-255762', 'prod_name': 'Aussie Miracle Shine Shampoo', 'waitrose_Qty': '300ml', 'waitrose_discounted_price': '£4.00', 'waitrose_offer_desc': None, 'waitrose_url': 'https://www.waitrose.com/ecom/shop/browse/groceries/toiletries_health_and_beauty/hair_care/shampoo', 'waitrose_rating': None, 'waitrose_unit_price': '(£1.34/100ml)', 'waitrose_new_flag': None, 'waitrose_prod_name': 'Aussie Miracle Shine Shampoo 300ml', 'images': []}
DEBUG: Scraped from <200 https://www.waitrose.com/ecom/shop/browse/groceries/toiletries_health_and_beauty/hair_care/shampoo>
{'client': 'Waitrose', 'time': datetime.datetime(2020, 8, 25, 21, 9, 37, 439550), 'category': 'Shampoo', 'id': 'tPp538896-720173-720174', 'prod_name': 'Herbal Essences Argan Oil Shampoo', 'waitrose_Qty': '250ml', 'waitrose_discounted_price': '£3.00', 'waitrose_offer_desc': None, 'waitrose_url': 'https://www.waitrose.com/ecom/shop/browse/groceries/toiletries_health_and_beauty/hair_care/shampoo', 'waitrose_rating': None, 'waitrose_unit_price': '(£1.20/100ml)', 'waitrose_new_flag': None, 'waitrose_prod_name': 'Herbal Essences Argan Oil Shampoo 250ml', 'images': []}
DEBUG: Scraped from <200 https://www.waitrose.com/ecom/shop/browse/groceries/toiletries_health_and_beauty/hair_care/shampoo>
{'client': 'Waitrose', 'time': datetime.datetime(2020, 8, 25, 21, 9, 37, 439550), 'category': 'Shampoo', 'id': 'tPp852396-695857-695858', 'prod_name': 'BECO. Honey Blossom Shampoo Bar', 'waitrose_Qty': '90g', 'waitrose_discounted_price': '£4.00', 'waitrose_offer_desc': None, 'waitrose_url': 'https://www.waitrose.com/ecom/shop/browse/groceries/toiletries_health_and_beauty/hair_care/shampoo', 'waitrose_rating': '4.9', 'waitrose_unit_price': '(£4.45/100g)', 'waitrose_new_flag': None, 'waitrose_prod_name': 'BECO. Honey Blossom Shampoo Bar 90g', 'images': []}
DEBUG: Scraped from <200 https://www.waitrose.com/ecom/shop/browse/groceries/toiletries_health_and_beauty/hair_care/shampoo>
{'client': 'Waitrose', 'time': datetime.datetime(2020, 8, 25, 21, 9, 37, 439550), 'category': 'Shampoo', 'id': 'tPp584599-695531-695532', 'prod_name': 'Batiste Dry Shampoo Volume', 'waitrose_Qty': '200ml', 'waitrose_discounted_price': '£4.25', 'waitrose_offer_desc': None, 'waitrose_url': 'https://www.waitrose.com/ecom/shop/browse/groceries/toiletries_health_and_beauty/hair_care/shampoo', 'waitrose_rating': None, 'waitrose_unit_price': '(£2.13/100ml)', 'waitrose_new_flag': None, 'waitrose_prod_name': 'Batiste Dry Shampoo Volume 200ml', 'images': []}
DEBUG: Scraped from <200 https://www.waitrose.com/ecom/shop/browse/groceries/toiletries_health_and_beauty/hair_care/shampoo>
{'client': 'Waitrose', 'time': datetime.datetime(2020, 8, 25, 21, 9, 37, 439550), 'category': 'Shampoo', 'id': 'tPp492090-729670-729671', 'prod_name': 'Percy & Reed Volumising Shampoo', 'waitrose_Qty': '250ml', 'waitrose_discounted_price': '£12.00', 'waitrose_offer_desc': 'Save 1/3.', 'waitrose_url': 'https://www.waitrose.com/ecom/shop/browse/groceries/toiletries_health_and_beauty/hair_care/shampoo', 'waitrose_rating': None, 'waitrose_unit_price': '(£4.80/100ml)', 'waitrose_new_flag': 'NEW', 'waitrose_prod_name': 'Percy & Reed Volumising Shampoo 250ml', 'images': []}
DEBUG: Scraped from <200 https://www.waitrose.com/ecom/shop/browse/groceries/toiletries_health_and_beauty/hair_care/shampoo>
{'client': 'Waitrose', 'time': datetime.datetime(2020, 8, 25, 21, 9, 37, 439550), 'category': 'Shampoo', 'id': 'tPp855732-695986-695987', 'prod_name': 'Hair Biology De-Frizz Shampoo', 'waitrose_Qty': '250ml', 'waitrose_discounted_price': '£2.99', 'waitrose_offer_desc': 'Save 1/3.', 'waitrose_url': 'https://www.waitrose.com/ecom/shop/browse/groceries/toiletries_health_and_beauty/hair_care/shampoo', 'waitrose_rating': None, 'waitrose_unit_price': '(£1.20/100ml)', 'waitrose_new_flag': None, 'waitrose_prod_name': 'Hair Biology De-Frizz Shampoo 250ml', 'images': []}
DEBUG: Scraped from <200 https://www.waitrose.com/ecom/shop/browse/groceries/toiletries_health_and_beauty/hair_care/shampoo>
{'client': 'Waitrose', 'time': datetime.datetime(2020, 8, 25, 21, 9, 37, 439550), 'category': 'Shampoo', 'id': 'tPp829437-695831-695832', 'prod_name': 'Umberto Giannini Grow Long Shampoo', 'waitrose_Qty': '250ml', 'waitrose_discounted_price': '£8.00', 'waitrose_offer_desc': None, 'waitrose_url': 'https://www.waitrose.com/ecom/shop/browse/groceries/toiletries_health_and_beauty/hair_care/shampoo', 'waitrose_rating': '5', 'waitrose_unit_price': '(£3.20/100ml)', 'waitrose_new_flag': None, 'waitrose_prod_name': 'Umberto Giannini Grow Long Shampoo 250ml', 'images': []}
DEBUG: Scraped from <200 https://www.waitrose.com/ecom/shop/browse/groceries/toiletries_health_and_beauty/hair_care/shampoo>
{'client': 'Waitrose', 'time': datetime.datetime(2020, 8, 25, 21, 9, 37, 439550), 'category': 'Shampoo', 'id': 'tPp803275-329016-329017', 'prod_name': 'AOrganic Peppermint Shampoo', 'waitrose_Qty': '325ml', 'waitrose_discounted_price': '£7.00', 'waitrose_offer_desc': 'Add 2 for £11', 'waitrose_url': 'https://www.waitrose.com/ecom/shop/browse/groceries/toiletries_health_and_beauty/hair_care/shampoo', 'waitrose_rating': None, 'waitrose_unit_price': '(£2.16/100ml)', 'waitrose_new_flag': None, 'waitrose_prod_name': 'AOrganic Peppermint Shampoo 325ml', 'images': []}
DEBUG: Scraped from <200 https://www.waitrose.com/ecom/shop/browse/groceries/toiletries_health_and_beauty/hair_care/shampoo>
{'client': 'Waitrose', 'time': datetime.datetime(2020, 8, 25, 21, 9, 37, 439550), 'category': 'Shampoo', 'id': 'tPp834106-299691-299692', 'prod_name': 'Head & Shoulders 2in1 smooth & silky', 'waitrose_Qty': '450ml', 'waitrose_discounted_price': '£3.33', 'waitrose_offer_desc': 'Save 1/3.', 'waitrose_url': 'https://www.waitrose.com/ecom/shop/browse/groceries/toiletries_health_and_beauty/hair_care/shampoo', 'waitrose_rating': None, 'waitrose_unit_price': '(74p/100ml)', 'waitrose_new_flag': None, 'waitrose_prod_name': 'Head & Shoulders 2in1 smooth & silky 450ml', 'images': []}
DEBUG: Scraped from <200 https://www.waitrose.com/ecom/shop/browse/groceries/toiletries_health_and_beauty/hair_care/shampoo>
{'client': 'Waitrose', 'time': datetime.datetime(2020, 8, 25, 21, 9, 37, 439550), 'category': 'Shampoo', 'id': 'tPp711086-652694-652695', 'prod_name': 'Head & Shoulders Supreme Moisture', 'waitrose_Qty': '400ml', 'waitrose_discounted_price': '£5.15', 'waitrose_offer_desc': None, 'waitrose_url': 'https://www.waitrose.com/ecom/shop/browse/groceries/toiletries_health_and_beauty/hair_care/shampoo', 'waitrose_rating': None, 'waitrose_unit_price': '(£1.29/100ml)', 'waitrose_new_flag': None, 'waitrose_prod_name': 'Head & Shoulders Supreme Moisture 400ml', 'images': []}
DEBUG: Scraped from <200 https://www.waitrose.com/ecom/shop/browse/groceries/toiletries_health_and_beauty/hair_care/shampoo>
{'client': 'Waitrose', 'time': datetime.datetime(2020, 8, 25, 21, 9, 37, 439550), 'category': 'Shampoo', 'id': 'tPp425163-526469-526470', 'prod_name': 'Frizz Ease Shampoo Miraculous Recovery', 'waitrose_Qty': '250ml', 'waitrose_discounted_price': '£6.00', 'waitrose_offer_desc': None, 'waitrose_url': 'https://www.waitrose.com/ecom/shop/browse/groceries/toiletries_health_and_beauty/hair_care/shampoo', 'waitrose_rating': None, 'waitrose_unit_price': '(£2.40/100ml)', 'waitrose_new_flag': None, 'waitrose_prod_name': 'Frizz Ease Shampoo Miraculous Recovery 250ml', 'images': []}
DEBUG: Scraped from <200 https://www.waitrose.com/ecom/shop/browse/groceries/toiletries_health_and_beauty/hair_care/shampoo>
{'client': 'Waitrose', 'time': datetime.datetime(2020, 8, 25, 21, 9, 37, 439550), 'category': 'Shampoo', 'id': 'tPp032765-16025-16026', 'prod_name': "L'Oréal kids shampoo berry strawberry", 'waitrose_Qty': '250ml', 'waitrose_discounted_price': '£2.00', 'waitrose_offer_desc': None, 'waitrose_url': 'https://www.waitrose.com/ecom/shop/browse/groceries/toiletries_health_and_beauty/hair_care/shampoo', 'waitrose_rating': None, 'waitrose_unit_price': '(80p/100ml)', 'waitrose_new_flag': None, 'waitrose_prod_name': "L'Oréal kids shampoo berry strawberry 250ml", 'images': []}
DEBUG: Scraped from <200 https://www.waitrose.com/ecom/shop/browse/groceries/toiletries_health_and_beauty/hair_care/shampoo>
{'client': 'Waitrose', 'time': datetime.datetime(2020, 8, 25, 21, 9, 37, 439550), 'category': 'Shampoo', 'id': 'tPp847454-724141-724142', 'prod_name': 'Faith in Nature Grapefruit Shampoo', 'waitrose_Qty': '400ml', 'waitrose_discounted_price': '£5.79', 'waitrose_offer_desc': None, 'waitrose_url': 'https://www.waitrose.com/ecom/shop/browse/groceries/toiletries_health_and_beauty/hair_care/shampoo', 'waitrose_rating': None, 'waitrose_unit_price': '(£1.45/100ml)', 'waitrose_new_flag': None, 'waitrose_prod_name': 'Faith in Nature Grapefruit Shampoo 400ml', 'images': []}
DEBUG: Scraped from <200 https://www.waitrose.com/ecom/shop/browse/groceries/toiletries_health_and_beauty/hair_care/shampoo>
{'client': 'Waitrose', 'time': datetime.datetime(2020, 8, 25, 21, 9, 37, 439550), 'category': 'Shampoo', 'id': 'tPp494340-69860-69861', 'prod_name': "Neal's Yard Rose Shampoo", 'waitrose_Qty': '200ml', 'waitrose_discounted_price': '£11.50', 'waitrose_offer_desc': None, 'waitrose_url': 'https://www.waitrose.com/ecom/shop/browse/groceries/toiletries_health_and_beauty/hair_care/shampoo', 'waitrose_rating': '3.1', 'waitrose_unit_price': '(£5.75/100ml)', 'waitrose_new_flag': None, 'waitrose_prod_name': "Neal's Yard Rose Shampoo 200ml", 'images': []}
DEBUG: Scraped from <200 https://www.waitrose.com/ecom/shop/browse/groceries/toiletries_health_and_beauty/hair_care/shampoo>
{'client': 'Waitrose', 'time': datetime.datetime(2020, 8, 25, 21, 9, 37, 439550), 'category': 'Shampoo', 'id': 'tPp747801-683764-683765', 'prod_name': 'Aussie Shampoo Scent-sational', 'waitrose_Qty': '300ml', 'waitrose_discounted_price': '£4.00', 'waitrose_offer_desc': None, 'waitrose_url': 'https://www.waitrose.com/ecom/shop/browse/groceries/toiletries_health_and_beauty/hair_care/shampoo', 'waitrose_rating': '5', 'waitrose_unit_price': '(£1.34/100ml)', 'waitrose_new_flag': None, 'waitrose_prod_name': 'Aussie Shampoo Scent-sational 300ml', 'images': []}
DEBUG: Scraped from <200 https://www.waitrose.com/ecom/shop/browse/groceries/toiletries_health_and_beauty/hair_care/shampoo>
{'client': 'Waitrose', 'time': datetime.datetime(2020, 8, 25, 21, 9, 37, 439550), 'category': 'Shampoo', 'id': 'tPp502050-631293-631294', 'prod_name': 'Hask Argan Oil Repairing Shampoo', 'waitrose_Qty': '355ml', 'waitrose_discounted_price': '£7.00', 'waitrose_offer_desc': None, 'waitrose_url': 'https://www.waitrose.com/ecom/shop/browse/groceries/toiletries_health_and_beauty/hair_care/shampoo', 'waitrose_rating': '3.7', 'waitrose_unit_price': '(£1.98/100ml)', 'waitrose_new_flag': None, 'waitrose_prod_name': 'Hask Argan Oil Repairing Shampoo 355ml', 'images': []}
DEBUG: Scraped from <200 https://www.waitrose.com/ecom/shop/browse/groceries/toiletries_health_and_beauty/hair_care/shampoo>
{'client': 'Waitrose', 'time': datetime.datetime(2020, 8, 25, 21, 9, 37, 439550), 'category': 'Shampoo', 'id': 'tPp895328-495224-495225', 'prod_name': 'DGJ Kids Detangle Shampoo', 'waitrose_Qty': '250ml', 'waitrose_discounted_price': '£3.50', 'waitrose_offer_desc': None, 'waitrose_url': 'https://www.waitrose.com/ecom/shop/browse/groceries/toiletries_health_and_beauty/hair_care/shampoo', 'waitrose_rating': None, 'waitrose_unit_price': '(£1.40/100ml)', 'waitrose_new_flag': None, 'waitrose_prod_name': 'DGJ Kids Detangle Shampoo 250ml', 'images': []}
DEBUG: Scraped from <200 https://www.waitrose.com/ecom/shop/browse/groceries/toiletries_health_and_beauty/hair_care/shampoo>
{'client': 'Waitrose', 'time': datetime.datetime(2020, 8, 25, 21, 9, 37, 439550), 'category': 'Shampoo', 'id': 'tPp583946-82773-82774', 'prod_name': "Neal's Yard Lavender Shampoo", 'waitrose_Qty': '200ml', 'waitrose_discounted_price': '£11.50', 'waitrose_offer_desc': None, 'waitrose_url': 'https://www.waitrose.com/ecom/shop/browse/groceries/toiletries_health_and_beauty/hair_care/shampoo', 'waitrose_rating': '2.3', 'waitrose_unit_price': '(£5.75/100ml)', 'waitrose_new_flag': None, 'waitrose_prod_name': "Neal's Yard Lavender Shampoo 200ml", 'images': []}
DEBUG: Scraped from <200 https://www.waitrose.com/ecom/shop/browse/groceries/toiletries_health_and_beauty/hair_care/shampoo>
{'client': 'Waitrose', 'time': datetime.datetime(2020, 8, 25, 21, 9, 37, 439550), 'category': 'Shampoo', 'id': 'tPp819563-729788-729789', 'prod_name': 'Aussie Blonde Purple Shampoo', 'waitrose_Qty': '290ml', 'waitrose_discounted_price': '£5.99', 'waitrose_offer_desc': None, 'waitrose_url': 'https://www.waitrose.com/ecom/shop/browse/groceries/toiletries_health_and_beauty/hair_care/shampoo', 'waitrose_rating': None, 'waitrose_unit_price': '(£2.07/100ml)', 'waitrose_new_flag': 'NEW', 'waitrose_prod_name': 'Aussie Blonde Purple Shampoo 290ml', 'images': []}
DEBUG: Scraped from <200 https://www.waitrose.com/ecom/shop/browse/groceries/toiletries_health_and_beauty/hair_care/shampoo>
{'client': 'Waitrose', 'time': datetime.datetime(2020, 8, 25, 21, 9, 37, 439550), 'category': 'Shampoo', 'id': 'tPp844892-695845-695846', 'prod_name': 'Head & Shoulders Colour Protect', 'waitrose_Qty': '400ml', 'waitrose_discounted_price': '£5.00', 'waitrose_offer_desc': None, 'waitrose_url': 'https://www.waitrose.com/ecom/shop/browse/groceries/toiletries_health_and_beauty/hair_care/shampoo', 'waitrose_rating': None, 'waitrose_unit_price': '(£1.25/100ml)', 'waitrose_new_flag': None, 'waitrose_prod_name': 'Head & Shoulders Colour Protect 400ml', 'images': []}
DEBUG: Scraped from <200 https://www.waitrose.com/ecom/shop/browse/groceries/toiletries_health_and_beauty/hair_care/shampoo>
{'client': 'Waitrose', 'time': datetime.datetime(2020, 8, 25, 21, 9, 37, 439550), 'category': 'Shampoo', 'id': 'tPp563832-295347-295348', 'prod_name': 'Argan + Argan Oil 5Oil Miracle Shampoo', 'waitrose_Qty': '300ml', 'waitrose_discounted_price': '£6.00', 'waitrose_offer_desc': None, 'waitrose_url': 'https://www.waitrose.com/ecom/shop/browse/groceries/toiletries_health_and_beauty/hair_care/shampoo', 'waitrose_rating': '5', 'waitrose_unit_price': '(£2/100ml)', 'waitrose_new_flag': None, 'waitrose_prod_name': 'Argan + Argan Oil 5Oil Miracle Shampoo 300ml', 'images': []}
DEBUG: Scraped from <200 https://www.waitrose.com/ecom/shop/browse/groceries/toiletries_health_and_beauty/hair_care/shampoo>
{'client': 'Waitrose', 'time': datetime.datetime(2020, 8, 25, 21, 9, 37, 439550), 'category': 'Shampoo', 'id': 'tPp405353-729640-729641', 'prod_name': 'Percy & Reed No-Fuss Dry Shampoo', 'waitrose_Qty': '200ml', 'waitrose_discounted_price': '£10.00', 'waitrose_offer_desc': 'Save 1/3.', 'waitrose_url': 'https://www.waitrose.com/ecom/shop/browse/groceries/toiletries_health_and_beauty/hair_care/shampoo', 'waitrose_rating': None, 'waitrose_unit_price': '(£5/100ml)', 'waitrose_new_flag': 'NEW', 'waitrose_prod_name': 'Percy & Reed No-Fuss Dry Shampoo 200ml', 'images': []}
DEBUG: Scraped from <200 https://www.waitrose.com/ecom/shop/browse/groceries/toiletries_health_and_beauty/hair_care/shampoo>
{'client': 'Waitrose', 'time': datetime.datetime(2020, 8, 25, 21, 9, 37, 439550), 'category': 'Shampoo', 'id': 'tPp889100-330444-330445', 'prod_name': 'AOrganic Rosemary Shampoo', 'waitrose_Qty': '325ml', 'waitrose_discounted_price': '£7.00', 'waitrose_offer_desc': 'Add 2 for £11', 'waitrose_url': 'https://www.waitrose.com/ecom/shop/browse/groceries/toiletries_health_and_beauty/hair_care/shampoo', 'waitrose_rating': '2.5', 'waitrose_unit_price': '(£2.16/100ml)', 'waitrose_new_flag': None, 'waitrose_prod_name': 'AOrganic Rosemary Shampoo 325ml', 'images': []}
DEBUG: Scraped from <200 https://www.waitrose.com/ecom/shop/browse/groceries/toiletries_health_and_beauty/hair_care/shampoo>
{'client': 'Waitrose', 'time': datetime.datetime(2020, 8, 25, 21, 9, 37, 439550), 'category': 'Shampoo', 'id': 'tPp581644-729702-729703', 'prod_name': 'Percy & Reed Hydrating Shampoo', 'waitrose_Qty': '250ml', 'waitrose_discounted_price': '£12.00', 'waitrose_offer_desc': 'Save 1/3.', 'waitrose_url': 'https://www.waitrose.com/ecom/shop/browse/groceries/toiletries_health_and_beauty/hair_care/shampoo', 'waitrose_rating': None, 'waitrose_unit_price': '(£4.80/100ml)', 'waitrose_new_flag': 'NEW', 'waitrose_prod_name': 'Percy & Reed Hydrating Shampoo 250ml', 'images': []}
DEBUG: Scraped from <200 https://www.waitrose.com/ecom/shop/browse/groceries/toiletries_health_and_beauty/hair_care/shampoo>
{'client': 'Waitrose', 'time': datetime.datetime(2020, 8, 25, 21, 9, 37, 439550), 'category': 'Shampoo', 'id': 'tPp888765-695909-695910', 'prod_name': 'Umberto Giannini Curl Jelly Wash', 'waitrose_Qty': '250ml', 'waitrose_discounted_price': '£8.00', 'waitrose_offer_desc': None, 'waitrose_url': 'https://www.waitrose.com/ecom/shop/browse/groceries/toiletries_health_and_beauty/hair_care/shampoo', 'waitrose_rating': '2.5', 'waitrose_unit_price': '(£3.20/100ml)', 'waitrose_new_flag': None, 'waitrose_prod_name': 'Umberto Giannini Curl Jelly Wash 250ml', 'images': []}
DEBUG: Scraped from <200 https://www.waitrose.com/ecom/shop/browse/groceries/toiletries_health_and_beauty/hair_care/shampoo>
{'client': 'Waitrose', 'time': datetime.datetime(2020, 8, 25, 21, 9, 37, 439550), 'category': 'Shampoo', 'id': 'tPp734002-695705-695706', 'prod_name': 'Percy & Reed Wonder Wash Shampoo', 'waitrose_Qty': '250ml', 'waitrose_discounted_price': '£12.00', 'waitrose_offer_desc': 'Save 1/3.', 'waitrose_url': 'https://www.waitrose.com/ecom/shop/browse/groceries/toiletries_health_and_beauty/hair_care/shampoo', 'waitrose_rating': None, 'waitrose_unit_price': '(£4.80/100ml)', 'waitrose_new_flag': None, 'waitrose_prod_name': 'Percy & Reed Wonder Wash Shampoo 250ml', 'images': []}
DEBUG: Scraped from <200 https://www.waitrose.com/ecom/shop/browse/groceries/toiletries_health_and_beauty/hair_care/shampoo>
{'client': 'Waitrose', 'time': datetime.datetime(2020, 8, 25, 21, 9, 37, 439550), 'category': 'Shampoo', 'id': 'tPp819340-720339-720340', 'prod_name': 'Head & Shoulders Supreme Shampoo', 'waitrose_Qty': '400ml', 'waitrose_discounted_price': '£5.00', 'waitrose_offer_desc': None, 'waitrose_url': 'https://www.waitrose.com/ecom/shop/browse/groceries/toiletries_health_and_beauty/hair_care/shampoo', 'waitrose_rating': None, 'waitrose_unit_price': '(£1.25/100ml)', 'waitrose_new_flag': None, 'waitrose_prod_name': 'Head & Shoulders Supreme Shampoo 400ml', 'images': []}
DEBUG: Scraped from <200 https://www.waitrose.com/ecom/shop/browse/groceries/toiletries_health_and_beauty/hair_care/shampoo>
{'client': 'Waitrose', 'time': datetime.datetime(2020, 8, 25, 21, 9, 37, 439550), 'category': 'Shampoo', 'id': 'tPp735040-695707-695708', 'prod_name': 'Vosene Kids 3in1 Tea Tree Shampoo', 'waitrose_Qty': '250ml', 'waitrose_discounted_price': '£2.50', 'waitrose_offer_desc': None, 'waitrose_url': 'https://www.waitrose.com/ecom/shop/browse/groceries/toiletries_health_and_beauty/hair_care/shampoo', 'waitrose_rating': None, 'waitrose_unit_price': '(£1/100ml)', 'waitrose_new_flag': None, 'waitrose_prod_name': 'Vosene Kids 3in1 Tea Tree Shampoo 250ml', 'images': []}
DEBUG: Scraped from <200 https://www.waitrose.com/ecom/shop/browse/groceries/toiletries_health_and_beauty/hair_care/shampoo>
{'client': 'Waitrose', 'time': datetime.datetime(2020, 8, 25, 21, 9, 37, 439550), 'category': 'Shampoo', 'id': 'tPp530991-695493-695494', 'prod_name': 'John Frieda Shampoo Detox & Repair', 'waitrose_Qty': '250ml', 'waitrose_discounted_price': '£6.00', 'waitrose_offer_desc': None, 'waitrose_url': 'https://www.waitrose.com/ecom/shop/browse/groceries/toiletries_health_and_beauty/hair_care/shampoo', 'waitrose_rating': None, 'waitrose_unit_price': '(£2.40/100ml)', 'waitrose_new_flag': None, 'waitrose_prod_name': 'John Frieda Shampoo Detox & Repair 250ml', 'images': []}
DEBUG: Scraped from <200 https://www.waitrose.com/ecom/shop/browse/groceries/toiletries_health_and_beauty/hair_care/shampoo>
{'client': 'Waitrose', 'time': datetime.datetime(2020, 8, 25, 21, 9, 37, 439550), 'category': 'Shampoo', 'id': 'tPp402915-526384-526385', 'prod_name': 'John Frieda Violet Crush Shampoo', 'waitrose_Qty': '250ml', 'waitrose_discounted_price': '£6.00', 'waitrose_offer_desc': None, 'waitrose_url': 'https://www.waitrose.com/ecom/shop/browse/groceries/toiletries_health_and_beauty/hair_care/shampoo', 'waitrose_rating': '5', 'waitrose_unit_price': '(£2.40/100ml)', 'waitrose_new_flag': None, 'waitrose_prod_name': 'John Frieda Violet Crush Shampoo 250ml', 'images': []}
DEBUG: Scraped from <200 https://www.waitrose.com/ecom/shop/browse/groceries/toiletries_health_and_beauty/hair_care/shampoo>
{'client': 'Waitrose', 'time': datetime.datetime(2020, 8, 25, 21, 9, 37, 439550), 'category': 'Shampoo', 'id': 'tPp895244-495222-495223', 'prod_name': 'DGJ Clarifying Shampoo', 'waitrose_Qty': '250ml', 'waitrose_discounted_price': '£5.00', 'waitrose_offer_desc': None, 'waitrose_url': 'https://www.waitrose.com/ecom/shop/browse/groceries/toiletries_health_and_beauty/hair_care/shampoo', 'waitrose_rating': None, 'waitrose_unit_price': '(£2/100ml)', 'waitrose_new_flag': None, 'waitrose_prod_name': 'DGJ Clarifying Shampoo 250ml', 'images': []}
DEBUG: Scraped from <200 https://www.waitrose.com/ecom/shop/browse/groceries/toiletries_health_and_beauty/hair_care/shampoo>
{'client': 'Waitrose', 'time': datetime.datetime(2020, 8, 25, 21, 9, 37, 439550), 'category': 'Shampoo', 'id': 'tPp407272-440973-440974', 'prod_name': 'Richard Ward Chelsea Cleanse & Condition', 'waitrose_Qty': '250ml', 'waitrose_discounted_price': '£6.00', 'waitrose_offer_desc': None, 'waitrose_url': 'https://www.waitrose.com/ecom/shop/browse/groceries/toiletries_health_and_beauty/hair_care/shampoo', 'waitrose_rating': '3.7', 'waitrose_unit_price': '(£2.40/100ml)', 'waitrose_new_flag': None, 'waitrose_prod_name': 'Richard Ward Chelsea Cleanse & Condition 250ml', 'images': []}
DEBUG: Scraped from <200 https://www.waitrose.com/ecom/shop/browse/groceries/toiletries_health_and_beauty/hair_care/shampoo>
{'client': 'Waitrose', 'time': datetime.datetime(2020, 8, 25, 21, 9, 37, 439550), 'category': 'Shampoo', 'id': 'tPp686838-346630-346631', 'prod_name': 'Richard Ward argan antiageing shampoo', 'waitrose_Qty': '250ml', 'waitrose_discounted_price': '£6.00', 'waitrose_offer_desc': None, 'waitrose_url': 'https://www.waitrose.com/ecom/shop/browse/groceries/toiletries_health_and_beauty/hair_care/shampoo', 'waitrose_rating': '4.1', 'waitrose_unit_price': '(£2.40/100ml)', 'waitrose_new_flag': None, 'waitrose_prod_name': 'Richard Ward argan antiageing shampoo 250ml', 'images': []}
DEBUG: Scraped from <200 https://www.waitrose.com/ecom/shop/browse/groceries/toiletries_health_and_beauty/hair_care/shampoo>
{'client': 'Waitrose', 'time': datetime.datetime(2020, 8, 25, 21, 9, 37, 439550), 'category': 'Shampoo', 'id': 'tPp051100-25409-25410', 'prod_name': 'Sheer Blonde Moisturising Shampoo', 'waitrose_Qty': '250ml', 'waitrose_discounted_price': '£6.00', 'waitrose_offer_desc': None, 'waitrose_url': 'https://www.waitrose.com/ecom/shop/browse/groceries/toiletries_health_and_beauty/hair_care/shampoo', 'waitrose_rating': '3', 'waitrose_unit_price': '(£2.40/100ml)', 'waitrose_new_flag': None, 'waitrose_prod_name': 'Sheer Blonde Moisturising Shampoo 250ml', 'images': []}
DEBUG: Scraped from <200 https://www.waitrose.com/ecom/shop/browse/groceries/toiletries_health_and_beauty/hair_care/shampoo>
{'client': 'Waitrose', 'time': datetime.datetime(2020, 8, 25, 21, 9, 37, 439550), 'category': 'Shampoo', 'id': 'tPp884562-720413-720414', 'prod_name': 'Maui Moisture Shea Butter Shampoo', 'waitrose_Qty': '385ml', 'waitrose_discounted_price': '£9.00', 'waitrose_offer_desc': None, 'waitrose_url': 'https://www.waitrose.com/ecom/shop/browse/groceries/toiletries_health_and_beauty/hair_care/shampoo', 'waitrose_rating': None, 'waitrose_unit_price': '(£2.34/100ml)', 'waitrose_new_flag': None, 'waitrose_prod_name': 'Maui Moisture Shea Butter Shampoo 385ml', 'images': []}
DEBUG: Scraped from <200 https://www.waitrose.com/ecom/shop/browse/groceries/toiletries_health_and_beauty/hair_care/shampoo>
{'client': 'Waitrose', 'time': datetime.datetime(2020, 8, 25, 21, 9, 37, 439550), 'category': 'Shampoo', 'id': 'tPp502437-720153-720154', 'prod_name': 'Aussie Calm The Frizz Shampoo', 'waitrose_Qty': '300ml', 'waitrose_discounted_price': '£4.00', 'waitrose_offer_desc': None, 'waitrose_url': 'https://www.waitrose.com/ecom/shop/browse/groceries/toiletries_health_and_beauty/hair_care/shampoo', 'waitrose_rating': None, 'waitrose_unit_price': '(£1.34/100ml)', 'waitrose_new_flag': None, 'waitrose_prod_name': 'Aussie Calm The Frizz Shampoo 300ml', 'images': []}
DEBUG: Scraped from <200 https://www.waitrose.com/ecom/shop/browse/groceries/toiletries_health_and_beauty/hair_care/shampoo>
{'client': 'Waitrose', 'time': datetime.datetime(2020, 8, 25, 21, 9, 37, 439550), 'category': 'Shampoo', 'id': 'tPp812614-707138-707139', 'prod_name': 'Beco Spring Meadow Shampoo Bar', 'waitrose_Qty': '90g', 'waitrose_discounted_price': '£4.00', 'waitrose_offer_desc': None, 'waitrose_url': 'https://www.waitrose.com/ecom/shop/browse/groceries/toiletries_health_and_beauty/hair_care/shampoo', 'waitrose_rating': '3.3', 'waitrose_unit_price': '(£4.45/100g)', 'waitrose_new_flag': None, 'waitrose_prod_name': 'Beco Spring Meadow Shampoo Bar 90g', 'images': []}
DEBUG: Scraped from <200 https://www.waitrose.com/ecom/shop/browse/groceries/toiletries_health_and_beauty/hair_care/shampoo>
{'client': 'Waitrose', 'time': datetime.datetime(2020, 8, 25, 21, 9, 37, 439550), 'category': 'Shampoo', 'id': 'tPp414862-695397-695398', 'prod_name': 'Noughty Wave Hello Shampoo', 'waitrose_Qty': '250ml', 'waitrose_discounted_price': '£7.00', 'waitrose_offer_desc': None, 'waitrose_url': 'https://www.waitrose.com/ecom/shop/browse/groceries/toiletries_health_and_beauty/hair_care/shampoo', 'waitrose_rating': None, 'waitrose_unit_price': '(£2.80/100ml)', 'waitrose_new_flag': None, 'waitrose_prod_name': 'Noughty Wave Hello Shampoo 250ml', 'images': []}
DEBUG: Scraped from <200 https://www.waitrose.com/ecom/shop/browse/groceries/toiletries_health_and_beauty/hair_care/shampoo>
{'client': 'Waitrose', 'time': datetime.datetime(2020, 8, 25, 21, 9, 37, 439550), 'category': 'Shampoo', 'id': 'tPp687186-337057-337058', 'prod_name': 'Argan + Argan Oil Rejuvenating Shampoo', 'waitrose_Qty': '300ml', 'waitrose_discounted_price': '£6.00', 'waitrose_offer_desc': None, 'waitrose_url': 'https://www.waitrose.com/ecom/shop/browse/groceries/toiletries_health_and_beauty/hair_care/shampoo', 'waitrose_rating': '5', 'waitrose_unit_price': '(£2/100ml)', 'waitrose_new_flag': None, 'waitrose_prod_name': 'Argan + Argan Oil Rejuvenating Shampoo 300ml', 'images': []}
DEBUG: Scraped from <200 https://www.waitrose.com/ecom/shop/browse/groceries/toiletries_health_and_beauty/hair_care/shampoo>
{'client': 'Waitrose', 'time': datetime.datetime(2020, 8, 25, 21, 9, 37, 439550), 'category': 'Shampoo', 'id': 'tPp065299-33095-33096', 'prod_name': 'Frizz Ease Dream Curls Shampoo', 'waitrose_Qty': '250ml', 'waitrose_discounted_price': '£6.00', 'waitrose_offer_desc': None, 'waitrose_url': 'https://www.waitrose.com/ecom/shop/browse/groceries/toiletries_health_and_beauty/hair_care/shampoo', 'waitrose_rating': '5', 'waitrose_unit_price': '(£2.40/100ml)', 'waitrose_new_flag': None, 'waitrose_prod_name': 'Frizz Ease Dream Curls Shampoo 250ml', 'images': []}
DEBUG: Scraped from <200 https://www.waitrose.com/ecom/shop/browse/groceries/toiletries_health_and_beauty/hair_care/shampoo>
{'client': 'Waitrose', 'time': datetime.datetime(2020, 8, 25, 21, 9, 37, 439550), 'category': 'Shampoo', 'id': 'tPp527154-720165-720166', 'prod_name': 'Maui Moisture Hibiscus Water', 'waitrose_Qty': '385ml', 'waitrose_discounted_price': '£9.00', 'waitrose_offer_desc': None, 'waitrose_url': 'https://www.waitrose.com/ecom/shop/browse/groceries/toiletries_health_and_beauty/hair_care/shampoo', 'waitrose_rating': None, 'waitrose_unit_price': '(£2.34/100ml)', 'waitrose_new_flag': None, 'waitrose_prod_name': 'Maui Moisture Hibiscus Water 385ml', 'images': []}
DEBUG: Scraped from <200 https://www.waitrose.com/ecom/shop/browse/groceries/toiletries_health_and_beauty/hair_care/shampoo>
{'client': 'Waitrose', 'time': datetime.datetime(2020, 8, 25, 21, 9, 37, 439550), 'category': 'Shampoo', 'id': 'tPp567481-719558-719559', 'prod_name': 'Fit Kit Gentle Shampoo &Conditioner', 'waitrose_Qty': '200ml', 'waitrose_discounted_price': '£3.99', 'waitrose_offer_desc': None, 'waitrose_url': 'https://www.waitrose.com/ecom/shop/browse/groceries/toiletries_health_and_beauty/hair_care/shampoo', 'waitrose_rating': '5', 'waitrose_unit_price': '(£2/100ml)', 'waitrose_new_flag': None, 'waitrose_prod_name': 'Fit Kit Gentle Shampoo &Conditioner 200ml', 'images': []}
DEBUG: Scraped from <200 https://www.waitrose.com/ecom/shop/browse/groceries/toiletries_health_and_beauty/hair_care/shampoo>
{'client': 'Waitrose', 'time': datetime.datetime(2020, 8, 25, 21, 9, 37, 439550), 'category': 'Shampoo', 'id': 'tPp649492-695625-695626', 'prod_name': 'Vosene Kids 2in1 Melon Shampoo', 'waitrose_Qty': '250ml', 'waitrose_discounted_price': '£2.00', 'waitrose_offer_desc': None, 'waitrose_url': 'https://www.waitrose.com/ecom/shop/browse/groceries/toiletries_health_and_beauty/hair_care/shampoo', 'waitrose_rating': None, 'waitrose_unit_price': '(80p/100ml)', 'waitrose_new_flag': None, 'waitrose_prod_name': 'Vosene Kids 2in1 Melon Shampoo 250ml', 'images': []}
DEBUG: Scraped from <200 https://www.waitrose.com/ecom/shop/browse/groceries/toiletries_health_and_beauty/hair_care/shampoo>
{'client': 'Waitrose', 'time': datetime.datetime(2020, 8, 25, 21, 9, 37, 439550), 'category': 'Shampoo', 'id': 'tPp453160-695433-695434', 'prod_name': 'Argan+ Long & Strong Shampoo', 'waitrose_Qty': '300ml', 'waitrose_discounted_price': '£6.00', 'waitrose_offer_desc': None, 'waitrose_url': 'https://www.waitrose.com/ecom/shop/browse/groceries/toiletries_health_and_beauty/hair_care/shampoo', 'waitrose_rating': None, 'waitrose_unit_price': '(£2/100ml)', 'waitrose_new_flag': None, 'waitrose_prod_name': 'Argan+ Long & Strong Shampoo 300ml', 'images': []}
DEBUG: Scraped from <200 https://www.waitrose.com/ecom/shop/browse/groceries/toiletries_health_and_beauty/hair_care/shampoo>
{'client': 'Waitrose', 'time': datetime.datetime(2020, 8, 25, 21, 9, 37, 439550), 'category': 'Shampoo', 'id': 'tPp725372-631511-631512', 'prod_name': 'Hask Moni Coconut Oil Shampoo', 'waitrose_Qty': '355ml', 'waitrose_discounted_price': '£7.00', 'waitrose_offer_desc': None, 'waitrose_url': 'https://www.waitrose.com/ecom/shop/browse/groceries/toiletries_health_and_beauty/hair_care/shampoo', 'waitrose_rating': None, 'waitrose_unit_price': '(£1.98/100ml)', 'waitrose_new_flag': None, 'waitrose_prod_name': 'Hask Moni Coconut Oil Shampoo 355ml', 'images': []}
DEBUG: Scraped from <200 https://www.waitrose.com/ecom/shop/browse/groceries/toiletries_health_and_beauty/hair_care/shampoo>
{'client': 'Waitrose', 'time': datetime.datetime(2020, 8, 25, 21, 9, 37, 439550), 'category': 'Shampoo', 'id': 'tPp702159-494964-494965', 'prod_name': 'DGJ Argan Oil Shampoo', 'waitrose_Qty': '250ml', 'waitrose_discounted_price': '£5.00', 'waitrose_offer_desc': None, 'waitrose_url': 'https://www.waitrose.com/ecom/shop/browse/groceries/toiletries_health_and_beauty/hair_care/shampoo', 'waitrose_rating': None, 'waitrose_unit_price': '(£2/100ml)', 'waitrose_new_flag': None, 'waitrose_prod_name': 'DGJ Argan Oil Shampoo 250ml', 'images': []}
DEBUG: Scraped from <200 https://www.waitrose.com/ecom/shop/browse/groceries/toiletries_health_and_beauty/hair_care/shampoo>
{'client': 'Waitrose', 'time': datetime.datetime(2020, 8, 25, 21, 9, 37, 439550), 'category': 'Shampoo', 'id': 'tPp861587-154949-154950', 'prod_name': 'Batiste dark & deep brown dry shampoo', 'waitrose_Qty': '200ml', 'waitrose_discounted_price': '£4.00', 'waitrose_offer_desc': None, 'waitrose_url': 'https://www.waitrose.com/ecom/shop/browse/groceries/toiletries_health_and_beauty/hair_care/shampoo', 'waitrose_rating': None, 'waitrose_unit_price': '(£2/100ml)', 'waitrose_new_flag': None, 'waitrose_prod_name': 'Batiste dark & deep brown dry shampoo 200ml', 'images': []}
DEBUG: Scraped from <200 https://www.waitrose.com/ecom/shop/browse/groceries/toiletries_health_and_beauty/hair_care/shampoo>
{'client': 'Waitrose', 'time': datetime.datetime(2020, 8, 25, 21, 9, 37, 439550), 'category': 'Shampoo', 'id': 'tPp547359-720175-720176', 'prod_name': 'Maui Moisture Bamboo Shampoo', 'waitrose_Qty': '385ml', 'waitrose_discounted_price': '£9.00', 'waitrose_offer_desc': None, 'waitrose_url': 'https://www.waitrose.com/ecom/shop/browse/groceries/toiletries_health_and_beauty/hair_care/shampoo', 'waitrose_rating': '5', 'waitrose_unit_price': '(£2.34/100ml)', 'waitrose_new_flag': None, 'waitrose_prod_name': 'Maui Moisture Bamboo Shampoo 385ml', 'images': []}
DEBUG: Scraped from <200 https://www.waitrose.com/ecom/shop/browse/groceries/toiletries_health_and_beauty/hair_care/shampoo>
{'client': 'Waitrose', 'time': datetime.datetime(2020, 8, 25, 21, 9, 37, 439550), 'category': 'Shampoo', 'id': 'tPp703131-695681-695682', 'prod_name': 'Head & Shoulders Repair Shampoo', 'waitrose_Qty': '400ml', 'waitrose_discounted_price': '£5.00', 'waitrose_offer_desc': None, 'waitrose_url': 'https://www.waitrose.com/ecom/shop/browse/groceries/toiletries_health_and_beauty/hair_care/shampoo', 'waitrose_rating': '4', 'waitrose_unit_price': '(£1.25/100ml)', 'waitrose_new_flag': None, 'waitrose_prod_name': 'Head & Shoulders Repair Shampoo 400ml', 'images': []}
DEBUG: Scraped from <200 https://www.waitrose.com/ecom/shop/browse/groceries/toiletries_health_and_beauty/hair_care/shampoo>
{'client': 'Waitrose', 'time': datetime.datetime(2020, 8, 25, 21, 9, 37, 439550), 'category': 'Shampoo', 'id': 'tPp492466-631281-631282', 'prod_name': 'Hask Keratin Protein Smoothing Shampoo', 'waitrose_Qty': '355ml', 'waitrose_discounted_price': '£7.00', 'waitrose_offer_desc': None, 'waitrose_url': 'https://www.waitrose.com/ecom/shop/browse/groceries/toiletries_health_and_beauty/hair_care/shampoo', 'waitrose_rating': None, 'waitrose_unit_price': '(£1.98/100ml)', 'waitrose_new_flag': None, 'waitrose_prod_name': 'Hask Keratin Protein Smoothing Shampoo 355ml', 'images': []}
DEBUG: Scraped from <200 https://www.waitrose.com/ecom/shop/browse/groceries/toiletries_health_and_beauty/hair_care/shampoo>
{'client': 'Waitrose', 'time': datetime.datetime(2020, 8, 25, 21, 9, 37, 439550), 'category': 'Shampoo', 'id': 'tPp401660-588303-588304', 'prod_name': 'Richard Ward Brunette Shampoo', 'waitrose_Qty': '250ml', 'waitrose_discounted_price': '£6.00', 'waitrose_offer_desc': None, 'waitrose_url': 'https://www.waitrose.com/ecom/shop/browse/groceries/toiletries_health_and_beauty/hair_care/shampoo', 'waitrose_rating': '5', 'waitrose_unit_price': '(£2.40/100ml)', 'waitrose_new_flag': None, 'waitrose_prod_name': 'Richard Ward Brunette Shampoo 250ml', 'images': []}
DEBUG: Scraped from <200 https://www.waitrose.com/ecom/shop/browse/groceries/toiletries_health_and_beauty/hair_care/shampoo>
{'client': 'Waitrose', 'time': datetime.datetime(2020, 8, 25, 21, 9, 37, 439550), 'category': 'Shampoo', 'id': 'tPp755186-495024-495025', 'prod_name': 'DGJ Colour Save Shampoo', 'waitrose_Qty': '250ml', 'waitrose_discounted_price': '£5.00', 'waitrose_offer_desc': None, 'waitrose_url': 'https://www.waitrose.com/ecom/shop/browse/groceries/toiletries_health_and_beauty/hair_care/shampoo', 'waitrose_rating': None, 'waitrose_unit_price': '(£2/100ml)', 'waitrose_new_flag': None, 'waitrose_prod_name': 'DGJ Colour Save Shampoo 250ml', 'images': []}
DEBUG: Scraped from <200 https://www.waitrose.com/ecom/shop/browse/groceries/toiletries_health_and_beauty/hair_care/shampoo>
{'client': 'Waitrose', 'time': datetime.datetime(2020, 8, 25, 21, 9, 37, 439550), 'category': 'Shampoo', 'id': 'tPp745828-495012-495013', 'prod_name': 'DGJ Kids Lice Repel Shampoo', 'waitrose_Qty': '250ml', 'waitrose_discounted_price': '£3.50', 'waitrose_offer_desc': None, 'waitrose_url': 'https://www.waitrose.com/ecom/shop/browse/groceries/toiletries_health_and_beauty/hair_care/shampoo', 'waitrose_rating': None, 'waitrose_unit_price': '(£1.40/100ml)', 'waitrose_new_flag': None, 'waitrose_prod_name': 'DGJ Kids Lice Repel Shampoo 250ml', 'images': []}
DEBUG: Scraped from <200 https://www.waitrose.com/ecom/shop/browse/groceries/toiletries_health_and_beauty/hair_care/shampoo>
{'client': 'Waitrose', 'time': datetime.datetime(2020, 8, 25, 21, 9, 37, 439550), 'category': 'Shampoo', 'id': 'tPp816738-442231-442232', 'prod_name': 'SensSpa Nourishing Shampoo', 'waitrose_Qty': '250ml', 'waitrose_discounted_price': '£6.00', 'waitrose_offer_desc': None, 'waitrose_url': 'https://www.waitrose.com/ecom/shop/browse/groceries/toiletries_health_and_beauty/hair_care/shampoo', 'waitrose_rating': '2.6', 'waitrose_unit_price': '(£2.40/100ml)', 'waitrose_new_flag': None, 'waitrose_prod_name': 'SensSpa Nourishing Shampoo 250ml', 'images': []}
DEBUG: Scraped from <200 https://www.waitrose.com/ecom/shop/browse/groceries/toiletries_health_and_beauty/hair_care/shampoo>
{'client': 'Waitrose', 'time': datetime.datetime(2020, 8, 25, 21, 9, 37, 439550), 'category': 'Shampoo', 'id': 'tPp833802-337290-337291', 'prod_name': 'Aussie Miracle Moist Spray', 'waitrose_Qty': '250ml', 'waitrose_discounted_price': '£5.15', 'waitrose_offer_desc': None, 'waitrose_url': 'https://www.waitrose.com/ecom/shop/browse/groceries/toiletries_health_and_beauty/hair_care/shampoo', 'waitrose_rating': None, 'waitrose_unit_price': '(£2.06/100ml)', 'waitrose_new_flag': None, 'waitrose_prod_name': 'Aussie Miracle Moist Spray 250ml', 'images': []}
DEBUG: Scraped from <200 https://www.waitrose.com/ecom/shop/browse/groceries/toiletries_health_and_beauty/hair_care/shampoo>
{'client': 'Waitrose', 'time': datetime.datetime(2020, 8, 25, 21, 9, 37, 439550), 'category': 'Shampoo', 'id': 'tPp567431-729696-729697', 'prod_name': 'Batiste Dry Shampoo for Blondes', 'waitrose_Qty': '200ml', 'waitrose_discounted_price': '£4.00', 'waitrose_offer_desc': None, 'waitrose_url': 'https://www.waitrose.com/ecom/shop/browse/groceries/toiletries_health_and_beauty/hair_care/shampoo', 'waitrose_rating': None, 'waitrose_unit_price': '(£2/100ml)', 'waitrose_new_flag': 'NEW', 'waitrose_prod_name': 'Batiste Dry Shampoo for Blondes 200ml', 'images': []}
DEBUG: Scraped from <200 https://www.waitrose.com/ecom/shop/browse/groceries/toiletries_health_and_beauty/hair_care/shampoo>
{'client': 'Waitrose', 'time': datetime.datetime(2020, 8, 25, 21, 9, 37, 439550), 'category': 'Shampoo', 'id': 'tPp808436-720325-720326', 'prod_name': 'Hask Biotin Boost Shampoo', 'waitrose_Qty': '355ml', 'waitrose_discounted_price': '£7.00', 'waitrose_offer_desc': None, 'waitrose_url': 'https://www.waitrose.com/ecom/shop/browse/groceries/toiletries_health_and_beauty/hair_care/shampoo', 'waitrose_rating': None, 'waitrose_unit_price': '(£1.98/100ml)', 'waitrose_new_flag': None, 'waitrose_prod_name': 'Hask Biotin Boost Shampoo 355ml', 'images': []}
DEBUG: Scraped from <200 https://www.waitrose.com/ecom/shop/browse/groceries/toiletries_health_and_beauty/hair_care/shampoo>
{'client': 'Waitrose', 'time': datetime.datetime(2020, 8, 25, 21, 9, 37, 439550), 'category': 'Shampoo', 'id': 'tPp657930-695639-695640', 'prod_name': 'Noughty Pumped Up Shampoo', 'waitrose_Qty': '250ml', 'waitrose_discounted_price': '£7.00', 'waitrose_offer_desc': None, 'waitrose_url': 'https://www.waitrose.com/ecom/shop/browse/groceries/toiletries_health_and_beauty/hair_care/shampoo', 'waitrose_rating': '5', 'waitrose_unit_price': '(£2.80/100ml)', 'waitrose_new_flag': None, 'waitrose_prod_name': 'Noughty Pumped Up Shampoo 250ml', 'images': []}
DEBUG: Scraped from <200 https://www.waitrose.com/ecom/shop/browse/groceries/toiletries_health_and_beauty/hair_care/shampoo>
{'client': 'Waitrose', 'time': datetime.datetime(2020, 8, 25, 21, 9, 37, 439550), 'category': 'Shampoo', 'id': 'tPp645178-695617-695618', 'prod_name': 'John Frieda Shampoo Weightless Wonder', 'waitrose_Qty': '250ml', 'waitrose_discounted_price': '£6.00', 'waitrose_offer_desc': None, 'waitrose_url': 'https://www.waitrose.com/ecom/shop/browse/groceries/toiletries_health_and_beauty/hair_care/shampoo', 'waitrose_rating': '4.6', 'waitrose_unit_price': '(£2.40/100ml)', 'waitrose_new_flag': None, 'waitrose_prod_name': 'John Frieda Shampoo Weightless Wonder 250ml', 'images': []}
DEBUG: Scraped from <200 https://www.waitrose.com/ecom/shop/browse/groceries/toiletries_health_and_beauty/hair_care/shampoo>
{'client': 'Waitrose', 'time': datetime.datetime(2020, 8, 25, 21, 9, 37, 439550), 'category': 'Shampoo', 'id': 'tPp631829-695597-695598', 'prod_name': 'Noughty Detox Dynamo Shampoo', 'waitrose_Qty': '250ml', 'waitrose_discounted_price': '£7.00', 'waitrose_offer_desc': None, 'waitrose_url': 'https://www.waitrose.com/ecom/shop/browse/groceries/toiletries_health_and_beauty/hair_care/shampoo', 'waitrose_rating': None, 'waitrose_unit_price': '(£2.80/100ml)', 'waitrose_new_flag': None, 'waitrose_prod_name': 'Noughty Detox Dynamo Shampoo 250ml', 'images': []}
DEBUG: Scraped from <200 https://www.waitrose.com/ecom/shop/browse/groceries/toiletries_health_and_beauty/hair_care/shampoo>
{'client': 'Waitrose', 'time': datetime.datetime(2020, 8, 25, 21, 9, 37, 439550), 'category': 'Shampoo', 'id': 'tPp603087-695555-695556', 'prod_name': 'Noughty Colour Bomb Shampoo', 'waitrose_Qty': '250ml', 'waitrose_discounted_price': '£7.00', 'waitrose_offer_desc': None, 'waitrose_url': 'https://www.waitrose.com/ecom/shop/browse/groceries/toiletries_health_and_beauty/hair_care/shampoo', 'waitrose_rating': '3', 'waitrose_unit_price': '(£2.80/100ml)', 'waitrose_new_flag': None, 'waitrose_prod_name': 'Noughty Colour Bomb Shampoo 250ml', 'images': []}
DEBUG: Scraped from <200 https://www.waitrose.com/ecom/shop/browse/groceries/toiletries_health_and_beauty/hair_care/shampoo>
{'client': 'Waitrose', 'time': datetime.datetime(2020, 8, 25, 21, 9, 37, 439550), 'category': 'Shampoo', 'id': 'tPp591666-681031-681032', 'prod_name': 'Pure Grace Shower Gel', 'waitrose_Qty': '480ml', 'waitrose_discounted_price': '£19.50', 'waitrose_offer_desc': None, 'waitrose_url': 'https://www.waitrose.com/ecom/shop/browse/groceries/toiletries_health_and_beauty/hair_care/shampoo', 'waitrose_rating': None, 'waitrose_unit_price': '(£4.07/100ml)', 'waitrose_new_flag': None, 'waitrose_prod_name': 'Pure Grace Shower Gel 480ml', 'images': []}
DEBUG: Scraped from <200 https://www.waitrose.com/ecom/shop/browse/groceries/toiletries_health_and_beauty/hair_care/shampoo>
{'client': 'Waitrose', 'time': datetime.datetime(2020, 8, 25, 21, 9, 37, 439550), 'category': 'Shampoo', 'id': 'tPp807825-473364-473365', 'prod_name': 'SenSpa Deep Cleanse Shampoo', 'waitrose_Qty': '250ml', 'waitrose_discounted_price': '£6.00', 'waitrose_offer_desc': None, 'waitrose_url': 'https://www.waitrose.com/ecom/shop/browse/groceries/toiletries_health_and_beauty/hair_care/shampoo', 'waitrose_rating': '3.7', 'waitrose_unit_price': '(£2.40/100ml)', 'waitrose_new_flag': None, 'waitrose_prod_name': 'SenSpa Deep Cleanse Shampoo 250ml', 'images': []}
INFO: Closing spider (finished)
INFO: Stored json feed (139 items) in: waitrose_082520.json
INFO: Dumping Scrapy stats:
{'downloader/request_bytes': 5176,
 'downloader/request_count': 2,
 'downloader/request_method_count/POST': 2,
 'downloader/response_bytes': 1642971,
 'downloader/response_count': 2,
 'downloader/response_status_count/200': 1,
 'downloader/response_status_count/504': 1,
 'finish_reason': 'finished',
 'finish_time': datetime.datetime(2020, 8, 25, 16, 10, 55, 675645),
 'item_scraped_count': 139,
 'log_count/DEBUG': 141,
 'log_count/INFO': 41,
 'log_count/WARNING': 1,
 'response_received_count': 1,
 'retry/count': 1,
 'retry/reason_count/504 Gateway Time-out': 1,
 'scheduler/dequeued': 3,
 'scheduler/dequeued/memory': 3,
 'scheduler/enqueued': 3,
 'scheduler/enqueued/memory': 3,
 'splash/execute/request_count': 1,
 'splash/execute/response_count/200': 1,
 'splash/execute/response_count/504': 1,
 'start_time': datetime.datetime(2020, 8, 25, 15, 39, 37, 702336)}
INFO: Spider closed (finished)
INFO: Scrapy 1.6.0 started (bot: waitrose)
INFO: Versions: lxml 4.5.1.0, libxml2 2.9.10, cssselect 1.1.0, parsel 1.6.0, w3lib 1.22.0, Twisted 20.3.0, Python 3.7.7 (default, May  6 2020, 11:45:54) [MSC v.1916 64 bit (AMD64)], pyOpenSSL 19.1.0 (OpenSSL 1.1.1g  21 Apr 2020), cryptography 2.9.2, Platform Windows-10-10.0.18362-SP0
INFO: Overridden settings: {'BOT_NAME': 'waitrose', 'DOWNLOAD_TIMEOUT': 1200, 'DUPEFILTER_CLASS': 'scrapy_splash.SplashAwareDupeFilter', 'FEED_EXPORT_ENCODING': 'utf-8', 'FEED_FORMAT': 'json', 'FEED_URI': 'waitrose_082620.json', 'NEWSPIDER_MODULE': 'waitrose.spiders', 'SPIDER_MODULES': ['waitrose.spiders']}
INFO: Telnet Password: 14e8e991626789d1
INFO: Enabled extensions:
['scrapy.extensions.corestats.CoreStats',
 'scrapy.extensions.telnet.TelnetConsole',
 'scrapy.extensions.feedexport.FeedExporter',
 'scrapy.extensions.logstats.LogStats']
INFO: Enabled downloader middlewares:
['scrapy.downloadermiddlewares.httpauth.HttpAuthMiddleware',
 'scrapy.downloadermiddlewares.downloadtimeout.DownloadTimeoutMiddleware',
 'scrapy.downloadermiddlewares.defaultheaders.DefaultHeadersMiddleware',
 'scrapy.downloadermiddlewares.useragent.UserAgentMiddleware',
 'scrapy.downloadermiddlewares.retry.RetryMiddleware',
 'scrapy.downloadermiddlewares.redirect.MetaRefreshMiddleware',
 'scrapy.downloadermiddlewares.redirect.RedirectMiddleware',
 'scrapy.downloadermiddlewares.cookies.CookiesMiddleware',
 'scrapy_splash.SplashCookiesMiddleware',
 'scrapy_splash.SplashMiddleware',
 'scrapy.downloadermiddlewares.httpproxy.HttpProxyMiddleware',
 'scrapy.downloadermiddlewares.httpcompression.HttpCompressionMiddleware',
 'scrapy.downloadermiddlewares.stats.DownloaderStats']
INFO: Enabled spider middlewares:
['scrapy.spidermiddlewares.httperror.HttpErrorMiddleware',
 'scrapy_splash.SplashDeduplicateArgsMiddleware',
 'scrapy.spidermiddlewares.offsite.OffsiteMiddleware',
 'scrapy.spidermiddlewares.referer.RefererMiddleware',
 'scrapy.spidermiddlewares.urllength.UrlLengthMiddleware',
 'scrapy.spidermiddlewares.depth.DepthMiddleware']
INFO: Enabled item pipelines:
['waitrose.pipelines.ImageDownloaderPipeline',
 'waitrose.pipelines.SQLlitePipeline']
INFO: Spider opened
INFO: Crawled 0 pages (at 0 pages/min), scraped 0 items (at 0 items/min)
WARNING: C:\Users\sujithk\AppData\Local\Continuum\anaconda3\envs\Virtual_Env\lib\site-packages\scrapy\spidermiddlewares\offsite.py:61: URLWarning: allowed_domains accepts only domains, not URLs. Ignoring URL entry https://www.waitrose.com/ in allowed_domains.
  warnings.warn(message, URLWarning)

INFO: Telnet console listening on 127.0.0.1:6025
INFO: Crawled 0 pages (at 0 pages/min), scraped 0 items (at 0 items/min)
DEBUG: Crawled (200) <GET https://www.waitrose.com/ecom/shop/browse/groceries/toiletries_health_and_beauty/hair_care/shampoo via http://192.168.1.9:8050/execute> (referer: None)
DEBUG: Scraped from <200 https://www.waitrose.com/ecom/shop/browse/groceries/toiletries_health_and_beauty/hair_care/shampoo>
{'client': 'Waitrose', 'time': datetime.datetime(2020, 8, 26, 9, 41, 17, 704853), 'category': 'Shampoo', 'id': 'tPp639366-90822-90823', 'prod_name': 'Head & Shoulders Shampoo Classic', 'waitrose_Qty': '500ml', 'waitrose_discounted_price': '£5.15', 'waitrose_offer_desc': None, 'waitrose_url': 'https://www.waitrose.com/ecom/shop/browse/groceries/toiletries_health_and_beauty/hair_care/shampoo', 'waitrose_rating': '3.5', 'waitrose_unit_price': '(£1.03/100ml)', 'waitrose_new_flag': None, 'waitrose_prod_name': 'Head & Shoulders Shampoo Classic 500ml', 'images': []}
DEBUG: Scraped from <200 https://www.waitrose.com/ecom/shop/browse/groceries/toiletries_health_and_beauty/hair_care/shampoo>
{'client': 'Waitrose', 'time': datetime.datetime(2020, 8, 26, 9, 41, 17, 704853), 'category': 'Shampoo', 'id': 'tPp092708-47659-47660', 'prod_name': 'Vosene Original Shampoo', 'waitrose_Qty': '250ml', 'waitrose_discounted_price': '£1.36', 'waitrose_offer_desc': 'Save 1/3.', 'waitrose_url': 'https://www.waitrose.com/ecom/shop/browse/groceries/toiletries_health_and_beauty/hair_care/shampoo', 'waitrose_rating': '5', 'waitrose_unit_price': '(54.4p/100ml)', 'waitrose_new_flag': None, 'waitrose_prod_name': 'Vosene Original Shampoo 250ml', 'images': []}
DEBUG: Scraped from <200 https://www.waitrose.com/ecom/shop/browse/groceries/toiletries_health_and_beauty/hair_care/shampoo>
{'client': 'Waitrose', 'time': datetime.datetime(2020, 8, 26, 9, 41, 17, 704853), 'category': 'Shampoo', 'id': 'tPp701301-99532-99533', 'prod_name': 'Essential Daily Care Shampoo', 'waitrose_Qty': '300ml', 'waitrose_discounted_price': '80p', 'waitrose_offer_desc': None, 'waitrose_url': 'https://www.waitrose.com/ecom/shop/browse/groceries/toiletries_health_and_beauty/hair_care/shampoo', 'waitrose_rating': '4.1', 'waitrose_unit_price': '(26.7p/100ml)', 'waitrose_new_flag': None, 'waitrose_prod_name': 'Essential Daily Care Shampoo 300ml', 'images': []}
DEBUG: Scraped from <200 https://www.waitrose.com/ecom/shop/browse/groceries/toiletries_health_and_beauty/hair_care/shampoo>
{'client': 'Waitrose', 'time': datetime.datetime(2020, 8, 26, 9, 41, 17, 704853), 'category': 'Shampoo', 'id': 'tPp059421-29947-29948', 'prod_name': 'Aussie Aussome Volume Shampoo', 'waitrose_Qty': '300ml', 'waitrose_discounted_price': '£2.00', 'waitrose_offer_desc': 'Half Price.', 'waitrose_url': 'https://www.waitrose.com/ecom/shop/browse/groceries/toiletries_health_and_beauty/hair_care/shampoo', 'waitrose_rating': '5', 'waitrose_unit_price': '(66.7p/100ml)', 'waitrose_new_flag': None, 'waitrose_prod_name': 'Aussie Aussome Volume Shampoo 300ml', 'images': []}
DEBUG: Scraped from <200 https://www.waitrose.com/ecom/shop/browse/groceries/toiletries_health_and_beauty/hair_care/shampoo>
{'client': 'Waitrose', 'time': datetime.datetime(2020, 8, 26, 9, 41, 17, 704853), 'category': 'Shampoo', 'id': 'tPp059421-29947-29948', 'prod_name': 'Aussie Aussome Volume Shampoo', 'waitrose_Qty': '300ml', 'waitrose_discounted_price': '£2.00', 'waitrose_offer_desc': 'Half Price.', 'waitrose_url': 'https://www.waitrose.com/ecom/shop/browse/groceries/toiletries_health_and_beauty/hair_care/shampoo', 'waitrose_rating': '5', 'waitrose_unit_price': '(66.7p/100ml)', 'waitrose_new_flag': None, 'waitrose_prod_name': 'Aussie Aussome Volume Shampoo 300ml', 'images': []}
DEBUG: Scraped from <200 https://www.waitrose.com/ecom/shop/browse/groceries/toiletries_health_and_beauty/hair_care/shampoo>
{'client': 'Waitrose', 'time': datetime.datetime(2020, 8, 26, 9, 41, 17, 704853), 'category': 'Shampoo', 'id': 'tPp799806-683814-683815', 'prod_name': 'Tresemmé Shampoo Moisture Rich', 'waitrose_Qty': '800ml', 'waitrose_discounted_price': '£2.75', 'waitrose_offer_desc': 'Half Price.', 'waitrose_url': 'https://www.waitrose.com/ecom/shop/browse/groceries/toiletries_health_and_beauty/hair_care/shampoo', 'waitrose_rating': None, 'waitrose_unit_price': '(34.4p/100ml)', 'waitrose_new_flag': None, 'waitrose_prod_name': 'Tresemmé Shampoo Moisture Rich 800ml', 'images': []}
DEBUG: Scraped from <200 https://www.waitrose.com/ecom/shop/browse/groceries/toiletries_health_and_beauty/hair_care/shampoo>
{'client': 'Waitrose', 'time': datetime.datetime(2020, 8, 26, 9, 41, 17, 704853), 'category': 'Shampoo', 'id': 'tPp535961-75786-75787', 'prod_name': 'essential Waitrose Nourishing Shampoo', 'waitrose_Qty': '300ml', 'waitrose_discounted_price': '80p', 'waitrose_offer_desc': None, 'waitrose_url': 'https://www.waitrose.com/ecom/shop/browse/groceries/toiletries_health_and_beauty/hair_care/shampoo', 'waitrose_rating': '4.3', 'waitrose_unit_price': '(26.7p/100ml)', 'waitrose_new_flag': None, 'waitrose_prod_name': 'essential Waitrose Nourishing Shampoo 300ml', 'images': []}
DEBUG: Scraped from <200 https://www.waitrose.com/ecom/shop/browse/groceries/toiletries_health_and_beauty/hair_care/shampoo>
{'client': 'Waitrose', 'time': datetime.datetime(2020, 8, 26, 9, 41, 17, 704853), 'category': 'Shampoo', 'id': 'tPp011495-5706-5707', 'prod_name': 'John Frieda Shampoo Touchably Full', 'waitrose_Qty': '250ml', 'waitrose_discounted_price': '£3.99', 'waitrose_offer_desc': 'Save 1/3.', 'waitrose_url': 'https://www.waitrose.com/ecom/shop/browse/groceries/toiletries_health_and_beauty/hair_care/shampoo', 'waitrose_rating': '4', 'waitrose_unit_price': '(£1.60/100ml)', 'waitrose_new_flag': None, 'waitrose_prod_name': 'John Frieda Shampoo Touchably Full 250ml', 'images': []}
DEBUG: Scraped from <200 https://www.waitrose.com/ecom/shop/browse/groceries/toiletries_health_and_beauty/hair_care/shampoo>
{'client': 'Waitrose', 'time': datetime.datetime(2020, 8, 26, 9, 41, 17, 704853), 'category': 'Shampoo', 'id': 'tPp775870-724036-724037', 'prod_name': 'Faith in Nature Wild Rose Shampoo', 'waitrose_Qty': '400ml', 'waitrose_discounted_price': '£3.86', 'waitrose_offer_desc': 'Save 1/3.', 'waitrose_url': 'https://www.waitrose.com/ecom/shop/browse/groceries/toiletries_health_and_beauty/hair_care/shampoo', 'waitrose_rating': '5', 'waitrose_unit_price': '(96.5p/100ml)', 'waitrose_new_flag': None, 'waitrose_prod_name': 'Faith in Nature Wild Rose Shampoo 400ml', 'images': []}
DEBUG: Scraped from <200 https://www.waitrose.com/ecom/shop/browse/groceries/toiletries_health_and_beauty/hair_care/shampoo>
{'client': 'Waitrose', 'time': datetime.datetime(2020, 8, 26, 9, 41, 17, 704853), 'category': 'Shampoo', 'id': 'tPp096508-49364-49365', 'prod_name': 'Aussie Miracle Moist Shampoo', 'waitrose_Qty': '300ml', 'waitrose_discounted_price': '£2.05', 'waitrose_offer_desc': 'Half Price.', 'waitrose_url': 'https://www.waitrose.com/ecom/shop/browse/groceries/toiletries_health_and_beauty/hair_care/shampoo', 'waitrose_rating': '3.7', 'waitrose_unit_price': '(68.3p/100ml)', 'waitrose_new_flag': None, 'waitrose_prod_name': 'Aussie Miracle Moist Shampoo 300ml', 'images': []}
DEBUG: Scraped from <200 https://www.waitrose.com/ecom/shop/browse/groceries/toiletries_health_and_beauty/hair_care/shampoo>
{'client': 'Waitrose', 'time': datetime.datetime(2020, 8, 26, 9, 41, 17, 704853), 'category': 'Shampoo', 'id': 'tPp435635-694165-694166', 'prod_name': 'Pantene Classic Clean Shampoo', 'waitrose_Qty': '500ml', 'waitrose_discounted_price': '£5.15', 'waitrose_offer_desc': None, 'waitrose_url': 'https://www.waitrose.com/ecom/shop/browse/groceries/toiletries_health_and_beauty/hair_care/shampoo', 'waitrose_rating': None, 'waitrose_unit_price': '(£1.03/100ml)', 'waitrose_new_flag': None, 'waitrose_prod_name': 'Pantene Classic Clean Shampoo 500ml', 'images': []}
DEBUG: Scraped from <200 https://www.waitrose.com/ecom/shop/browse/groceries/toiletries_health_and_beauty/hair_care/shampoo>
{'client': 'Waitrose', 'time': datetime.datetime(2020, 8, 26, 9, 41, 17, 704853), 'category': 'Shampoo', 'id': 'tPp595050-720203-720204', 'prod_name': 'Herbal Essences Coconut Shampoo', 'waitrose_Qty': '250ml', 'waitrose_discounted_price': '£2.00', 'waitrose_offer_desc': 'Save 1/3.', 'waitrose_url': 'https://www.waitrose.com/ecom/shop/browse/groceries/toiletries_health_and_beauty/hair_care/shampoo', 'waitrose_rating': None, 'waitrose_unit_price': '(80p/100ml)', 'waitrose_new_flag': None, 'waitrose_prod_name': 'Herbal Essences Coconut Shampoo 250ml', 'images': []}
DEBUG: Scraped from <200 https://www.waitrose.com/ecom/shop/browse/groceries/toiletries_health_and_beauty/hair_care/shampoo>
{'client': 'Waitrose', 'time': datetime.datetime(2020, 8, 26, 9, 41, 17, 704853), 'category': 'Shampoo', 'id': 'tPp639145-337007-337008', 'prod_name': 'Tresemmé Shampoo Deep Cleansing', 'waitrose_Qty': '800ml', 'waitrose_discounted_price': '£2.75', 'waitrose_offer_desc': 'Half Price.', 'waitrose_url': 'https://www.waitrose.com/ecom/shop/browse/groceries/toiletries_health_and_beauty/hair_care/shampoo', 'waitrose_rating': '5', 'waitrose_unit_price': '(34.4p/100ml)', 'waitrose_new_flag': None, 'waitrose_prod_name': 'Tresemmé Shampoo Deep Cleansing 800ml', 'images': []}
DEBUG: Scraped from <200 https://www.waitrose.com/ecom/shop/browse/groceries/toiletries_health_and_beauty/hair_care/shampoo>
{'client': 'Waitrose', 'time': datetime.datetime(2020, 8, 26, 9, 41, 17, 704853), 'category': 'Shampoo', 'id': 'tPp824583-694195-694196', 'prod_name': 'Pantene Repair & Protect Shampoo', 'waitrose_Qty': '500ml', 'waitrose_discounted_price': '£3.75', 'waitrose_offer_desc': None, 'waitrose_url': 'https://www.waitrose.com/ecom/shop/browse/groceries/toiletries_health_and_beauty/hair_care/shampoo', 'waitrose_rating': None, 'waitrose_unit_price': '(75p/100ml)', 'waitrose_new_flag': None, 'waitrose_prod_name': 'Pantene Repair & Protect Shampoo 500ml', 'images': []}
DEBUG: Scraped from <200 https://www.waitrose.com/ecom/shop/browse/groceries/toiletries_health_and_beauty/hair_care/shampoo>
{'client': 'Waitrose', 'time': datetime.datetime(2020, 8, 26, 9, 41, 17, 704853), 'category': 'Shampoo', 'id': 'tPp810201-352482-352483', 'prod_name': 'Essential Daily Care 2 in 1', 'waitrose_Qty': '300ml', 'waitrose_discounted_price': '80p', 'waitrose_offer_desc': None, 'waitrose_url': 'https://www.waitrose.com/ecom/shop/browse/groceries/toiletries_health_and_beauty/hair_care/shampoo', 'waitrose_rating': '4.3', 'waitrose_unit_price': '(26.7p/100ml)', 'waitrose_new_flag': None, 'waitrose_prod_name': 'Essential Daily Care 2 in 1 300ml', 'images': []}
DEBUG: Scraped from <200 https://www.waitrose.com/ecom/shop/browse/groceries/toiletries_health_and_beauty/hair_care/shampoo>
{'client': 'Waitrose', 'time': datetime.datetime(2020, 8, 26, 9, 41, 17, 704853), 'category': 'Shampoo', 'id': 'tPp757780-107799-107800', 'prod_name': 'Head & Shoulders 2in1 Classic Clean', 'waitrose_Qty': '450ml', 'waitrose_discounted_price': '£5.15', 'waitrose_offer_desc': None, 'waitrose_url': 'https://www.waitrose.com/ecom/shop/browse/groceries/toiletries_health_and_beauty/hair_care/shampoo', 'waitrose_rating': '4', 'waitrose_unit_price': '(£1.15/100ml)', 'waitrose_new_flag': None, 'waitrose_prod_name': 'Head & Shoulders 2in1 Classic Clean 450ml', 'images': []}
DEBUG: Scraped from <200 https://www.waitrose.com/ecom/shop/browse/groceries/toiletries_health_and_beauty/hair_care/shampoo>
{'client': 'Waitrose', 'time': datetime.datetime(2020, 8, 26, 9, 41, 17, 704853), 'category': 'Shampoo', 'id': 'tPp836753-694201-694202', 'prod_name': 'Pantene Volume & Body Shampoo', 'waitrose_Qty': '500ml', 'waitrose_discounted_price': '£5.15', 'waitrose_offer_desc': None, 'waitrose_url': 'https://www.waitrose.com/ecom/shop/browse/groceries/toiletries_health_and_beauty/hair_care/shampoo', 'waitrose_rating': None, 'waitrose_unit_price': '(£1.03/100ml)', 'waitrose_new_flag': None, 'waitrose_prod_name': 'Pantene Volume & Body Shampoo 500ml', 'images': []}
DEBUG: Scraped from <200 https://www.waitrose.com/ecom/shop/browse/groceries/toiletries_health_and_beauty/hair_care/shampoo>
{'client': 'Waitrose', 'time': datetime.datetime(2020, 8, 26, 9, 41, 17, 704853), 'category': 'Shampoo', 'id': 'tPp839781-154875-154876', 'prod_name': 'Aussie miracle moist shampoo', 'waitrose_Qty': '500ml', 'waitrose_discounted_price': '£6.15', 'waitrose_offer_desc': None, 'waitrose_url': 'https://www.waitrose.com/ecom/shop/browse/groceries/toiletries_health_and_beauty/hair_care/shampoo', 'waitrose_rating': None, 'waitrose_unit_price': '(£1.23/100ml)', 'waitrose_new_flag': None, 'waitrose_prod_name': 'Aussie miracle moist shampoo 500ml', 'images': []}
DEBUG: Scraped from <200 https://www.waitrose.com/ecom/shop/browse/groceries/toiletries_health_and_beauty/hair_care/shampoo>
{'client': 'Waitrose', 'time': datetime.datetime(2020, 8, 26, 9, 41, 17, 704853), 'category': 'Shampoo', 'id': 'tPp610920-86669-86670', 'prod_name': 'Sheer Blonde Go Blonder Shampoo', 'waitrose_Qty': '250ml', 'waitrose_discounted_price': '£3.99', 'waitrose_offer_desc': 'Save 1/3.', 'waitrose_url': 'https://www.waitrose.com/ecom/shop/browse/groceries/toiletries_health_and_beauty/hair_care/shampoo', 'waitrose_rating': '3.5', 'waitrose_unit_price': '(£1.60/100ml)', 'waitrose_new_flag': None, 'waitrose_prod_name': 'Sheer Blonde Go Blonder Shampoo 250ml', 'images': []}
DEBUG: Scraped from <200 https://www.waitrose.com/ecom/shop/browse/groceries/toiletries_health_and_beauty/hair_care/shampoo>
{'client': 'Waitrose', 'time': datetime.datetime(2020, 8, 26, 9, 41, 17, 704853), 'category': 'Shampoo', 'id': 'tPp083596-42439-42440', 'prod_name': 'Aussie Colour Mate Shampoo', 'waitrose_Qty': '300ml', 'waitrose_discounted_price': '£2.05', 'waitrose_offer_desc': 'Half Price.', 'waitrose_url': 'https://www.waitrose.com/ecom/shop/browse/groceries/toiletries_health_and_beauty/hair_care/shampoo', 'waitrose_rating': '5', 'waitrose_unit_price': '(68.3p/100ml)', 'waitrose_new_flag': None, 'waitrose_prod_name': 'Aussie Colour Mate Shampoo 300ml', 'images': []}
DEBUG: Scraped from <200 https://www.waitrose.com/ecom/shop/browse/groceries/toiletries_health_and_beauty/hair_care/shampoo>
{'client': 'Waitrose', 'time': datetime.datetime(2020, 8, 26, 9, 41, 17, 704853), 'category': 'Shampoo', 'id': 'tPp455905-591789-591790', 'prod_name': 'Herbal Essences clean Shampoo', 'waitrose_Qty': '400ml', 'waitrose_discounted_price': '£4.50', 'waitrose_offer_desc': None, 'waitrose_url': 'https://www.waitrose.com/ecom/shop/browse/groceries/toiletries_health_and_beauty/hair_care/shampoo', 'waitrose_rating': None, 'waitrose_unit_price': '(£1.13/100ml)', 'waitrose_new_flag': None, 'waitrose_prod_name': 'Herbal Essences clean Shampoo 400ml', 'images': []}
DEBUG: Scraped from <200 https://www.waitrose.com/ecom/shop/browse/groceries/toiletries_health_and_beauty/hair_care/shampoo>
{'client': 'Waitrose', 'time': datetime.datetime(2020, 8, 26, 9, 41, 17, 704853), 'category': 'Shampoo', 'id': 'tPp575547-494836-494837', 'prod_name': 'DGJ Thickening Shampoo', 'waitrose_Qty': '250ml', 'waitrose_discounted_price': '£2.50', 'waitrose_offer_desc': 'Half Price.', 'waitrose_url': 'https://www.waitrose.com/ecom/shop/browse/groceries/toiletries_health_and_beauty/hair_care/shampoo', 'waitrose_rating': '5', 'waitrose_unit_price': '(£1/100ml)', 'waitrose_new_flag': None, 'waitrose_prod_name': 'DGJ Thickening Shampoo 250ml', 'images': []}
DEBUG: Scraped from <200 https://www.waitrose.com/ecom/shop/browse/groceries/toiletries_health_and_beauty/hair_care/shampoo>
{'client': 'Waitrose', 'time': datetime.datetime(2020, 8, 26, 9, 41, 17, 704853), 'category': 'Shampoo', 'id': 'tPp096232-49248-49249', 'prod_name': 'Aussie Mega Shampoo', 'waitrose_Qty': '300ml', 'waitrose_discounted_price': '£2.05', 'waitrose_offer_desc': 'Half Price.', 'waitrose_url': 'https://www.waitrose.com/ecom/shop/browse/groceries/toiletries_health_and_beauty/hair_care/shampoo', 'waitrose_rating': '2.5', 'waitrose_unit_price': '(68.3p/100ml)', 'waitrose_new_flag': None, 'waitrose_prod_name': 'Aussie Mega Shampoo 300ml', 'images': []}
DEBUG: Scraped from <200 https://www.waitrose.com/ecom/shop/browse/groceries/toiletries_health_and_beauty/hair_care/shampoo>
{'client': 'Waitrose', 'time': datetime.datetime(2020, 8, 26, 9, 41, 17, 704853), 'category': 'Shampoo', 'id': 'tPp657721-694179-694180', 'prod_name': 'Pantene 3 in 1 Classic Clean', 'waitrose_Qty': '450ml', 'waitrose_discounted_price': '£3.75', 'waitrose_offer_desc': None, 'waitrose_url': 'https://www.waitrose.com/ecom/shop/browse/groceries/toiletries_health_and_beauty/hair_care/shampoo', 'waitrose_rating': None, 'waitrose_unit_price': '(83.3p/100ml)', 'waitrose_new_flag': None, 'waitrose_prod_name': 'Pantene 3 in 1 Classic Clean 450ml', 'images': []}
DEBUG: Scraped from <200 https://www.waitrose.com/ecom/shop/browse/groceries/toiletries_health_and_beauty/hair_care/shampoo>
{'client': 'Waitrose', 'time': datetime.datetime(2020, 8, 26, 9, 41, 17, 704853), 'category': 'Shampoo', 'id': 'tPp407453-471203-471204', 'prod_name': 'Ogx Biotin & Collagen Shampoo', 'waitrose_Qty': '385ml', 'waitrose_discounted_price': '£7.00', 'waitrose_offer_desc': None, 'waitrose_url': 'https://www.waitrose.com/ecom/shop/browse/groceries/toiletries_health_and_beauty/hair_care/shampoo', 'waitrose_rating': None, 'waitrose_unit_price': '(£1.82/100ml)', 'waitrose_new_flag': None, 'waitrose_prod_name': 'Ogx Biotin & Collagen Shampoo 385ml', 'images': []}
DEBUG: Scraped from <200 https://www.waitrose.com/ecom/shop/browse/groceries/toiletries_health_and_beauty/hair_care/shampoo>
{'client': 'Waitrose', 'time': datetime.datetime(2020, 8, 26, 9, 41, 17, 704853), 'category': 'Shampoo', 'id': 'tPp882824-154983-154984', 'prod_name': 'Head & Shoulders itchy scalp shampoo', 'waitrose_Qty': '500ml', 'waitrose_discounted_price': '£5.15', 'waitrose_offer_desc': None, 'waitrose_url': 'https://www.waitrose.com/ecom/shop/browse/groceries/toiletries_health_and_beauty/hair_care/shampoo', 'waitrose_rating': '5', 'waitrose_unit_price': '(£1.03/100ml)', 'waitrose_new_flag': None, 'waitrose_prod_name': 'Head & Shoulders itchy scalp shampoo 500ml', 'images': []}
DEBUG: Scraped from <200 https://www.waitrose.com/ecom/shop/browse/groceries/toiletries_health_and_beauty/hair_care/shampoo>
{'client': 'Waitrose', 'time': datetime.datetime(2020, 8, 26, 9, 41, 17, 704853), 'category': 'Shampoo', 'id': 'tPp582132-472091-472092', 'prod_name': 'Ogx Argan Oil Morocco Shampoo', 'waitrose_Qty': '385ml', 'waitrose_discounted_price': '£7.00', 'waitrose_offer_desc': None, 'waitrose_url': 'https://www.waitrose.com/ecom/shop/browse/groceries/toiletries_health_and_beauty/hair_care/shampoo', 'waitrose_rating': '4', 'waitrose_unit_price': '(£1.82/100ml)', 'waitrose_new_flag': None, 'waitrose_prod_name': 'Ogx Argan Oil Morocco Shampoo 385ml', 'images': []}
DEBUG: Scraped from <200 https://www.waitrose.com/ecom/shop/browse/groceries/toiletries_health_and_beauty/hair_care/shampoo>
{'client': 'Waitrose', 'time': datetime.datetime(2020, 8, 26, 9, 41, 17, 704853), 'category': 'Shampoo', 'id': 'tPp740653-352034-352035', 'prod_name': 'essential Waitrose Anti-Dandruff 2 in 1', 'waitrose_Qty': '300ml', 'waitrose_discounted_price': '£1.00', 'waitrose_offer_desc': None, 'waitrose_url': 'https://www.waitrose.com/ecom/shop/browse/groceries/toiletries_health_and_beauty/hair_care/shampoo', 'waitrose_rating': '4', 'waitrose_unit_price': '(33.3p/100ml)', 'waitrose_new_flag': None, 'waitrose_prod_name': 'essential Waitrose Anti-Dandruff 2 in 1 300ml', 'images': []}
DEBUG: Scraped from <200 https://www.waitrose.com/ecom/shop/browse/groceries/toiletries_health_and_beauty/hair_care/shampoo>
{'client': 'Waitrose', 'time': datetime.datetime(2020, 8, 26, 9, 41, 17, 704853), 'category': 'Shampoo', 'id': 'tPp425124-59787-59788', 'prod_name': 'Brilliant Brunette Protecting Shampoo', 'waitrose_Qty': '250ml', 'waitrose_discounted_price': '£3.99', 'waitrose_offer_desc': 'Save 1/3.', 'waitrose_url': 'https://www.waitrose.com/ecom/shop/browse/groceries/toiletries_health_and_beauty/hair_care/shampoo', 'waitrose_rating': None, 'waitrose_unit_price': '(£1.60/100ml)', 'waitrose_new_flag': None, 'waitrose_prod_name': 'Brilliant Brunette Protecting Shampoo 250ml', 'images': []}
DEBUG: Scraped from <200 https://www.waitrose.com/ecom/shop/browse/groceries/toiletries_health_and_beauty/hair_care/shampoo>
{'client': 'Waitrose', 'time': datetime.datetime(2020, 8, 26, 9, 41, 17, 704853), 'category': 'Shampoo', 'id': 'tPp490113-591883-591884', 'prod_name': 'Herbal Essences Volume Shampoo', 'waitrose_Qty': '400ml', 'waitrose_discounted_price': '£4.50', 'waitrose_offer_desc': None, 'waitrose_url': 'https://www.waitrose.com/ecom/shop/browse/groceries/toiletries_health_and_beauty/hair_care/shampoo', 'waitrose_rating': '5', 'waitrose_unit_price': '(£1.13/100ml)', 'waitrose_new_flag': None, 'waitrose_prod_name': 'Herbal Essences Volume Shampoo 400ml', 'images': []}
DEBUG: Scraped from <200 https://www.waitrose.com/ecom/shop/browse/groceries/toiletries_health_and_beauty/hair_care/shampoo>
{'client': 'Waitrose', 'time': datetime.datetime(2020, 8, 26, 9, 41, 17, 704853), 'category': 'Shampoo', 'id': 'tPp725068-723986-723987', 'prod_name': 'Faith in Nature Lavender Shampoo', 'waitrose_Qty': '400ml', 'waitrose_discounted_price': '£3.86', 'waitrose_offer_desc': 'Save 1/3.', 'waitrose_url': 'https://www.waitrose.com/ecom/shop/browse/groceries/toiletries_health_and_beauty/hair_care/shampoo', 'waitrose_rating': None, 'waitrose_unit_price': '(96.5p/100ml)', 'waitrose_new_flag': None, 'waitrose_prod_name': 'Faith in Nature Lavender Shampoo 400ml', 'images': []}
DEBUG: Scraped from <200 https://www.waitrose.com/ecom/shop/browse/groceries/toiletries_health_and_beauty/hair_care/shampoo>
{'client': 'Waitrose', 'time': datetime.datetime(2020, 8, 26, 9, 41, 17, 704853), 'category': 'Shampoo', 'id': 'tPp364793-255761-255762', 'prod_name': 'Aussie Miracle Shine Shampoo', 'waitrose_Qty': '300ml', 'waitrose_discounted_price': '£2.00', 'waitrose_offer_desc': 'Half Price.', 'waitrose_url': 'https://www.waitrose.com/ecom/shop/browse/groceries/toiletries_health_and_beauty/hair_care/shampoo', 'waitrose_rating': None, 'waitrose_unit_price': '(66.7p/100ml)', 'waitrose_new_flag': None, 'waitrose_prod_name': 'Aussie Miracle Shine Shampoo 300ml', 'images': []}
DEBUG: Scraped from <200 https://www.waitrose.com/ecom/shop/browse/groceries/toiletries_health_and_beauty/hair_care/shampoo>
{'client': 'Waitrose', 'time': datetime.datetime(2020, 8, 26, 9, 41, 17, 704853), 'category': 'Shampoo', 'id': 'tPp821139-694191-694192', 'prod_name': 'Pantene Smooth & Sleek Shampoo', 'waitrose_Qty': '500ml', 'waitrose_discounted_price': '£5.15', 'waitrose_offer_desc': None, 'waitrose_url': 'https://www.waitrose.com/ecom/shop/browse/groceries/toiletries_health_and_beauty/hair_care/shampoo', 'waitrose_rating': None, 'waitrose_unit_price': '(£1.03/100ml)', 'waitrose_new_flag': None, 'waitrose_prod_name': 'Pantene Smooth & Sleek Shampoo 500ml', 'images': []}
DEBUG: Scraped from <200 https://www.waitrose.com/ecom/shop/browse/groceries/toiletries_health_and_beauty/hair_care/shampoo>
{'client': 'Waitrose', 'time': datetime.datetime(2020, 8, 26, 9, 41, 17, 704853), 'category': 'Shampoo', 'id': 'tPp472240-591833-591834', 'prod_name': 'Herbal Essences Repair Shampoo', 'waitrose_Qty': '400ml', 'waitrose_discounted_price': '£4.50', 'waitrose_offer_desc': None, 'waitrose_url': 'https://www.waitrose.com/ecom/shop/browse/groceries/toiletries_health_and_beauty/hair_care/shampoo', 'waitrose_rating': '5', 'waitrose_unit_price': '(£1.13/100ml)', 'waitrose_new_flag': None, 'waitrose_prod_name': 'Herbal Essences Repair Shampoo 400ml', 'images': []}
DEBUG: Scraped from <200 https://www.waitrose.com/ecom/shop/browse/groceries/toiletries_health_and_beauty/hair_care/shampoo>
{'client': 'Waitrose', 'time': datetime.datetime(2020, 8, 26, 9, 41, 17, 704853), 'category': 'Shampoo', 'id': 'tPp464815-154487-154488', 'prod_name': 'Batiste original dry shampoo', 'waitrose_Qty': '200ml', 'waitrose_discounted_price': '£3.00', 'waitrose_offer_desc': None, 'waitrose_url': 'https://www.waitrose.com/ecom/shop/browse/groceries/toiletries_health_and_beauty/hair_care/shampoo', 'waitrose_rating': '5', 'waitrose_unit_price': '(£1.50/100ml)', 'waitrose_new_flag': None, 'waitrose_prod_name': 'Batiste original dry shampoo 200ml', 'images': []}
DEBUG: Scraped from <200 https://www.waitrose.com/ecom/shop/browse/groceries/toiletries_health_and_beauty/hair_care/shampoo>
{'client': 'Waitrose', 'time': datetime.datetime(2020, 8, 26, 9, 41, 17, 704853), 'category': 'Shampoo', 'id': 'tPp627460-154629-154630', 'prod_name': 'Aussie mega shampoo', 'waitrose_Qty': '500ml', 'waitrose_discounted_price': '£6.15', 'waitrose_offer_desc': None, 'waitrose_url': 'https://www.waitrose.com/ecom/shop/browse/groceries/toiletries_health_and_beauty/hair_care/shampoo', 'waitrose_rating': '3.8', 'waitrose_unit_price': '(£1.23/100ml)', 'waitrose_new_flag': None, 'waitrose_prod_name': 'Aussie mega shampoo 500ml', 'images': []}
DEBUG: Scraped from <200 https://www.waitrose.com/ecom/shop/browse/groceries/toiletries_health_and_beauty/hair_care/shampoo>
{'client': 'Waitrose', 'time': datetime.datetime(2020, 8, 26, 9, 41, 17, 704853), 'category': 'Shampoo', 'id': 'tPp433216-720111-720112', 'prod_name': 'John Frieda Hydrate & Recharge Shampoo', 'waitrose_Qty': '250ml', 'waitrose_discounted_price': '£3.99', 'waitrose_offer_desc': 'Save 1/3.', 'waitrose_url': 'https://www.waitrose.com/ecom/shop/browse/groceries/toiletries_health_and_beauty/hair_care/shampoo', 'waitrose_rating': None, 'waitrose_unit_price': '(£1.60/100ml)', 'waitrose_new_flag': None, 'waitrose_prod_name': 'John Frieda Hydrate & Recharge Shampoo 250ml', 'images': []}
DEBUG: Scraped from <200 https://www.waitrose.com/ecom/shop/browse/groceries/toiletries_health_and_beauty/hair_care/shampoo>
{'client': 'Waitrose', 'time': datetime.datetime(2020, 8, 26, 9, 41, 17, 704853), 'category': 'Shampoo', 'id': 'tPp855140-216863-216864', 'prod_name': 'Ogx Coconut Milk Shampoo', 'waitrose_Qty': '385ml', 'waitrose_discounted_price': '£7.00', 'waitrose_offer_desc': None, 'waitrose_url': 'https://www.waitrose.com/ecom/shop/browse/groceries/toiletries_health_and_beauty/hair_care/shampoo', 'waitrose_rating': '5', 'waitrose_unit_price': '(£1.82/100ml)', 'waitrose_new_flag': None, 'waitrose_prod_name': 'Ogx Coconut Milk Shampoo 385ml', 'images': []}
DEBUG: Scraped from <200 https://www.waitrose.com/ecom/shop/browse/groceries/toiletries_health_and_beauty/hair_care/shampoo>
{'client': 'Waitrose', 'time': datetime.datetime(2020, 8, 26, 9, 41, 17, 704853), 'category': 'Shampoo', 'id': 'tPp581617-694173-694174', 'prod_name': 'Pantene Colour Protect Shampoo', 'waitrose_Qty': '500ml', 'waitrose_discounted_price': '£5.15', 'waitrose_offer_desc': None, 'waitrose_url': 'https://www.waitrose.com/ecom/shop/browse/groceries/toiletries_health_and_beauty/hair_care/shampoo', 'waitrose_rating': None, 'waitrose_unit_price': '(£1.03/100ml)', 'waitrose_new_flag': None, 'waitrose_prod_name': 'Pantene Colour Protect Shampoo 500ml', 'images': []}
DEBUG: Scraped from <200 https://www.waitrose.com/ecom/shop/browse/groceries/toiletries_health_and_beauty/hair_care/shampoo>
{'client': 'Waitrose', 'time': datetime.datetime(2020, 8, 26, 9, 41, 17, 704853), 'category': 'Shampoo', 'id': 'tPp538896-720173-720174', 'prod_name': 'Herbal Essences Argan Oil Shampoo', 'waitrose_Qty': '250ml', 'waitrose_discounted_price': '£2.00', 'waitrose_offer_desc': 'Save 1/3.', 'waitrose_url': 'https://www.waitrose.com/ecom/shop/browse/groceries/toiletries_health_and_beauty/hair_care/shampoo', 'waitrose_rating': None, 'waitrose_unit_price': '(80p/100ml)', 'waitrose_new_flag': None, 'waitrose_prod_name': 'Herbal Essences Argan Oil Shampoo 250ml', 'images': []}
DEBUG: Scraped from <200 https://www.waitrose.com/ecom/shop/browse/groceries/toiletries_health_and_beauty/hair_care/shampoo>
{'client': 'Waitrose', 'time': datetime.datetime(2020, 8, 26, 9, 41, 17, 704853), 'category': 'Shampoo', 'id': 'tPp871494-495182-495183', 'prod_name': 'DGJ Hairjuice Shampoo', 'waitrose_Qty': '250ml', 'waitrose_discounted_price': '£2.50', 'waitrose_offer_desc': 'Half Price.', 'waitrose_url': 'https://www.waitrose.com/ecom/shop/browse/groceries/toiletries_health_and_beauty/hair_care/shampoo', 'waitrose_rating': '5', 'waitrose_unit_price': '(£1/100ml)', 'waitrose_new_flag': None, 'waitrose_prod_name': 'DGJ Hairjuice Shampoo 250ml', 'images': []}
DEBUG: Scraped from <200 https://www.waitrose.com/ecom/shop/browse/groceries/toiletries_health_and_beauty/hair_care/shampoo>
{'client': 'Waitrose', 'time': datetime.datetime(2020, 8, 26, 9, 41, 17, 704853), 'category': 'Shampoo', 'id': 'tPp755349-720291-720292', 'prod_name': 'Herbal Essences Aloe & Mango Shampoo', 'waitrose_Qty': '380ml', 'waitrose_discounted_price': '£4.50', 'waitrose_offer_desc': None, 'waitrose_url': 'https://www.waitrose.com/ecom/shop/browse/groceries/toiletries_health_and_beauty/hair_care/shampoo', 'waitrose_rating': None, 'waitrose_unit_price': '(£1.19/100ml)', 'waitrose_new_flag': None, 'waitrose_prod_name': 'Herbal Essences Aloe & Mango Shampoo 380ml', 'images': []}
DEBUG: Scraped from <200 https://www.waitrose.com/ecom/shop/browse/groceries/toiletries_health_and_beauty/hair_care/shampoo>
{'client': 'Waitrose', 'time': datetime.datetime(2020, 8, 26, 9, 41, 17, 704853), 'category': 'Shampoo', 'id': 'tPp868154-695990-695991', 'prod_name': 'Hair Biology Purple Shampoo', 'waitrose_Qty': '250ml', 'waitrose_discounted_price': '£4.50', 'waitrose_offer_desc': None, 'waitrose_url': 'https://www.waitrose.com/ecom/shop/browse/groceries/toiletries_health_and_beauty/hair_care/shampoo', 'waitrose_rating': None, 'waitrose_unit_price': '(£1.80/100ml)', 'waitrose_new_flag': None, 'waitrose_prod_name': 'Hair Biology Purple Shampoo 250ml', 'images': []}
DEBUG: Scraped from <200 https://www.waitrose.com/ecom/shop/browse/groceries/toiletries_health_and_beauty/hair_care/shampoo>
{'client': 'Waitrose', 'time': datetime.datetime(2020, 8, 26, 9, 41, 17, 704853), 'category': 'Shampoo', 'id': 'tPp427668-591713-591714', 'prod_name': 'Herbal Essences Hydrate Shampoo', 'waitrose_Qty': '400ml', 'waitrose_discounted_price': '£4.50', 'waitrose_offer_desc': None, 'waitrose_url': 'https://www.waitrose.com/ecom/shop/browse/groceries/toiletries_health_and_beauty/hair_care/shampoo', 'waitrose_rating': '5', 'waitrose_unit_price': '(£1.13/100ml)', 'waitrose_new_flag': None, 'waitrose_prod_name': 'Herbal Essences Hydrate Shampoo 400ml', 'images': []}
DEBUG: Scraped from <200 https://www.waitrose.com/ecom/shop/browse/groceries/toiletries_health_and_beauty/hair_care/shampoo>
{'client': 'Waitrose', 'time': datetime.datetime(2020, 8, 26, 9, 41, 17, 704853), 'category': 'Shampoo', 'id': 'tPp819563-729788-729789', 'prod_name': 'Aussie Blonde Purple Shampoo', 'waitrose_Qty': '290ml', 'waitrose_discounted_price': '£2.99', 'waitrose_offer_desc': 'Half Price.', 'waitrose_url': 'https://www.waitrose.com/ecom/shop/browse/groceries/toiletries_health_and_beauty/hair_care/shampoo', 'waitrose_rating': None, 'waitrose_unit_price': '(£1.04/100ml)', 'waitrose_new_flag': 'NEW', 'waitrose_prod_name': 'Aussie Blonde Purple Shampoo 290ml', 'images': []}
DEBUG: Scraped from <200 https://www.waitrose.com/ecom/shop/browse/groceries/toiletries_health_and_beauty/hair_care/shampoo>
{'client': 'Waitrose', 'time': datetime.datetime(2020, 8, 26, 9, 41, 17, 704853), 'category': 'Shampoo', 'id': 'tPp425163-526469-526470', 'prod_name': 'Frizz Ease Shampoo Miraculous Recovery', 'waitrose_Qty': '250ml', 'waitrose_discounted_price': '£3.99', 'waitrose_offer_desc': 'Save 1/3.', 'waitrose_url': 'https://www.waitrose.com/ecom/shop/browse/groceries/toiletries_health_and_beauty/hair_care/shampoo', 'waitrose_rating': None, 'waitrose_unit_price': '(£1.60/100ml)', 'waitrose_new_flag': None, 'waitrose_prod_name': 'Frizz Ease Shampoo Miraculous Recovery 250ml', 'images': []}
DEBUG: Scraped from <200 https://www.waitrose.com/ecom/shop/browse/groceries/toiletries_health_and_beauty/hair_care/shampoo>
{'client': 'Waitrose', 'time': datetime.datetime(2020, 8, 26, 9, 41, 17, 704853), 'category': 'Shampoo', 'id': 'tPp886458-216893-216894', 'prod_name': 'Ogx Brazilian Keratin Shampoo', 'waitrose_Qty': '385ml', 'waitrose_discounted_price': '£7.00', 'waitrose_offer_desc': None, 'waitrose_url': 'https://www.waitrose.com/ecom/shop/browse/groceries/toiletries_health_and_beauty/hair_care/shampoo', 'waitrose_rating': '5', 'waitrose_unit_price': '(£1.82/100ml)', 'waitrose_new_flag': None, 'waitrose_prod_name': 'Ogx Brazilian Keratin Shampoo 385ml', 'images': []}
DEBUG: Scraped from <200 https://www.waitrose.com/ecom/shop/browse/groceries/toiletries_health_and_beauty/hair_care/shampoo>
{'client': 'Waitrose', 'time': datetime.datetime(2020, 8, 26, 9, 41, 17, 704853), 'category': 'Shampoo', 'id': 'tPp847454-724141-724142', 'prod_name': 'Faith in Nature Grapefruit Shampoo', 'waitrose_Qty': '400ml', 'waitrose_discounted_price': '£3.86', 'waitrose_offer_desc': 'Save 1/3.', 'waitrose_url': 'https://www.waitrose.com/ecom/shop/browse/groceries/toiletries_health_and_beauty/hair_care/shampoo', 'waitrose_rating': None, 'waitrose_unit_price': '(96.5p/100ml)', 'waitrose_new_flag': None, 'waitrose_prod_name': 'Faith in Nature Grapefruit Shampoo 400ml', 'images': []}
DEBUG: Scraped from <200 https://www.waitrose.com/ecom/shop/browse/groceries/toiletries_health_and_beauty/hair_care/shampoo>
{'client': 'Waitrose', 'time': datetime.datetime(2020, 8, 26, 9, 41, 17, 704853), 'category': 'Shampoo', 'id': 'tPp494340-69860-69861', 'prod_name': "Neal's Yard Rose Shampoo", 'waitrose_Qty': '200ml', 'waitrose_discounted_price': '£7.66', 'waitrose_offer_desc': 'Save 1/3.', 'waitrose_url': 'https://www.waitrose.com/ecom/shop/browse/groceries/toiletries_health_and_beauty/hair_care/shampoo', 'waitrose_rating': '3.1', 'waitrose_unit_price': '(£3.83/100ml)', 'waitrose_new_flag': None, 'waitrose_prod_name': "Neal's Yard Rose Shampoo 200ml", 'images': []}
DEBUG: Scraped from <200 https://www.waitrose.com/ecom/shop/browse/groceries/toiletries_health_and_beauty/hair_care/shampoo>
{'client': 'Waitrose', 'time': datetime.datetime(2020, 8, 26, 9, 41, 17, 704853), 'category': 'Shampoo', 'id': 'tPp432893-216691-216692', 'prod_name': 'Head & Shoulders Shampoo Apple Fresh', 'waitrose_Qty': '500ml', 'waitrose_discounted_price': '£5.15', 'waitrose_offer_desc': None, 'waitrose_url': 'https://www.waitrose.com/ecom/shop/browse/groceries/toiletries_health_and_beauty/hair_care/shampoo', 'waitrose_rating': None, 'waitrose_unit_price': '(£1.03/100ml)', 'waitrose_new_flag': None, 'waitrose_prod_name': 'Head & Shoulders Shampoo Apple Fresh 500ml', 'images': []}
DEBUG: Scraped from <200 https://www.waitrose.com/ecom/shop/browse/groceries/toiletries_health_and_beauty/hair_care/shampoo>
{'client': 'Waitrose', 'time': datetime.datetime(2020, 8, 26, 9, 41, 17, 704853), 'category': 'Shampoo', 'id': 'tPp047805-23664-23665', 'prod_name': 'Avalon Organics tea tree shampoo', 'waitrose_Qty': '325ml', 'waitrose_discounted_price': '£7.00', 'waitrose_offer_desc': None, 'waitrose_url': 'https://www.waitrose.com/ecom/shop/browse/groceries/toiletries_health_and_beauty/hair_care/shampoo', 'waitrose_rating': '4.9', 'waitrose_unit_price': '(£2.16/100ml)', 'waitrose_new_flag': None, 'waitrose_prod_name': 'Avalon Organics tea tree shampoo 325ml', 'images': []}
DEBUG: Scraped from <200 https://www.waitrose.com/ecom/shop/browse/groceries/toiletries_health_and_beauty/hair_care/shampoo>
{'client': 'Waitrose', 'time': datetime.datetime(2020, 8, 26, 9, 41, 17, 704853), 'category': 'Shampoo', 'id': 'tPp747801-683764-683765', 'prod_name': 'Aussie Shampoo Scent-sational', 'waitrose_Qty': '300ml', 'waitrose_discounted_price': '£2.00', 'waitrose_offer_desc': 'Half Price.', 'waitrose_url': 'https://www.waitrose.com/ecom/shop/browse/groceries/toiletries_health_and_beauty/hair_care/shampoo', 'waitrose_rating': '5', 'waitrose_unit_price': '(66.7p/100ml)', 'waitrose_new_flag': None, 'waitrose_prod_name': 'Aussie Shampoo Scent-sational 300ml', 'images': []}
DEBUG: Scraped from <200 https://www.waitrose.com/ecom/shop/browse/groceries/toiletries_health_and_beauty/hair_care/shampoo>
{'client': 'Waitrose', 'time': datetime.datetime(2020, 8, 26, 9, 41, 17, 704853), 'category': 'Shampoo', 'id': 'tPp711086-652694-652695', 'prod_name': 'Head & Shoulders Supreme Moisture', 'waitrose_Qty': '400ml', 'waitrose_discounted_price': '£3.43', 'waitrose_offer_desc': 'Save 1/3.', 'waitrose_url': 'https://www.waitrose.com/ecom/shop/browse/groceries/toiletries_health_and_beauty/hair_care/shampoo', 'waitrose_rating': None, 'waitrose_unit_price': '(85.8p/100ml)', 'waitrose_new_flag': None, 'waitrose_prod_name': 'Head & Shoulders Supreme Moisture 400ml', 'images': []}
DEBUG: Scraped from <200 https://www.waitrose.com/ecom/shop/browse/groceries/toiletries_health_and_beauty/hair_care/shampoo>
{'client': 'Waitrose', 'time': datetime.datetime(2020, 8, 26, 9, 41, 17, 704853), 'category': 'Shampoo', 'id': 'tPp402915-526384-526385', 'prod_name': 'John Frieda Violet Crush Shampoo', 'waitrose_Qty': '250ml', 'waitrose_discounted_price': '£3.99', 'waitrose_offer_desc': 'Save 1/3.', 'waitrose_url': 'https://www.waitrose.com/ecom/shop/browse/groceries/toiletries_health_and_beauty/hair_care/shampoo', 'waitrose_rating': '5', 'waitrose_unit_price': '(£1.60/100ml)', 'waitrose_new_flag': None, 'waitrose_prod_name': 'John Frieda Violet Crush Shampoo 250ml', 'images': []}
DEBUG: Scraped from <200 https://www.waitrose.com/ecom/shop/browse/groceries/toiletries_health_and_beauty/hair_care/shampoo>
{'client': 'Waitrose', 'time': datetime.datetime(2020, 8, 26, 9, 41, 17, 704853), 'category': 'Shampoo', 'id': 'tPp563832-295347-295348', 'prod_name': 'Argan + Argan Oil 5Oil Miracle Shampoo', 'waitrose_Qty': '300ml', 'waitrose_discounted_price': '£4.00', 'waitrose_offer_desc': 'Save 1/3.', 'waitrose_url': 'https://www.waitrose.com/ecom/shop/browse/groceries/toiletries_health_and_beauty/hair_care/shampoo', 'waitrose_rating': '5', 'waitrose_unit_price': '(£1.34/100ml)', 'waitrose_new_flag': None, 'waitrose_prod_name': 'Argan + Argan Oil 5Oil Miracle Shampoo 300ml', 'images': []}
DEBUG: Scraped from <200 https://www.waitrose.com/ecom/shop/browse/groceries/toiletries_health_and_beauty/hair_care/shampoo>
{'client': 'Waitrose', 'time': datetime.datetime(2020, 8, 26, 9, 41, 17, 704853), 'category': 'Shampoo', 'id': 'tPp752186-631541-631542', 'prod_name': 'Ogx Coconut OIl Shampoo', 'waitrose_Qty': '385ml', 'waitrose_discounted_price': '£7.00', 'waitrose_offer_desc': None, 'waitrose_url': 'https://www.waitrose.com/ecom/shop/browse/groceries/toiletries_health_and_beauty/hair_care/shampoo', 'waitrose_rating': None, 'waitrose_unit_price': '(£1.82/100ml)', 'waitrose_new_flag': None, 'waitrose_prod_name': 'Ogx Coconut OIl Shampoo 385ml', 'images': []}
DEBUG: Scraped from <200 https://www.waitrose.com/ecom/shop/browse/groceries/toiletries_health_and_beauty/hair_care/shampoo>
{'client': 'Waitrose', 'time': datetime.datetime(2020, 8, 26, 9, 41, 17, 704853), 'category': 'Shampoo', 'id': 'tPp865734-216867-216868', 'prod_name': 'Ogx Argan Oil of Morocco Shampoo', 'waitrose_Qty': '385ml', 'waitrose_discounted_price': '£7.00', 'waitrose_offer_desc': None, 'waitrose_url': 'https://www.waitrose.com/ecom/shop/browse/groceries/toiletries_health_and_beauty/hair_care/shampoo', 'waitrose_rating': '3.4', 'waitrose_unit_price': '(£1.82/100ml)', 'waitrose_new_flag': None, 'waitrose_prod_name': 'Ogx Argan Oil of Morocco Shampoo 385ml', 'images': []}
DEBUG: Scraped from <200 https://www.waitrose.com/ecom/shop/browse/groceries/toiletries_health_and_beauty/hair_care/shampoo>
{'client': 'Waitrose', 'time': datetime.datetime(2020, 8, 26, 9, 41, 17, 704853), 'category': 'Shampoo', 'id': 'tPp735751-154731-154732', 'prod_name': 'Aussie aussome volume shampoo', 'waitrose_Qty': '500ml', 'waitrose_discounted_price': '£6.10', 'waitrose_offer_desc': None, 'waitrose_url': 'https://www.waitrose.com/ecom/shop/browse/groceries/toiletries_health_and_beauty/hair_care/shampoo', 'waitrose_rating': None, 'waitrose_unit_price': '(£1.22/100ml)', 'waitrose_new_flag': None, 'waitrose_prod_name': 'Aussie aussome volume shampoo 500ml', 'images': []}
DEBUG: Scraped from <200 https://www.waitrose.com/ecom/shop/browse/groceries/toiletries_health_and_beauty/hair_care/shampoo>
{'client': 'Waitrose', 'time': datetime.datetime(2020, 8, 26, 9, 41, 17, 704853), 'category': 'Shampoo', 'id': 'tPp791725-375655-375656', 'prod_name': 'Ogx Kukuí Oil Shampoo', 'waitrose_Qty': '385ml', 'waitrose_discounted_price': '£7.00', 'waitrose_offer_desc': None, 'waitrose_url': 'https://www.waitrose.com/ecom/shop/browse/groceries/toiletries_health_and_beauty/hair_care/shampoo', 'waitrose_rating': '5', 'waitrose_unit_price': '(£1.82/100ml)', 'waitrose_new_flag': None, 'waitrose_prod_name': 'Ogx Kukuí Oil Shampoo 385ml', 'images': []}
DEBUG: Scraped from <200 https://www.waitrose.com/ecom/shop/browse/groceries/toiletries_health_and_beauty/hair_care/shampoo>
{'client': 'Waitrose', 'time': datetime.datetime(2020, 8, 26, 9, 41, 17, 704853), 'category': 'Shampoo', 'id': 'tPp583946-82773-82774', 'prod_name': "Neal's Yard Lavender Shampoo", 'waitrose_Qty': '200ml', 'waitrose_discounted_price': '£7.66', 'waitrose_offer_desc': 'Save 1/3.', 'waitrose_url': 'https://www.waitrose.com/ecom/shop/browse/groceries/toiletries_health_and_beauty/hair_care/shampoo', 'waitrose_rating': '2.3', 'waitrose_unit_price': '(£3.83/100ml)', 'waitrose_new_flag': None, 'waitrose_prod_name': "Neal's Yard Lavender Shampoo 200ml", 'images': []}
DEBUG: Scraped from <200 https://www.waitrose.com/ecom/shop/browse/groceries/toiletries_health_and_beauty/hair_care/shampoo>
{'client': 'Waitrose', 'time': datetime.datetime(2020, 8, 26, 9, 41, 17, 704853), 'category': 'Shampoo', 'id': 'tPp502050-631293-631294', 'prod_name': 'Hask Argan Oil Repairing Shampoo', 'waitrose_Qty': '355ml', 'waitrose_discounted_price': '£4.66', 'waitrose_offer_desc': 'Save 1/3.', 'waitrose_url': 'https://www.waitrose.com/ecom/shop/browse/groceries/toiletries_health_and_beauty/hair_care/shampoo', 'waitrose_rating': '3.7', 'waitrose_unit_price': '(£1.32/100ml)', 'waitrose_new_flag': None, 'waitrose_prod_name': 'Hask Argan Oil Repairing Shampoo 355ml', 'images': []}
DEBUG: Scraped from <200 https://www.waitrose.com/ecom/shop/browse/groceries/toiletries_health_and_beauty/hair_care/shampoo>
{'client': 'Waitrose', 'time': datetime.datetime(2020, 8, 26, 9, 41, 17, 704853), 'category': 'Shampoo', 'id': 'tPp895328-495224-495225', 'prod_name': 'DGJ Kids Detangle Shampoo', 'waitrose_Qty': '250ml', 'waitrose_discounted_price': '£1.75', 'waitrose_offer_desc': 'Half Price.', 'waitrose_url': 'https://www.waitrose.com/ecom/shop/browse/groceries/toiletries_health_and_beauty/hair_care/shampoo', 'waitrose_rating': None, 'waitrose_unit_price': '(70p/100ml)', 'waitrose_new_flag': None, 'waitrose_prod_name': 'DGJ Kids Detangle Shampoo 250ml', 'images': []}
DEBUG: Scraped from <200 https://www.waitrose.com/ecom/shop/browse/groceries/toiletries_health_and_beauty/hair_care/shampoo>
{'client': 'Waitrose', 'time': datetime.datetime(2020, 8, 26, 9, 41, 17, 704853), 'category': 'Shampoo', 'id': 'tPp065299-33095-33096', 'prod_name': 'Frizz Ease Dream Curls Shampoo', 'waitrose_Qty': '250ml', 'waitrose_discounted_price': '£3.99', 'waitrose_offer_desc': 'Save 1/3.', 'waitrose_url': 'https://www.waitrose.com/ecom/shop/browse/groceries/toiletries_health_and_beauty/hair_care/shampoo', 'waitrose_rating': '5', 'waitrose_unit_price': '(£1.60/100ml)', 'waitrose_new_flag': None, 'waitrose_prod_name': 'Frizz Ease Dream Curls Shampoo 250ml', 'images': []}
DEBUG: Scraped from <200 https://www.waitrose.com/ecom/shop/browse/groceries/toiletries_health_and_beauty/hair_care/shampoo>
{'client': 'Waitrose', 'time': datetime.datetime(2020, 8, 26, 9, 41, 17, 704853), 'category': 'Shampoo', 'id': 'tPp051100-25409-25410', 'prod_name': 'Sheer Blonde Moisturising Shampoo', 'waitrose_Qty': '250ml', 'waitrose_discounted_price': '£3.99', 'waitrose_offer_desc': 'Save 1/3.', 'waitrose_url': 'https://www.waitrose.com/ecom/shop/browse/groceries/toiletries_health_and_beauty/hair_care/shampoo', 'waitrose_rating': '3', 'waitrose_unit_price': '(£1.60/100ml)', 'waitrose_new_flag': None, 'waitrose_prod_name': 'Sheer Blonde Moisturising Shampoo 250ml', 'images': []}
DEBUG: Scraped from <200 https://www.waitrose.com/ecom/shop/browse/groceries/toiletries_health_and_beauty/hair_care/shampoo>
{'client': 'Waitrose', 'time': datetime.datetime(2020, 8, 26, 9, 41, 17, 704853), 'category': 'Shampoo', 'id': 'tPp755068-720289-720290', 'prod_name': 'Herbal Essences Aloe Hemp Shampoo', 'waitrose_Qty': '380ml', 'waitrose_discounted_price': '£4.50', 'waitrose_offer_desc': None, 'waitrose_url': 'https://www.waitrose.com/ecom/shop/browse/groceries/toiletries_health_and_beauty/hair_care/shampoo', 'waitrose_rating': None, 'waitrose_unit_price': '(£1.19/100ml)', 'waitrose_new_flag': None, 'waitrose_prod_name': 'Herbal Essences Aloe Hemp Shampoo 380ml', 'images': []}
DEBUG: Scraped from <200 https://www.waitrose.com/ecom/shop/browse/groceries/toiletries_health_and_beauty/hair_care/shampoo>
{'client': 'Waitrose', 'time': datetime.datetime(2020, 8, 26, 9, 41, 17, 704853), 'category': 'Shampoo', 'id': 'tPp721134-337091-337092', 'prod_name': 'Aussie miracle shine shampoo', 'waitrose_Qty': '500ml', 'waitrose_discounted_price': '£6.00', 'waitrose_offer_desc': None, 'waitrose_url': 'https://www.waitrose.com/ecom/shop/browse/groceries/toiletries_health_and_beauty/hair_care/shampoo', 'waitrose_rating': None, 'waitrose_unit_price': '(£1.20/100ml)', 'waitrose_new_flag': None, 'waitrose_prod_name': 'Aussie miracle shine shampoo 500ml', 'images': []}
DEBUG: Scraped from <200 https://www.waitrose.com/ecom/shop/browse/groceries/toiletries_health_and_beauty/hair_care/shampoo>
{'client': 'Waitrose', 'time': datetime.datetime(2020, 8, 26, 9, 41, 17, 704853), 'category': 'Shampoo', 'id': 'tPp062495-31737-31738', 'prod_name': 'Neutrogena T/Gel shampoo dry hair', 'waitrose_Qty': '125ml', 'waitrose_discounted_price': '£5.15', 'waitrose_offer_desc': None, 'waitrose_url': 'https://www.waitrose.com/ecom/shop/browse/groceries/toiletries_health_and_beauty/hair_care/shampoo', 'waitrose_rating': None, 'waitrose_unit_price': '(£4.12/100ml)', 'waitrose_new_flag': None, 'waitrose_prod_name': 'Neutrogena T/Gel shampoo dry hair 125ml', 'images': []}
DEBUG: Scraped from <200 https://www.waitrose.com/ecom/shop/browse/groceries/toiletries_health_and_beauty/hair_care/shampoo>
{'client': 'Waitrose', 'time': datetime.datetime(2020, 8, 26, 9, 41, 17, 704853), 'category': 'Shampoo', 'id': 'tPp486943-68769-68770', 'prod_name': 'Head & Shoulders 2in1 classic clean', 'waitrose_Qty': '225ml', 'waitrose_discounted_price': '£3.00', 'waitrose_offer_desc': None, 'waitrose_url': 'https://www.waitrose.com/ecom/shop/browse/groceries/toiletries_health_and_beauty/hair_care/shampoo', 'waitrose_rating': '4', 'waitrose_unit_price': '(£1.34/100ml)', 'waitrose_new_flag': None, 'waitrose_prod_name': 'Head & Shoulders 2in1 classic clean 225ml', 'images': []}
DEBUG: Scraped from <200 https://www.waitrose.com/ecom/shop/browse/groceries/toiletries_health_and_beauty/hair_care/shampoo>
{'client': 'Waitrose', 'time': datetime.datetime(2020, 8, 26, 9, 41, 17, 704853), 'category': 'Shampoo', 'id': 'tPp756229-563906-563907', 'prod_name': 'Head & Shoulders 2 in 1 Total Care', 'waitrose_Qty': '225ml', 'waitrose_discounted_price': '£3.00', 'waitrose_offer_desc': None, 'waitrose_url': 'https://www.waitrose.com/ecom/shop/browse/groceries/toiletries_health_and_beauty/hair_care/shampoo', 'waitrose_rating': None, 'waitrose_unit_price': '(£1.34/100ml)', 'waitrose_new_flag': None, 'waitrose_prod_name': 'Head & Shoulders 2 in 1 Total Care 225ml', 'images': []}
DEBUG: Scraped from <200 https://www.waitrose.com/ecom/shop/browse/groceries/toiletries_health_and_beauty/hair_care/shampoo>
{'client': 'Waitrose', 'time': datetime.datetime(2020, 8, 26, 9, 41, 17, 704853), 'category': 'Shampoo', 'id': 'tPp662395-154665-154666', 'prod_name': 'Aussie colour mate shampoo', 'waitrose_Qty': '500ml', 'waitrose_discounted_price': '£6.15', 'waitrose_offer_desc': None, 'waitrose_url': 'https://www.waitrose.com/ecom/shop/browse/groceries/toiletries_health_and_beauty/hair_care/shampoo', 'waitrose_rating': None, 'waitrose_unit_price': '(£1.23/100ml)', 'waitrose_new_flag': None, 'waitrose_prod_name': 'Aussie colour mate shampoo 500ml', 'images': []}
DEBUG: Scraped from <200 https://www.waitrose.com/ecom/shop/browse/groceries/toiletries_health_and_beauty/hair_care/shampoo>
{'client': 'Waitrose', 'time': datetime.datetime(2020, 8, 26, 9, 41, 17, 704853), 'category': 'Shampoo', 'id': 'tPp502437-720153-720154', 'prod_name': 'Aussie Calm The Frizz Shampoo', 'waitrose_Qty': '300ml', 'waitrose_discounted_price': '£2.00', 'waitrose_offer_desc': 'Half Price.', 'waitrose_url': 'https://www.waitrose.com/ecom/shop/browse/groceries/toiletries_health_and_beauty/hair_care/shampoo', 'waitrose_rating': None, 'waitrose_unit_price': '(66.7p/100ml)', 'waitrose_new_flag': None, 'waitrose_prod_name': 'Aussie Calm The Frizz Shampoo 300ml', 'images': []}
DEBUG: Scraped from <200 https://www.waitrose.com/ecom/shop/browse/groceries/toiletries_health_and_beauty/hair_care/shampoo>
{'client': 'Waitrose', 'time': datetime.datetime(2020, 8, 26, 9, 41, 17, 704853), 'category': 'Shampoo', 'id': 'tPp844892-695845-695846', 'prod_name': 'Head & Shoulders Colour Protect', 'waitrose_Qty': '400ml', 'waitrose_discounted_price': '£3.33', 'waitrose_offer_desc': 'Save 1/3.', 'waitrose_url': 'https://www.waitrose.com/ecom/shop/browse/groceries/toiletries_health_and_beauty/hair_care/shampoo', 'waitrose_rating': None, 'waitrose_unit_price': '(83.3p/100ml)', 'waitrose_new_flag': None, 'waitrose_prod_name': 'Head & Shoulders Colour Protect 400ml', 'images': []}
DEBUG: Scraped from <200 https://www.waitrose.com/ecom/shop/browse/groceries/toiletries_health_and_beauty/hair_care/shampoo>
{'client': 'Waitrose', 'time': datetime.datetime(2020, 8, 26, 9, 41, 17, 704853), 'category': 'Shampoo', 'id': 'tPp735040-695707-695708', 'prod_name': 'Vosene Kids 3in1 Tea Tree Shampoo', 'waitrose_Qty': '250ml', 'waitrose_discounted_price': '£1.66', 'waitrose_offer_desc': 'Save 1/3.', 'waitrose_url': 'https://www.waitrose.com/ecom/shop/browse/groceries/toiletries_health_and_beauty/hair_care/shampoo', 'waitrose_rating': None, 'waitrose_unit_price': '(66.4p/100ml)', 'waitrose_new_flag': None, 'waitrose_prod_name': 'Vosene Kids 3in1 Tea Tree Shampoo 250ml', 'images': []}
DEBUG: Scraped from <200 https://www.waitrose.com/ecom/shop/browse/groceries/toiletries_health_and_beauty/hair_care/shampoo>
{'client': 'Waitrose', 'time': datetime.datetime(2020, 8, 26, 9, 41, 17, 704853), 'category': 'Shampoo', 'id': 'tPp530991-695493-695494', 'prod_name': 'John Frieda Shampoo Detox & Repair', 'waitrose_Qty': '250ml', 'waitrose_discounted_price': '£3.99', 'waitrose_offer_desc': 'Save 1/3.', 'waitrose_url': 'https://www.waitrose.com/ecom/shop/browse/groceries/toiletries_health_and_beauty/hair_care/shampoo', 'waitrose_rating': None, 'waitrose_unit_price': '(£1.60/100ml)', 'waitrose_new_flag': None, 'waitrose_prod_name': 'John Frieda Shampoo Detox & Repair 250ml', 'images': []}
DEBUG: Scraped from <200 https://www.waitrose.com/ecom/shop/browse/groceries/toiletries_health_and_beauty/hair_care/shampoo>
{'client': 'Waitrose', 'time': datetime.datetime(2020, 8, 26, 9, 41, 17, 704853), 'category': 'Shampoo', 'id': 'tPp895244-495222-495223', 'prod_name': 'DGJ Clarifying Shampoo', 'waitrose_Qty': '250ml', 'waitrose_discounted_price': '£2.50', 'waitrose_offer_desc': 'Half Price.', 'waitrose_url': 'https://www.waitrose.com/ecom/shop/browse/groceries/toiletries_health_and_beauty/hair_care/shampoo', 'waitrose_rating': None, 'waitrose_unit_price': '(£1/100ml)', 'waitrose_new_flag': None, 'waitrose_prod_name': 'DGJ Clarifying Shampoo 250ml', 'images': []}
DEBUG: Scraped from <200 https://www.waitrose.com/ecom/shop/browse/groceries/toiletries_health_and_beauty/hair_care/shampoo>
{'client': 'Waitrose', 'time': datetime.datetime(2020, 8, 26, 9, 41, 17, 704853), 'category': 'Shampoo', 'id': 'tPp687186-337057-337058', 'prod_name': 'Argan + Argan Oil Rejuvenating Shampoo', 'waitrose_Qty': '300ml', 'waitrose_discounted_price': '£4.00', 'waitrose_offer_desc': 'Save 1/3.', 'waitrose_url': 'https://www.waitrose.com/ecom/shop/browse/groceries/toiletries_health_and_beauty/hair_care/shampoo', 'waitrose_rating': '5', 'waitrose_unit_price': '(£1.34/100ml)', 'waitrose_new_flag': None, 'waitrose_prod_name': 'Argan + Argan Oil Rejuvenating Shampoo 300ml', 'images': []}
DEBUG: Scraped from <200 https://www.waitrose.com/ecom/shop/browse/groceries/toiletries_health_and_beauty/hair_care/shampoo>
{'client': 'Waitrose', 'time': datetime.datetime(2020, 8, 26, 9, 41, 17, 704853), 'category': 'Shampoo', 'id': 'tPp867514-720387-720388', 'prod_name': 'Head & Shoulders Coconut Shampoo', 'waitrose_Qty': '500ml', 'waitrose_discounted_price': '£5.00', 'waitrose_offer_desc': None, 'waitrose_url': 'https://www.waitrose.com/ecom/shop/browse/groceries/toiletries_health_and_beauty/hair_care/shampoo', 'waitrose_rating': None, 'waitrose_unit_price': '(£1/100ml)', 'waitrose_new_flag': None, 'waitrose_prod_name': 'Head & Shoulders Coconut Shampoo 500ml', 'images': []}
DEBUG: Scraped from <200 https://www.waitrose.com/ecom/shop/browse/groceries/toiletries_health_and_beauty/hair_care/shampoo>
{'client': 'Waitrose', 'time': datetime.datetime(2020, 8, 26, 9, 41, 17, 704853), 'category': 'Shampoo', 'id': 'tPp820157-724089-724090', 'prod_name': 'Eco Warrior Shampoo Bar', 'waitrose_Qty': '100g', 'waitrose_discounted_price': '£4.50', 'waitrose_offer_desc': None, 'waitrose_url': 'https://www.waitrose.com/ecom/shop/browse/groceries/toiletries_health_and_beauty/hair_care/shampoo', 'waitrose_rating': None, 'waitrose_unit_price': '(£4.50/100g)', 'waitrose_new_flag': None, 'waitrose_prod_name': 'Eco Warrior Shampoo Bar 100g', 'images': []}
DEBUG: Scraped from <200 https://www.waitrose.com/ecom/shop/browse/groceries/toiletries_health_and_beauty/hair_care/shampoo>
{'client': 'Waitrose', 'time': datetime.datetime(2020, 8, 26, 9, 41, 17, 704853), 'category': 'Shampoo', 'id': 'tPp853982-154925-154926', 'prod_name': 'Batiste blush dry shampoo', 'waitrose_Qty': '200ml', 'waitrose_discounted_price': '£3.00', 'waitrose_offer_desc': None, 'waitrose_url': 'https://www.waitrose.com/ecom/shop/browse/groceries/toiletries_health_and_beauty/hair_care/shampoo', 'waitrose_rating': '4', 'waitrose_unit_price': '(£1.50/100ml)', 'waitrose_new_flag': None, 'waitrose_prod_name': 'Batiste blush dry shampoo 200ml', 'images': []}
DEBUG: Scraped from <200 https://www.waitrose.com/ecom/shop/browse/groceries/toiletries_health_and_beauty/hair_care/shampoo>
{'client': 'Waitrose', 'time': datetime.datetime(2020, 8, 26, 9, 41, 17, 704853), 'category': 'Shampoo', 'id': 'tPp626001-88825-88826', 'prod_name': 'Head & Shoulders Shampoo Citrus Fresh', 'waitrose_Qty': '500ml', 'waitrose_discounted_price': '£5.15', 'waitrose_offer_desc': None, 'waitrose_url': 'https://www.waitrose.com/ecom/shop/browse/groceries/toiletries_health_and_beauty/hair_care/shampoo', 'waitrose_rating': None, 'waitrose_unit_price': '(£1.03/100ml)', 'waitrose_new_flag': None, 'waitrose_prod_name': 'Head & Shoulders Shampoo Citrus Fresh 500ml', 'images': []}
DEBUG: Scraped from <200 https://www.waitrose.com/ecom/shop/browse/groceries/toiletries_health_and_beauty/hair_care/shampoo>
{'client': 'Waitrose', 'time': datetime.datetime(2020, 8, 26, 9, 41, 17, 704853), 'category': 'Shampoo', 'id': 'tPp778297-720309-720310', 'prod_name': 'Pantene Grow Strong Shampoo', 'waitrose_Qty': '400ml', 'waitrose_discounted_price': '£3.75', 'waitrose_offer_desc': None, 'waitrose_url': 'https://www.waitrose.com/ecom/shop/browse/groceries/toiletries_health_and_beauty/hair_care/shampoo', 'waitrose_rating': None, 'waitrose_unit_price': '(93.8p/100ml)', 'waitrose_new_flag': None, 'waitrose_prod_name': 'Pantene Grow Strong Shampoo 400ml', 'images': []}
DEBUG: Scraped from <200 https://www.waitrose.com/ecom/shop/browse/groceries/toiletries_health_and_beauty/hair_care/shampoo>
{'client': 'Waitrose', 'time': datetime.datetime(2020, 8, 26, 9, 41, 17, 704853), 'category': 'Shampoo', 'id': 'tPp884562-720413-720414', 'prod_name': 'Maui Moisture Shea Butter Shampoo', 'waitrose_Qty': '385ml', 'waitrose_discounted_price': '£6.00', 'waitrose_offer_desc': 'Save 1/3.', 'waitrose_url': 'https://www.waitrose.com/ecom/shop/browse/groceries/toiletries_health_and_beauty/hair_care/shampoo', 'waitrose_rating': None, 'waitrose_unit_price': '(£1.56/100ml)', 'waitrose_new_flag': None, 'waitrose_prod_name': 'Maui Moisture Shea Butter Shampoo 385ml', 'images': []}
DEBUG: Scraped from <200 https://www.waitrose.com/ecom/shop/browse/groceries/toiletries_health_and_beauty/hair_care/shampoo>
{'client': 'Waitrose', 'time': datetime.datetime(2020, 8, 26, 9, 41, 17, 704853), 'category': 'Shampoo', 'id': 'tPp819340-720339-720340', 'prod_name': 'Head & Shoulders Supreme Shampoo', 'waitrose_Qty': '400ml', 'waitrose_discounted_price': '£3.33', 'waitrose_offer_desc': 'Save 1/3.', 'waitrose_url': 'https://www.waitrose.com/ecom/shop/browse/groceries/toiletries_health_and_beauty/hair_care/shampoo', 'waitrose_rating': None, 'waitrose_unit_price': '(83.3p/100ml)', 'waitrose_new_flag': None, 'waitrose_prod_name': 'Head & Shoulders Supreme Shampoo 400ml', 'images': []}
DEBUG: Scraped from <200 https://www.waitrose.com/ecom/shop/browse/groceries/toiletries_health_and_beauty/hair_care/shampoo>
{'client': 'Waitrose', 'time': datetime.datetime(2020, 8, 26, 9, 41, 17, 704853), 'category': 'Shampoo', 'id': 'tPp554742-695503-695504', 'prod_name': 'Umberto Giannini Violet Shampoo', 'waitrose_Qty': '250ml', 'waitrose_discounted_price': '£8.00', 'waitrose_offer_desc': 'Mix & Match Add 3 for 2 Cheapest Item Free', 'waitrose_url': 'https://www.waitrose.com/ecom/shop/browse/groceries/toiletries_health_and_beauty/hair_care/shampoo', 'waitrose_rating': None, 'waitrose_unit_price': '(£3.20/100ml)', 'waitrose_new_flag': None, 'waitrose_prod_name': 'Umberto Giannini Violet Shampoo 250ml', 'images': []}
DEBUG: Scraped from <200 https://www.waitrose.com/ecom/shop/browse/groceries/toiletries_health_and_beauty/hair_care/shampoo>
{'client': 'Waitrose', 'time': datetime.datetime(2020, 8, 26, 9, 41, 17, 704853), 'category': 'Shampoo', 'id': 'tPp414862-695397-695398', 'prod_name': 'Noughty Wave Hello Shampoo', 'waitrose_Qty': '250ml', 'waitrose_discounted_price': '£4.66', 'waitrose_offer_desc': 'Save 1/3.', 'waitrose_url': 'https://www.waitrose.com/ecom/shop/browse/groceries/toiletries_health_and_beauty/hair_care/shampoo', 'waitrose_rating': None, 'waitrose_unit_price': '(£1.87/100ml)', 'waitrose_new_flag': None, 'waitrose_prod_name': 'Noughty Wave Hello Shampoo 250ml', 'images': []}
DEBUG: Scraped from <200 https://www.waitrose.com/ecom/shop/browse/groceries/toiletries_health_and_beauty/hair_care/shampoo>
{'client': 'Waitrose', 'time': datetime.datetime(2020, 8, 26, 9, 41, 17, 704853), 'category': 'Shampoo', 'id': 'tPp852396-695857-695858', 'prod_name': 'BECO. Honey Blossom Shampoo Bar', 'waitrose_Qty': '90g', 'waitrose_discounted_price': '£4.00', 'waitrose_offer_desc': None, 'waitrose_url': 'https://www.waitrose.com/ecom/shop/browse/groceries/toiletries_health_and_beauty/hair_care/shampoo', 'waitrose_rating': '4.9', 'waitrose_unit_price': '(£4.45/100g)', 'waitrose_new_flag': None, 'waitrose_prod_name': 'BECO. Honey Blossom Shampoo Bar 90g', 'images': []}
DEBUG: Scraped from <200 https://www.waitrose.com/ecom/shop/browse/groceries/toiletries_health_and_beauty/hair_care/shampoo>
{'client': 'Waitrose', 'time': datetime.datetime(2020, 8, 26, 9, 41, 17, 704853), 'category': 'Shampoo', 'id': 'tPp790782-694215-694216', 'prod_name': 'Pantene 3in1 Smooth & Sleek', 'waitrose_Qty': '450ml', 'waitrose_discounted_price': '£3.75', 'waitrose_offer_desc': None, 'waitrose_url': 'https://www.waitrose.com/ecom/shop/browse/groceries/toiletries_health_and_beauty/hair_care/shampoo', 'waitrose_rating': None, 'waitrose_unit_price': '(83.3p/100ml)', 'waitrose_new_flag': None, 'waitrose_prod_name': 'Pantene 3in1 Smooth & Sleek 450ml', 'images': []}
DEBUG: Scraped from <200 https://www.waitrose.com/ecom/shop/browse/groceries/toiletries_health_and_beauty/hair_care/shampoo>
{'client': 'Waitrose', 'time': datetime.datetime(2020, 8, 26, 9, 41, 17, 704853), 'category': 'Shampoo', 'id': 'tPp480728-631267-631268', 'prod_name': 'Ogx Orchid Oil Shampoo', 'waitrose_Qty': '385ml', 'waitrose_discounted_price': '£7.00', 'waitrose_offer_desc': None, 'waitrose_url': 'https://www.waitrose.com/ecom/shop/browse/groceries/toiletries_health_and_beauty/hair_care/shampoo', 'waitrose_rating': '5', 'waitrose_unit_price': '(£1.82/100ml)', 'waitrose_new_flag': None, 'waitrose_prod_name': 'Ogx Orchid Oil Shampoo 385ml', 'images': []}
DEBUG: Scraped from <200 https://www.waitrose.com/ecom/shop/browse/groceries/toiletries_health_and_beauty/hair_care/shampoo>
{'client': 'Waitrose', 'time': datetime.datetime(2020, 8, 26, 9, 41, 17, 704853), 'category': 'Shampoo', 'id': 'tPp032765-16025-16026', 'prod_name': "L'Oréal kids shampoo berry strawberry", 'waitrose_Qty': '250ml', 'waitrose_discounted_price': '£2.00', 'waitrose_offer_desc': None, 'waitrose_url': 'https://www.waitrose.com/ecom/shop/browse/groceries/toiletries_health_and_beauty/hair_care/shampoo', 'waitrose_rating': None, 'waitrose_unit_price': '(80p/100ml)', 'waitrose_new_flag': None, 'waitrose_prod_name': "L'Oréal kids shampoo berry strawberry 250ml", 'images': []}
DEBUG: Scraped from <200 https://www.waitrose.com/ecom/shop/browse/groceries/toiletries_health_and_beauty/hair_care/shampoo>
{'client': 'Waitrose', 'time': datetime.datetime(2020, 8, 26, 9, 41, 17, 704853), 'category': 'Shampoo', 'id': 'tPp584599-695531-695532', 'prod_name': 'Batiste Dry Shampoo Volume', 'waitrose_Qty': '200ml', 'waitrose_discounted_price': '£4.25', 'waitrose_offer_desc': None, 'waitrose_url': 'https://www.waitrose.com/ecom/shop/browse/groceries/toiletries_health_and_beauty/hair_care/shampoo', 'waitrose_rating': None, 'waitrose_unit_price': '(£2.13/100ml)', 'waitrose_new_flag': None, 'waitrose_prod_name': 'Batiste Dry Shampoo Volume 200ml', 'images': []}
DEBUG: Scraped from <200 https://www.waitrose.com/ecom/shop/browse/groceries/toiletries_health_and_beauty/hair_care/shampoo>
{'client': 'Waitrose', 'time': datetime.datetime(2020, 8, 26, 9, 41, 17, 704853), 'category': 'Shampoo', 'id': 'tPp076232-38732-38733', 'prod_name': 'AOrganic Lavender Shampoo', 'waitrose_Qty': '325ml', 'waitrose_discounted_price': '£7.00', 'waitrose_offer_desc': None, 'waitrose_url': 'https://www.waitrose.com/ecom/shop/browse/groceries/toiletries_health_and_beauty/hair_care/shampoo', 'waitrose_rating': '3.8', 'waitrose_unit_price': '(£2.16/100ml)', 'waitrose_new_flag': None, 'waitrose_prod_name': 'AOrganic Lavender Shampoo 325ml', 'images': []}
DEBUG: Scraped from <200 https://www.waitrose.com/ecom/shop/browse/groceries/toiletries_health_and_beauty/hair_care/shampoo>
{'client': 'Waitrose', 'time': datetime.datetime(2020, 8, 26, 9, 41, 17, 704853), 'category': 'Shampoo', 'id': 'tPp426973-298983-298984', 'prod_name': 'Head & Shoulders 2in1 Apple Fresh', 'waitrose_Qty': '450ml', 'waitrose_discounted_price': '£5.00', 'waitrose_offer_desc': None, 'waitrose_url': 'https://www.waitrose.com/ecom/shop/browse/groceries/toiletries_health_and_beauty/hair_care/shampoo', 'waitrose_rating': None, 'waitrose_unit_price': '(£1.12/100ml)', 'waitrose_new_flag': None, 'waitrose_prod_name': 'Head & Shoulders 2in1 Apple Fresh 450ml', 'images': []}
DEBUG: Scraped from <200 https://www.waitrose.com/ecom/shop/browse/groceries/toiletries_health_and_beauty/hair_care/shampoo>
{'client': 'Waitrose', 'time': datetime.datetime(2020, 8, 26, 9, 41, 17, 704853), 'category': 'Shampoo', 'id': 'tPp724972-694185-694186', 'prod_name': 'Pantene 3in1 Repair & Protect', 'waitrose_Qty': '450ml', 'waitrose_discounted_price': '£3.75', 'waitrose_offer_desc': None, 'waitrose_url': 'https://www.waitrose.com/ecom/shop/browse/groceries/toiletries_health_and_beauty/hair_care/shampoo', 'waitrose_rating': None, 'waitrose_unit_price': '(83.3p/100ml)', 'waitrose_new_flag': None, 'waitrose_prod_name': 'Pantene 3in1 Repair & Protect 450ml', 'images': []}
DEBUG: Scraped from <200 https://www.waitrose.com/ecom/shop/browse/groceries/toiletries_health_and_beauty/hair_care/shampoo>
{'client': 'Waitrose', 'time': datetime.datetime(2020, 8, 26, 9, 41, 17, 704853), 'category': 'Shampoo', 'id': 'tPp809690-337194-337195', 'prod_name': 'Head & Shoulders 2in1 Itchy Scalp', 'waitrose_Qty': '450ml', 'waitrose_discounted_price': '£5.15', 'waitrose_offer_desc': None, 'waitrose_url': 'https://www.waitrose.com/ecom/shop/browse/groceries/toiletries_health_and_beauty/hair_care/shampoo', 'waitrose_rating': '5', 'waitrose_unit_price': '(£1.15/100ml)', 'waitrose_new_flag': None, 'waitrose_prod_name': 'Head & Shoulders 2in1 Itchy Scalp 450ml', 'images': []}
DEBUG: Scraped from <200 https://www.waitrose.com/ecom/shop/browse/groceries/toiletries_health_and_beauty/hair_care/shampoo>
{'client': 'Waitrose', 'time': datetime.datetime(2020, 8, 26, 9, 41, 17, 704853), 'category': 'Shampoo', 'id': 'tPp527154-720165-720166', 'prod_name': 'Maui Moisture Hibiscus Water', 'waitrose_Qty': '385ml', 'waitrose_discounted_price': '£6.00', 'waitrose_offer_desc': 'Save 1/3.', 'waitrose_url': 'https://www.waitrose.com/ecom/shop/browse/groceries/toiletries_health_and_beauty/hair_care/shampoo', 'waitrose_rating': None, 'waitrose_unit_price': '(£1.56/100ml)', 'waitrose_new_flag': None, 'waitrose_prod_name': 'Maui Moisture Hibiscus Water 385ml', 'images': []}
DEBUG: Scraped from <200 https://www.waitrose.com/ecom/shop/browse/groceries/toiletries_health_and_beauty/hair_care/shampoo>
{'client': 'Waitrose', 'time': datetime.datetime(2020, 8, 26, 9, 41, 17, 704853), 'category': 'Shampoo', 'id': 'tPp829437-695831-695832', 'prod_name': 'Umberto Giannini Grow Long Shampoo', 'waitrose_Qty': '250ml', 'waitrose_discounted_price': '£8.00', 'waitrose_offer_desc': 'Mix & Match Add 3 for 2 Cheapest Item Free', 'waitrose_url': 'https://www.waitrose.com/ecom/shop/browse/groceries/toiletries_health_and_beauty/hair_care/shampoo', 'waitrose_rating': '5', 'waitrose_unit_price': '(£3.20/100ml)', 'waitrose_new_flag': None, 'waitrose_prod_name': 'Umberto Giannini Grow Long Shampoo 250ml', 'images': []}
DEBUG: Scraped from <200 https://www.waitrose.com/ecom/shop/browse/groceries/toiletries_health_and_beauty/hair_care/shampoo>
{'client': 'Waitrose', 'time': datetime.datetime(2020, 8, 26, 9, 41, 17, 704853), 'category': 'Shampoo', 'id': 'tPp453160-695433-695434', 'prod_name': 'Argan+ Long & Strong Shampoo', 'waitrose_Qty': '300ml', 'waitrose_discounted_price': '£4.00', 'waitrose_offer_desc': 'Save 1/3.', 'waitrose_url': 'https://www.waitrose.com/ecom/shop/browse/groceries/toiletries_health_and_beauty/hair_care/shampoo', 'waitrose_rating': None, 'waitrose_unit_price': '(£1.34/100ml)', 'waitrose_new_flag': None, 'waitrose_prod_name': 'Argan+ Long & Strong Shampoo 300ml', 'images': []}
DEBUG: Scraped from <200 https://www.waitrose.com/ecom/shop/browse/groceries/toiletries_health_and_beauty/hair_care/shampoo>
{'client': 'Waitrose', 'time': datetime.datetime(2020, 8, 26, 9, 41, 17, 704853), 'category': 'Shampoo', 'id': 'tPp745828-495012-495013', 'prod_name': 'DGJ Kids Lice Repel Shampoo', 'waitrose_Qty': '250ml', 'waitrose_discounted_price': '£1.75', 'waitrose_offer_desc': 'Half Price.', 'waitrose_url': 'https://www.waitrose.com/ecom/shop/browse/groceries/toiletries_health_and_beauty/hair_care/shampoo', 'waitrose_rating': None, 'waitrose_unit_price': '(70p/100ml)', 'waitrose_new_flag': None, 'waitrose_prod_name': 'DGJ Kids Lice Repel Shampoo 250ml', 'images': []}
DEBUG: Scraped from <200 https://www.waitrose.com/ecom/shop/browse/groceries/toiletries_health_and_beauty/hair_care/shampoo>
{'client': 'Waitrose', 'time': datetime.datetime(2020, 8, 26, 9, 41, 17, 704853), 'category': 'Shampoo', 'id': 'tPp702159-494964-494965', 'prod_name': 'DGJ Argan Oil Shampoo', 'waitrose_Qty': '250ml', 'waitrose_discounted_price': '£2.50', 'waitrose_offer_desc': 'Half Price.', 'waitrose_url': 'https://www.waitrose.com/ecom/shop/browse/groceries/toiletries_health_and_beauty/hair_care/shampoo', 'waitrose_rating': None, 'waitrose_unit_price': '(£1/100ml)', 'waitrose_new_flag': None, 'waitrose_prod_name': 'DGJ Argan Oil Shampoo 250ml', 'images': []}
DEBUG: Scraped from <200 https://www.waitrose.com/ecom/shop/browse/groceries/toiletries_health_and_beauty/hair_care/shampoo>
{'client': 'Waitrose', 'time': datetime.datetime(2020, 8, 26, 9, 41, 17, 704853), 'category': 'Shampoo', 'id': 'tPp714629-729752-729753', 'prod_name': 'OGX Keratin Oil Shampoo', 'waitrose_Qty': '385ml', 'waitrose_discounted_price': '£7.00', 'waitrose_offer_desc': None, 'waitrose_url': 'https://www.waitrose.com/ecom/shop/browse/groceries/toiletries_health_and_beauty/hair_care/shampoo', 'waitrose_rating': None, 'waitrose_unit_price': '(£1.82/100ml)', 'waitrose_new_flag': 'NEW', 'waitrose_prod_name': 'OGX Keratin Oil Shampoo 385ml', 'images': []}
DEBUG: Scraped from <200 https://www.waitrose.com/ecom/shop/browse/groceries/toiletries_health_and_beauty/hair_care/shampoo>
{'client': 'Waitrose', 'time': datetime.datetime(2020, 8, 26, 9, 41, 17, 704853), 'category': 'Shampoo', 'id': 'tPp480888-154495-154496', 'prod_name': 'Head & Shoulders Smooth Shampoo', 'waitrose_Qty': '500ml', 'waitrose_discounted_price': '£5.15', 'waitrose_offer_desc': None, 'waitrose_url': 'https://www.waitrose.com/ecom/shop/browse/groceries/toiletries_health_and_beauty/hair_care/shampoo', 'waitrose_rating': None, 'waitrose_unit_price': '(£1.03/100ml)', 'waitrose_new_flag': None, 'waitrose_prod_name': 'Head & Shoulders Smooth Shampoo 500ml', 'images': []}
DEBUG: Scraped from <200 https://www.waitrose.com/ecom/shop/browse/groceries/toiletries_health_and_beauty/hair_care/shampoo>
{'client': 'Waitrose', 'time': datetime.datetime(2020, 8, 26, 9, 41, 17, 704853), 'category': 'Shampoo', 'id': 'tPp027940-13599-13600', 'prod_name': 'Avalon Organics lemon shampoo', 'waitrose_Qty': '325ml', 'waitrose_discounted_price': '£7.00', 'waitrose_offer_desc': None, 'waitrose_url': 'https://www.waitrose.com/ecom/shop/browse/groceries/toiletries_health_and_beauty/hair_care/shampoo', 'waitrose_rating': '3.6', 'waitrose_unit_price': '(£2.16/100ml)', 'waitrose_new_flag': None, 'waitrose_prod_name': 'Avalon Organics lemon shampoo 325ml', 'images': []}
DEBUG: Scraped from <200 https://www.waitrose.com/ecom/shop/browse/groceries/toiletries_health_and_beauty/hair_care/shampoo>
{'client': 'Waitrose', 'time': datetime.datetime(2020, 8, 26, 9, 41, 17, 704853), 'category': 'Shampoo', 'id': 'tPp810302-683828-683829', 'prod_name': 'Herbal Essences Deep Repair Shampoo', 'waitrose_Qty': '400ml', 'waitrose_discounted_price': '£4.50', 'waitrose_offer_desc': None, 'waitrose_url': 'https://www.waitrose.com/ecom/shop/browse/groceries/toiletries_health_and_beauty/hair_care/shampoo', 'waitrose_rating': None, 'waitrose_unit_price': '(£1.13/100ml)', 'waitrose_new_flag': None, 'waitrose_prod_name': 'Herbal Essences Deep Repair Shampoo 400ml', 'images': []}
DEBUG: Scraped from <200 https://www.waitrose.com/ecom/shop/browse/groceries/toiletries_health_and_beauty/hair_care/shampoo>
{'client': 'Waitrose', 'time': datetime.datetime(2020, 8, 26, 9, 41, 17, 704853), 'category': 'Shampoo', 'id': 'tPp694392-98595-98596', 'prod_name': 'Head & Shoulders Shampoo Cool Menthol', 'waitrose_Qty': '500ml', 'waitrose_discounted_price': '£5.15', 'waitrose_offer_desc': None, 'waitrose_url': 'https://www.waitrose.com/ecom/shop/browse/groceries/toiletries_health_and_beauty/hair_care/shampoo', 'waitrose_rating': None, 'waitrose_unit_price': '(£1.03/100ml)', 'waitrose_new_flag': None, 'waitrose_prod_name': 'Head & Shoulders Shampoo Cool Menthol 500ml', 'images': []}
DEBUG: Scraped from <200 https://www.waitrose.com/ecom/shop/browse/groceries/toiletries_health_and_beauty/hair_care/shampoo>
{'client': 'Waitrose', 'time': datetime.datetime(2020, 8, 26, 9, 41, 17, 704853), 'category': 'Shampoo', 'id': 'tPp492090-729670-729671', 'prod_name': 'Percy & Reed Volumising Shampoo', 'waitrose_Qty': '250ml', 'waitrose_discounted_price': '£18.00', 'waitrose_offer_desc': None, 'waitrose_url': 'https://www.waitrose.com/ecom/shop/browse/groceries/toiletries_health_and_beauty/hair_care/shampoo', 'waitrose_rating': None, 'waitrose_unit_price': '(£7.20/100ml)', 'waitrose_new_flag': 'NEW', 'waitrose_prod_name': 'Percy & Reed Volumising Shampoo 250ml', 'images': []}
DEBUG: Scraped from <200 https://www.waitrose.com/ecom/shop/browse/groceries/toiletries_health_and_beauty/hair_care/shampoo>
{'client': 'Waitrose', 'time': datetime.datetime(2020, 8, 26, 9, 41, 17, 704853), 'category': 'Shampoo', 'id': 'tPp836383-271490-271491', 'prod_name': 'Head & Shoulders 2in1 citrus care', 'waitrose_Qty': '450ml', 'waitrose_discounted_price': '£5.15', 'waitrose_offer_desc': None, 'waitrose_url': 'https://www.waitrose.com/ecom/shop/browse/groceries/toiletries_health_and_beauty/hair_care/shampoo', 'waitrose_rating': None, 'waitrose_unit_price': '(£1.15/100ml)', 'waitrose_new_flag': None, 'waitrose_prod_name': 'Head & Shoulders 2in1 citrus care 450ml', 'images': []}
DEBUG: Scraped from <200 https://www.waitrose.com/ecom/shop/browse/groceries/toiletries_health_and_beauty/hair_care/shampoo>
{'client': 'Waitrose', 'time': datetime.datetime(2020, 8, 26, 9, 41, 17, 704853), 'category': 'Shampoo', 'id': 'tPp547359-720175-720176', 'prod_name': 'Maui Moisture Bamboo Shampoo', 'waitrose_Qty': '385ml', 'waitrose_discounted_price': '£6.00', 'waitrose_offer_desc': 'Save 1/3.', 'waitrose_url': 'https://www.waitrose.com/ecom/shop/browse/groceries/toiletries_health_and_beauty/hair_care/shampoo', 'waitrose_rating': '5', 'waitrose_unit_price': '(£1.56/100ml)', 'waitrose_new_flag': None, 'waitrose_prod_name': 'Maui Moisture Bamboo Shampoo 385ml', 'images': []}
DEBUG: Scraped from <200 https://www.waitrose.com/ecom/shop/browse/groceries/toiletries_health_and_beauty/hair_care/shampoo>
{'client': 'Waitrose', 'time': datetime.datetime(2020, 8, 26, 9, 41, 17, 704853), 'category': 'Shampoo', 'id': 'tPp703131-695681-695682', 'prod_name': 'Head & Shoulders Repair Shampoo', 'waitrose_Qty': '400ml', 'waitrose_discounted_price': '£3.33', 'waitrose_offer_desc': 'Save 1/3.', 'waitrose_url': 'https://www.waitrose.com/ecom/shop/browse/groceries/toiletries_health_and_beauty/hair_care/shampoo', 'waitrose_rating': '4', 'waitrose_unit_price': '(83.3p/100ml)', 'waitrose_new_flag': None, 'waitrose_prod_name': 'Head & Shoulders Repair Shampoo 400ml', 'images': []}
DEBUG: Scraped from <200 https://www.waitrose.com/ecom/shop/browse/groceries/toiletries_health_and_beauty/hair_care/shampoo>
{'client': 'Waitrose', 'time': datetime.datetime(2020, 8, 26, 9, 41, 17, 704853), 'category': 'Shampoo', 'id': 'tPp657930-695639-695640', 'prod_name': 'Noughty Pumped Up Shampoo', 'waitrose_Qty': '250ml', 'waitrose_discounted_price': '£4.66', 'waitrose_offer_desc': 'Save 1/3.', 'waitrose_url': 'https://www.waitrose.com/ecom/shop/browse/groceries/toiletries_health_and_beauty/hair_care/shampoo', 'waitrose_rating': '5', 'waitrose_unit_price': '(£1.87/100ml)', 'waitrose_new_flag': None, 'waitrose_prod_name': 'Noughty Pumped Up Shampoo 250ml', 'images': []}
DEBUG: Scraped from <200 https://www.waitrose.com/ecom/shop/browse/groceries/toiletries_health_and_beauty/hair_care/shampoo>
{'client': 'Waitrose', 'time': datetime.datetime(2020, 8, 26, 9, 41, 17, 704853), 'category': 'Shampoo', 'id': 'tPp645178-695617-695618', 'prod_name': 'John Frieda Shampoo Weightless Wonder', 'waitrose_Qty': '250ml', 'waitrose_discounted_price': '£3.99', 'waitrose_offer_desc': 'Save 1/3.', 'waitrose_url': 'https://www.waitrose.com/ecom/shop/browse/groceries/toiletries_health_and_beauty/hair_care/shampoo', 'waitrose_rating': '4.6', 'waitrose_unit_price': '(£1.60/100ml)', 'waitrose_new_flag': None, 'waitrose_prod_name': 'John Frieda Shampoo Weightless Wonder 250ml', 'images': []}
DEBUG: Scraped from <200 https://www.waitrose.com/ecom/shop/browse/groceries/toiletries_health_and_beauty/hair_care/shampoo>
{'client': 'Waitrose', 'time': datetime.datetime(2020, 8, 26, 9, 41, 17, 704853), 'category': 'Shampoo', 'id': 'tPp725372-631511-631512', 'prod_name': 'Hask Moni Coconut Oil Shampoo', 'waitrose_Qty': '355ml', 'waitrose_discounted_price': '£4.66', 'waitrose_offer_desc': 'Save 1/3.', 'waitrose_url': 'https://www.waitrose.com/ecom/shop/browse/groceries/toiletries_health_and_beauty/hair_care/shampoo', 'waitrose_rating': None, 'waitrose_unit_price': '(£1.32/100ml)', 'waitrose_new_flag': None, 'waitrose_prod_name': 'Hask Moni Coconut Oil Shampoo 355ml', 'images': []}
DEBUG: Scraped from <200 https://www.waitrose.com/ecom/shop/browse/groceries/toiletries_health_and_beauty/hair_care/shampoo>
{'client': 'Waitrose', 'time': datetime.datetime(2020, 8, 26, 9, 41, 17, 704853), 'category': 'Shampoo', 'id': 'tPp492466-631281-631282', 'prod_name': 'Hask Keratin Protein Smoothing Shampoo', 'waitrose_Qty': '355ml', 'waitrose_discounted_price': '£4.66', 'waitrose_offer_desc': 'Save 1/3.', 'waitrose_url': 'https://www.waitrose.com/ecom/shop/browse/groceries/toiletries_health_and_beauty/hair_care/shampoo', 'waitrose_rating': None, 'waitrose_unit_price': '(£1.32/100ml)', 'waitrose_new_flag': None, 'waitrose_prod_name': 'Hask Keratin Protein Smoothing Shampoo 355ml', 'images': []}
DEBUG: Scraped from <200 https://www.waitrose.com/ecom/shop/browse/groceries/toiletries_health_and_beauty/hair_care/shampoo>
{'client': 'Waitrose', 'time': datetime.datetime(2020, 8, 26, 9, 41, 17, 704853), 'category': 'Shampoo', 'id': 'tPp816738-442231-442232', 'prod_name': 'SensSpa Nourishing Shampoo', 'waitrose_Qty': '250ml', 'waitrose_discounted_price': '£4.00', 'waitrose_offer_desc': 'Save 1/3.', 'waitrose_url': 'https://www.waitrose.com/ecom/shop/browse/groceries/toiletries_health_and_beauty/hair_care/shampoo', 'waitrose_rating': '2.6', 'waitrose_unit_price': '(£1.60/100ml)', 'waitrose_new_flag': None, 'waitrose_prod_name': 'SensSpa Nourishing Shampoo 250ml', 'images': []}
DEBUG: Scraped from <200 https://www.waitrose.com/ecom/shop/browse/groceries/toiletries_health_and_beauty/hair_care/shampoo>
{'client': 'Waitrose', 'time': datetime.datetime(2020, 8, 26, 9, 41, 17, 704853), 'category': 'Shampoo', 'id': 'tPp833802-337290-337291', 'prod_name': 'Aussie Miracle Moist Spray', 'waitrose_Qty': '250ml', 'waitrose_discounted_price': '£2.57', 'waitrose_offer_desc': 'Half Price.', 'waitrose_url': 'https://www.waitrose.com/ecom/shop/browse/groceries/toiletries_health_and_beauty/hair_care/shampoo', 'waitrose_rating': None, 'waitrose_unit_price': '(£1.03/100ml)', 'waitrose_new_flag': None, 'waitrose_prod_name': 'Aussie Miracle Moist Spray 250ml', 'images': []}
DEBUG: Scraped from <200 https://www.waitrose.com/ecom/shop/browse/groceries/toiletries_health_and_beauty/hair_care/shampoo>
{'client': 'Waitrose', 'time': datetime.datetime(2020, 8, 26, 9, 41, 17, 704853), 'category': 'Shampoo', 'id': 'tPp808436-720325-720326', 'prod_name': 'Hask Biotin Boost Shampoo', 'waitrose_Qty': '355ml', 'waitrose_discounted_price': '£4.66', 'waitrose_offer_desc': 'Save 1/3.', 'waitrose_url': 'https://www.waitrose.com/ecom/shop/browse/groceries/toiletries_health_and_beauty/hair_care/shampoo', 'waitrose_rating': None, 'waitrose_unit_price': '(£1.32/100ml)', 'waitrose_new_flag': None, 'waitrose_prod_name': 'Hask Biotin Boost Shampoo 355ml', 'images': []}
DEBUG: Scraped from <200 https://www.waitrose.com/ecom/shop/browse/groceries/toiletries_health_and_beauty/hair_care/shampoo>
{'client': 'Waitrose', 'time': datetime.datetime(2020, 8, 26, 9, 41, 17, 704853), 'category': 'Shampoo', 'id': 'tPp888765-695909-695910', 'prod_name': 'Umberto Giannini Curl Jelly Wash', 'waitrose_Qty': '250ml', 'waitrose_discounted_price': '£8.00', 'waitrose_offer_desc': 'Mix & Match Add 3 for 2 Cheapest Item Free', 'waitrose_url': 'https://www.waitrose.com/ecom/shop/browse/groceries/toiletries_health_and_beauty/hair_care/shampoo', 'waitrose_rating': '2.5', 'waitrose_unit_price': '(£3.20/100ml)', 'waitrose_new_flag': None, 'waitrose_prod_name': 'Umberto Giannini Curl Jelly Wash 250ml', 'images': []}
DEBUG: Scraped from <200 https://www.waitrose.com/ecom/shop/browse/groceries/toiletries_health_and_beauty/hair_care/shampoo>
{'client': 'Waitrose', 'time': datetime.datetime(2020, 8, 26, 9, 41, 17, 704853), 'category': 'Shampoo', 'id': 'tPp649492-695625-695626', 'prod_name': 'Vosene Kids 2in1 Melon Shampoo', 'waitrose_Qty': '250ml', 'waitrose_discounted_price': '£1.33', 'waitrose_offer_desc': 'Save 1/3.', 'waitrose_url': 'https://www.waitrose.com/ecom/shop/browse/groceries/toiletries_health_and_beauty/hair_care/shampoo', 'waitrose_rating': None, 'waitrose_unit_price': '(53.2p/100ml)', 'waitrose_new_flag': None, 'waitrose_prod_name': 'Vosene Kids 2in1 Melon Shampoo 250ml', 'images': []}
DEBUG: Scraped from <200 https://www.waitrose.com/ecom/shop/browse/groceries/toiletries_health_and_beauty/hair_care/shampoo>
{'client': 'Waitrose', 'time': datetime.datetime(2020, 8, 26, 9, 41, 17, 704853), 'category': 'Shampoo', 'id': 'tPp631829-695597-695598', 'prod_name': 'Noughty Detox Dynamo Shampoo', 'waitrose_Qty': '250ml', 'waitrose_discounted_price': '£4.66', 'waitrose_offer_desc': 'Save 1/3.', 'waitrose_url': 'https://www.waitrose.com/ecom/shop/browse/groceries/toiletries_health_and_beauty/hair_care/shampoo', 'waitrose_rating': None, 'waitrose_unit_price': '(£1.87/100ml)', 'waitrose_new_flag': None, 'waitrose_prod_name': 'Noughty Detox Dynamo Shampoo 250ml', 'images': []}
DEBUG: Scraped from <200 https://www.waitrose.com/ecom/shop/browse/groceries/toiletries_health_and_beauty/hair_care/shampoo>
{'client': 'Waitrose', 'time': datetime.datetime(2020, 8, 26, 9, 41, 17, 704853), 'category': 'Shampoo', 'id': 'tPp603087-695555-695556', 'prod_name': 'Noughty Colour Bomb Shampoo', 'waitrose_Qty': '250ml', 'waitrose_discounted_price': '£4.66', 'waitrose_offer_desc': 'Save 1/3.', 'waitrose_url': 'https://www.waitrose.com/ecom/shop/browse/groceries/toiletries_health_and_beauty/hair_care/shampoo', 'waitrose_rating': '3', 'waitrose_unit_price': '(£1.87/100ml)', 'waitrose_new_flag': None, 'waitrose_prod_name': 'Noughty Colour Bomb Shampoo 250ml', 'images': []}
DEBUG: Scraped from <200 https://www.waitrose.com/ecom/shop/browse/groceries/toiletries_health_and_beauty/hair_care/shampoo>
{'client': 'Waitrose', 'time': datetime.datetime(2020, 8, 26, 9, 41, 17, 704853), 'category': 'Shampoo', 'id': 'tPp755186-495024-495025', 'prod_name': 'DGJ Colour Save Shampoo', 'waitrose_Qty': '250ml', 'waitrose_discounted_price': '£2.50', 'waitrose_offer_desc': 'Half Price.', 'waitrose_url': 'https://www.waitrose.com/ecom/shop/browse/groceries/toiletries_health_and_beauty/hair_care/shampoo', 'waitrose_rating': None, 'waitrose_unit_price': '(£1/100ml)', 'waitrose_new_flag': None, 'waitrose_prod_name': 'DGJ Colour Save Shampoo 250ml', 'images': []}
DEBUG: Scraped from <200 https://www.waitrose.com/ecom/shop/browse/groceries/toiletries_health_and_beauty/hair_care/shampoo>
{'client': 'Waitrose', 'time': datetime.datetime(2020, 8, 26, 9, 41, 17, 704853), 'category': 'Shampoo', 'id': 'tPp807825-473364-473365', 'prod_name': 'SenSpa Deep Cleanse Shampoo', 'waitrose_Qty': '250ml', 'waitrose_discounted_price': '£4.00', 'waitrose_offer_desc': 'Save 1/3.', 'waitrose_url': 'https://www.waitrose.com/ecom/shop/browse/groceries/toiletries_health_and_beauty/hair_care/shampoo', 'waitrose_rating': '3.7', 'waitrose_unit_price': '(£1.60/100ml)', 'waitrose_new_flag': None, 'waitrose_prod_name': 'SenSpa Deep Cleanse Shampoo 250ml', 'images': []}
DEBUG: Scraped from <200 https://www.waitrose.com/ecom/shop/browse/groceries/toiletries_health_and_beauty/hair_care/shampoo>
{'client': 'Waitrose', 'time': datetime.datetime(2020, 8, 26, 9, 41, 17, 704853), 'category': 'Shampoo', 'id': 'tPp407272-440973-440974', 'prod_name': 'Richard Ward Chelsea Cleanse & Condition', 'waitrose_Qty': '250ml', 'waitrose_discounted_price': '£6.00', 'waitrose_offer_desc': None, 'waitrose_url': 'https://www.waitrose.com/ecom/shop/browse/groceries/toiletries_health_and_beauty/hair_care/shampoo', 'waitrose_rating': '3.7', 'waitrose_unit_price': '(£2.40/100ml)', 'waitrose_new_flag': None, 'waitrose_prod_name': 'Richard Ward Chelsea Cleanse & Condition 250ml', 'images': []}
DEBUG: Scraped from <200 https://www.waitrose.com/ecom/shop/browse/groceries/toiletries_health_and_beauty/hair_care/shampoo>
{'client': 'Waitrose', 'time': datetime.datetime(2020, 8, 26, 9, 41, 17, 704853), 'category': 'Shampoo', 'id': 'tPp812614-707138-707139', 'prod_name': 'Beco Spring Meadow Shampoo Bar', 'waitrose_Qty': '90g', 'waitrose_discounted_price': '£4.00', 'waitrose_offer_desc': None, 'waitrose_url': 'https://www.waitrose.com/ecom/shop/browse/groceries/toiletries_health_and_beauty/hair_care/shampoo', 'waitrose_rating': '3.3', 'waitrose_unit_price': '(£4.45/100g)', 'waitrose_new_flag': None, 'waitrose_prod_name': 'Beco Spring Meadow Shampoo Bar 90g', 'images': []}
DEBUG: Scraped from <200 https://www.waitrose.com/ecom/shop/browse/groceries/toiletries_health_and_beauty/hair_care/shampoo>
{'client': 'Waitrose', 'time': datetime.datetime(2020, 8, 26, 9, 41, 17, 704853), 'category': 'Shampoo', 'id': 'tPp863078-695988-695989', 'prod_name': 'Pantene Hair Biology Full & Vibrant', 'waitrose_Qty': '250ml', 'waitrose_discounted_price': '£4.50', 'waitrose_offer_desc': None, 'waitrose_url': 'https://www.waitrose.com/ecom/shop/browse/groceries/toiletries_health_and_beauty/hair_care/shampoo', 'waitrose_rating': None, 'waitrose_unit_price': '(£1.80/100ml)', 'waitrose_new_flag': None, 'waitrose_prod_name': 'Pantene Hair Biology Full & Vibrant 250ml', 'images': []}
DEBUG: Scraped from <200 https://www.waitrose.com/ecom/shop/browse/groceries/toiletries_health_and_beauty/hair_care/shampoo>
{'client': 'Waitrose', 'time': datetime.datetime(2020, 8, 26, 9, 41, 17, 704853), 'category': 'Shampoo', 'id': 'tPp567427-683666-683667', 'prod_name': 'Ogx Charcoal Detox Shampoo', 'waitrose_Qty': '385ml', 'waitrose_discounted_price': '£7.00', 'waitrose_offer_desc': None, 'waitrose_url': 'https://www.waitrose.com/ecom/shop/browse/groceries/toiletries_health_and_beauty/hair_care/shampoo', 'waitrose_rating': None, 'waitrose_unit_price': '(£1.82/100ml)', 'waitrose_new_flag': None, 'waitrose_prod_name': 'Ogx Charcoal Detox Shampoo 385ml', 'images': []}
DEBUG: Scraped from <200 https://www.waitrose.com/ecom/shop/browse/groceries/toiletries_health_and_beauty/hair_care/shampoo>
{'client': 'Waitrose', 'time': datetime.datetime(2020, 8, 26, 9, 41, 17, 704853), 'category': 'Shampoo', 'id': 'tPp686838-346630-346631', 'prod_name': 'Richard Ward argan antiageing shampoo', 'waitrose_Qty': '250ml', 'waitrose_discounted_price': '£6.00', 'waitrose_offer_desc': None, 'waitrose_url': 'https://www.waitrose.com/ecom/shop/browse/groceries/toiletries_health_and_beauty/hair_care/shampoo', 'waitrose_rating': '4.1', 'waitrose_unit_price': '(£2.40/100ml)', 'waitrose_new_flag': None, 'waitrose_prod_name': 'Richard Ward argan antiageing shampoo 250ml', 'images': []}
DEBUG: Scraped from <200 https://www.waitrose.com/ecom/shop/browse/groceries/toiletries_health_and_beauty/hair_care/shampoo>
{'client': 'Waitrose', 'time': datetime.datetime(2020, 8, 26, 9, 41, 17, 704853), 'category': 'Shampoo', 'id': 'tPp889100-330444-330445', 'prod_name': 'AOrganic Rosemary Shampoo', 'waitrose_Qty': '325ml', 'waitrose_discounted_price': '£7.00', 'waitrose_offer_desc': None, 'waitrose_url': 'https://www.waitrose.com/ecom/shop/browse/groceries/toiletries_health_and_beauty/hair_care/shampoo', 'waitrose_rating': '2.5', 'waitrose_unit_price': '(£2.16/100ml)', 'waitrose_new_flag': None, 'waitrose_prod_name': 'AOrganic Rosemary Shampoo 325ml', 'images': []}
DEBUG: Scraped from <200 https://www.waitrose.com/ecom/shop/browse/groceries/toiletries_health_and_beauty/hair_care/shampoo>
{'client': 'Waitrose', 'time': datetime.datetime(2020, 8, 26, 9, 41, 17, 704853), 'category': 'Shampoo', 'id': 'tPp803275-329016-329017', 'prod_name': 'AOrganic Peppermint Shampoo', 'waitrose_Qty': '325ml', 'waitrose_discounted_price': '£7.00', 'waitrose_offer_desc': None, 'waitrose_url': 'https://www.waitrose.com/ecom/shop/browse/groceries/toiletries_health_and_beauty/hair_care/shampoo', 'waitrose_rating': None, 'waitrose_unit_price': '(£2.16/100ml)', 'waitrose_new_flag': None, 'waitrose_prod_name': 'AOrganic Peppermint Shampoo 325ml', 'images': []}
DEBUG: Scraped from <200 https://www.waitrose.com/ecom/shop/browse/groceries/toiletries_health_and_beauty/hair_care/shampoo>
{'client': 'Waitrose', 'time': datetime.datetime(2020, 8, 26, 9, 41, 17, 704853), 'category': 'Shampoo', 'id': 'tPp861587-154949-154950', 'prod_name': 'Batiste dark & deep brown dry shampoo', 'waitrose_Qty': '200ml', 'waitrose_discounted_price': '£4.00', 'waitrose_offer_desc': None, 'waitrose_url': 'https://www.waitrose.com/ecom/shop/browse/groceries/toiletries_health_and_beauty/hair_care/shampoo', 'waitrose_rating': None, 'waitrose_unit_price': '(£2/100ml)', 'waitrose_new_flag': None, 'waitrose_prod_name': 'Batiste dark & deep brown dry shampoo 200ml', 'images': []}
DEBUG: Scraped from <200 https://www.waitrose.com/ecom/shop/browse/groceries/toiletries_health_and_beauty/hair_care/shampoo>
{'client': 'Waitrose', 'time': datetime.datetime(2020, 8, 26, 9, 41, 17, 704853), 'category': 'Shampoo', 'id': 'tPp567481-719558-719559', 'prod_name': 'Fit Kit Gentle Shampoo &Conditioner', 'waitrose_Qty': '200ml', 'waitrose_discounted_price': '£3.99', 'waitrose_offer_desc': None, 'waitrose_url': 'https://www.waitrose.com/ecom/shop/browse/groceries/toiletries_health_and_beauty/hair_care/shampoo', 'waitrose_rating': '5', 'waitrose_unit_price': '(£2/100ml)', 'waitrose_new_flag': None, 'waitrose_prod_name': 'Fit Kit Gentle Shampoo &Conditioner 200ml', 'images': []}
DEBUG: Scraped from <200 https://www.waitrose.com/ecom/shop/browse/groceries/toiletries_health_and_beauty/hair_care/shampoo>
{'client': 'Waitrose', 'time': datetime.datetime(2020, 8, 26, 9, 41, 17, 704853), 'category': 'Shampoo', 'id': 'tPp855732-695986-695987', 'prod_name': 'Hair Biology De-Frizz Shampoo', 'waitrose_Qty': '250ml', 'waitrose_discounted_price': '£4.50', 'waitrose_offer_desc': None, 'waitrose_url': 'https://www.waitrose.com/ecom/shop/browse/groceries/toiletries_health_and_beauty/hair_care/shampoo', 'waitrose_rating': None, 'waitrose_unit_price': '(£1.80/100ml)', 'waitrose_new_flag': None, 'waitrose_prod_name': 'Hair Biology De-Frizz Shampoo 250ml', 'images': []}
DEBUG: Scraped from <200 https://www.waitrose.com/ecom/shop/browse/groceries/toiletries_health_and_beauty/hair_care/shampoo>
{'client': 'Waitrose', 'time': datetime.datetime(2020, 8, 26, 9, 41, 17, 704853), 'category': 'Shampoo', 'id': 'tPp834106-299691-299692', 'prod_name': 'Head & Shoulders 2in1 smooth & silky', 'waitrose_Qty': '450ml', 'waitrose_discounted_price': '£5.00', 'waitrose_offer_desc': None, 'waitrose_url': 'https://www.waitrose.com/ecom/shop/browse/groceries/toiletries_health_and_beauty/hair_care/shampoo', 'waitrose_rating': None, 'waitrose_unit_price': '(£1.12/100ml)', 'waitrose_new_flag': None, 'waitrose_prod_name': 'Head & Shoulders 2in1 smooth & silky 450ml', 'images': []}
DEBUG: Scraped from <200 https://www.waitrose.com/ecom/shop/browse/groceries/toiletries_health_and_beauty/hair_care/shampoo>
{'client': 'Waitrose', 'time': datetime.datetime(2020, 8, 26, 9, 41, 17, 704853), 'category': 'Shampoo', 'id': 'tPp405353-729640-729641', 'prod_name': 'Percy & Reed No-Fuss Dry Shampoo', 'waitrose_Qty': '200ml', 'waitrose_discounted_price': '£15.00', 'waitrose_offer_desc': None, 'waitrose_url': 'https://www.waitrose.com/ecom/shop/browse/groceries/toiletries_health_and_beauty/hair_care/shampoo', 'waitrose_rating': None, 'waitrose_unit_price': '(£7.50/100ml)', 'waitrose_new_flag': 'NEW', 'waitrose_prod_name': 'Percy & Reed No-Fuss Dry Shampoo 200ml', 'images': []}
DEBUG: Scraped from <200 https://www.waitrose.com/ecom/shop/browse/groceries/toiletries_health_and_beauty/hair_care/shampoo>
{'client': 'Waitrose', 'time': datetime.datetime(2020, 8, 26, 9, 41, 17, 704853), 'category': 'Shampoo', 'id': 'tPp484035-715885-715886', 'prod_name': "L'Oreal Elvive Oil Nourishing Shampoo", 'waitrose_Qty': '400ml', 'waitrose_discounted_price': '£3.75', 'waitrose_offer_desc': None, 'waitrose_url': 'https://www.waitrose.com/ecom/shop/browse/groceries/toiletries_health_and_beauty/hair_care/shampoo', 'waitrose_rating': None, 'waitrose_unit_price': '(93.8p/100ml)', 'waitrose_new_flag': None, 'waitrose_prod_name': "L'Oreal Elvive Oil Nourishing Shampoo 400ml", 'images': []}
DEBUG: Scraped from <200 https://www.waitrose.com/ecom/shop/browse/groceries/toiletries_health_and_beauty/hair_care/shampoo>
{'client': 'Waitrose', 'time': datetime.datetime(2020, 8, 26, 9, 41, 17, 704853), 'category': 'Shampoo', 'id': 'tPp581644-729702-729703', 'prod_name': 'Percy & Reed Hydrating Shampoo', 'waitrose_Qty': '250ml', 'waitrose_discounted_price': '£18.00', 'waitrose_offer_desc': None, 'waitrose_url': 'https://www.waitrose.com/ecom/shop/browse/groceries/toiletries_health_and_beauty/hair_care/shampoo', 'waitrose_rating': None, 'waitrose_unit_price': '(£7.20/100ml)', 'waitrose_new_flag': 'NEW', 'waitrose_prod_name': 'Percy & Reed Hydrating Shampoo 250ml', 'images': []}
DEBUG: Scraped from <200 https://www.waitrose.com/ecom/shop/browse/groceries/toiletries_health_and_beauty/hair_care/shampoo>
{'client': 'Waitrose', 'time': datetime.datetime(2020, 8, 26, 9, 41, 17, 704853), 'category': 'Shampoo', 'id': 'tPp567431-729696-729697', 'prod_name': 'Batiste Dry Shampoo for Blondes', 'waitrose_Qty': '200ml', 'waitrose_discounted_price': '£4.00', 'waitrose_offer_desc': None, 'waitrose_url': 'https://www.waitrose.com/ecom/shop/browse/groceries/toiletries_health_and_beauty/hair_care/shampoo', 'waitrose_rating': None, 'waitrose_unit_price': '(£2/100ml)', 'waitrose_new_flag': 'NEW', 'waitrose_prod_name': 'Batiste Dry Shampoo for Blondes 200ml', 'images': []}
DEBUG: Scraped from <200 https://www.waitrose.com/ecom/shop/browse/groceries/toiletries_health_and_beauty/hair_care/shampoo>
{'client': 'Waitrose', 'time': datetime.datetime(2020, 8, 26, 9, 41, 17, 704853), 'category': 'Shampoo', 'id': 'tPp711843-717497-717498', 'prod_name': "L'Oreal Elvive Colour Shampoo", 'waitrose_Qty': '400ml', 'waitrose_discounted_price': '£3.75', 'waitrose_offer_desc': None, 'waitrose_url': 'https://www.waitrose.com/ecom/shop/browse/groceries/toiletries_health_and_beauty/hair_care/shampoo', 'waitrose_rating': None, 'waitrose_unit_price': '(93.8p/100ml)', 'waitrose_new_flag': None, 'waitrose_prod_name': "L'Oreal Elvive Colour Shampoo 400ml", 'images': []}
DEBUG: Scraped from <200 https://www.waitrose.com/ecom/shop/browse/groceries/toiletries_health_and_beauty/hair_care/shampoo>
{'client': 'Waitrose', 'time': datetime.datetime(2020, 8, 26, 9, 41, 17, 704853), 'category': 'Shampoo', 'id': 'tPp734002-695705-695706', 'prod_name': 'Percy & Reed Wonder Wash Shampoo', 'waitrose_Qty': '250ml', 'waitrose_discounted_price': '£18.00', 'waitrose_offer_desc': None, 'waitrose_url': 'https://www.waitrose.com/ecom/shop/browse/groceries/toiletries_health_and_beauty/hair_care/shampoo', 'waitrose_rating': None, 'waitrose_unit_price': '(£7.20/100ml)', 'waitrose_new_flag': None, 'waitrose_prod_name': 'Percy & Reed Wonder Wash Shampoo 250ml', 'images': []}
DEBUG: Scraped from <200 https://www.waitrose.com/ecom/shop/browse/groceries/toiletries_health_and_beauty/hair_care/shampoo>
{'client': 'Waitrose', 'time': datetime.datetime(2020, 8, 26, 9, 41, 17, 704853), 'category': 'Shampoo', 'id': 'tPp591666-681031-681032', 'prod_name': 'Pure Grace Shower Gel', 'waitrose_Qty': '480ml', 'waitrose_discounted_price': '£19.50', 'waitrose_offer_desc': None, 'waitrose_url': 'https://www.waitrose.com/ecom/shop/browse/groceries/toiletries_health_and_beauty/hair_care/shampoo', 'waitrose_rating': None, 'waitrose_unit_price': '(£4.07/100ml)', 'waitrose_new_flag': None, 'waitrose_prod_name': 'Pure Grace Shower Gel 480ml', 'images': []}
DEBUG: Scraped from <200 https://www.waitrose.com/ecom/shop/browse/groceries/toiletries_health_and_beauty/hair_care/shampoo>
{'client': 'Waitrose', 'time': datetime.datetime(2020, 8, 26, 9, 41, 17, 704853), 'category': 'Shampoo', 'id': 'tPp401660-588303-588304', 'prod_name': 'Richard Ward Brunette Shampoo', 'waitrose_Qty': '250ml', 'waitrose_discounted_price': '£6.00', 'waitrose_offer_desc': None, 'waitrose_url': 'https://www.waitrose.com/ecom/shop/browse/groceries/toiletries_health_and_beauty/hair_care/shampoo', 'waitrose_rating': '5', 'waitrose_unit_price': '(£2.40/100ml)', 'waitrose_new_flag': None, 'waitrose_prod_name': 'Richard Ward Brunette Shampoo 250ml', 'images': []}
INFO: Closing spider (finished)
INFO: Stored json feed (140 items) in: waitrose_082620.json
INFO: Dumping Scrapy stats:
{'downloader/request_bytes': 2588,
 'downloader/request_count': 1,
 'downloader/request_method_count/POST': 1,
 'downloader/response_bytes': 1659836,
 'downloader/response_count': 1,
 'downloader/response_status_count/200': 1,
 'finish_reason': 'finished',
 'finish_time': datetime.datetime(2020, 8, 26, 4, 12, 40, 444027),
 'item_scraped_count': 140,
 'log_count/DEBUG': 141,
 'log_count/INFO': 11,
 'log_count/WARNING': 1,
 'response_received_count': 1,
 'scheduler/dequeued': 2,
 'scheduler/dequeued/memory': 2,
 'scheduler/enqueued': 2,
 'scheduler/enqueued/memory': 2,
 'splash/execute/request_count': 1,
 'splash/execute/response_count/200': 1,
 'start_time': datetime.datetime(2020, 8, 26, 4, 11, 18, 72892)}
INFO: Spider closed (finished)
INFO: Scrapy 1.6.0 started (bot: waitrose)
INFO: Versions: lxml 4.5.1.0, libxml2 2.9.10, cssselect 1.1.0, parsel 1.6.0, w3lib 1.22.0, Twisted 20.3.0, Python 3.7.7 (default, May  6 2020, 11:45:54) [MSC v.1916 64 bit (AMD64)], pyOpenSSL 19.1.0 (OpenSSL 1.1.1g  21 Apr 2020), cryptography 2.9.2, Platform Windows-10-10.0.18362-SP0
INFO: Overridden settings: {'BOT_NAME': 'waitrose', 'DOWNLOAD_TIMEOUT': 1200, 'DUPEFILTER_CLASS': 'scrapy_splash.SplashAwareDupeFilter', 'FEED_EXPORT_ENCODING': 'utf-8', 'FEED_FORMAT': 'json', 'FEED_URI': 'waitrose_082720.json', 'NEWSPIDER_MODULE': 'waitrose.spiders', 'SPIDER_MODULES': ['waitrose.spiders']}
INFO: Telnet Password: 318c6c6935535bcc
INFO: Enabled extensions:
['scrapy.extensions.corestats.CoreStats',
 'scrapy.extensions.telnet.TelnetConsole',
 'scrapy.extensions.feedexport.FeedExporter',
 'scrapy.extensions.logstats.LogStats']
INFO: Enabled downloader middlewares:
['scrapy.downloadermiddlewares.httpauth.HttpAuthMiddleware',
 'scrapy.downloadermiddlewares.downloadtimeout.DownloadTimeoutMiddleware',
 'scrapy.downloadermiddlewares.defaultheaders.DefaultHeadersMiddleware',
 'scrapy.downloadermiddlewares.useragent.UserAgentMiddleware',
 'scrapy.downloadermiddlewares.retry.RetryMiddleware',
 'scrapy.downloadermiddlewares.redirect.MetaRefreshMiddleware',
 'scrapy.downloadermiddlewares.redirect.RedirectMiddleware',
 'scrapy.downloadermiddlewares.cookies.CookiesMiddleware',
 'scrapy_splash.SplashCookiesMiddleware',
 'scrapy_splash.SplashMiddleware',
 'scrapy.downloadermiddlewares.httpproxy.HttpProxyMiddleware',
 'scrapy.downloadermiddlewares.httpcompression.HttpCompressionMiddleware',
 'scrapy.downloadermiddlewares.stats.DownloaderStats']
INFO: Enabled spider middlewares:
['scrapy.spidermiddlewares.httperror.HttpErrorMiddleware',
 'scrapy_splash.SplashDeduplicateArgsMiddleware',
 'scrapy.spidermiddlewares.offsite.OffsiteMiddleware',
 'scrapy.spidermiddlewares.referer.RefererMiddleware',
 'scrapy.spidermiddlewares.urllength.UrlLengthMiddleware',
 'scrapy.spidermiddlewares.depth.DepthMiddleware']
INFO: Enabled item pipelines:
['waitrose.pipelines.ImageDownloaderPipeline',
 'waitrose.pipelines.SQLlitePipeline']
INFO: Spider opened
INFO: Crawled 0 pages (at 0 pages/min), scraped 0 items (at 0 items/min)
WARNING: C:\Users\sujithk\AppData\Local\Continuum\anaconda3\envs\Virtual_Env\lib\site-packages\scrapy\spidermiddlewares\offsite.py:61: URLWarning: allowed_domains accepts only domains, not URLs. Ignoring URL entry https://www.waitrose.com/ in allowed_domains.
  warnings.warn(message, URLWarning)

INFO: Telnet console listening on 127.0.0.1:6023
DEBUG: Retrying <GET https://www.waitrose.com/ecom/shop/browse/groceries/toiletries_health_and_beauty/hair_care/shampoo via http://192.168.1.9:8050/execute> (failed 1 times): Connection was refused by other side: 10061: No connection could be made because the target machine actively refused it..
DEBUG: Retrying <GET https://www.waitrose.com/ecom/shop/browse/groceries/toiletries_health_and_beauty/hair_care/shampoo via http://192.168.1.9:8050/execute> (failed 2 times): Connection was refused by other side: 10061: No connection could be made because the target machine actively refused it..
DEBUG: Gave up retrying <GET https://www.waitrose.com/ecom/shop/browse/groceries/toiletries_health_and_beauty/hair_care/shampoo via http://192.168.1.9:8050/execute> (failed 3 times): Connection was refused by other side: 10061: No connection could be made because the target machine actively refused it..
ERROR: Error downloading <GET https://www.waitrose.com/ecom/shop/browse/groceries/toiletries_health_and_beauty/hair_care/shampoo via http://192.168.1.9:8050/execute>
Traceback (most recent call last):
  File "C:\Users\sujithk\AppData\Local\Continuum\anaconda3\envs\Virtual_Env\lib\site-packages\scrapy\core\downloader\middleware.py", line 43, in process_request
    defer.returnValue((yield download_func(request=request,spider=spider)))
twisted.internet.error.ConnectionRefusedError: Connection was refused by other side: 10061: No connection could be made because the target machine actively refused it..
INFO: Closing spider (finished)
INFO: Dumping Scrapy stats:
{'downloader/exception_count': 3,
 'downloader/exception_type_count/twisted.internet.error.ConnectionRefusedError': 3,
 'downloader/request_bytes': 7764,
 'downloader/request_count': 3,
 'downloader/request_method_count/POST': 3,
 'finish_reason': 'finished',
 'finish_time': datetime.datetime(2020, 8, 27, 18, 0, 21, 404616),
 'log_count/DEBUG': 3,
 'log_count/ERROR': 1,
 'log_count/INFO': 9,
 'log_count/WARNING': 1,
 'retry/count': 2,
 'retry/max_reached': 1,
 'retry/reason_count/twisted.internet.error.ConnectionRefusedError': 2,
 'scheduler/dequeued': 4,
 'scheduler/dequeued/memory': 4,
 'scheduler/enqueued': 4,
 'scheduler/enqueued/memory': 4,
 'splash/execute/request_count': 1,
 'start_time': datetime.datetime(2020, 8, 27, 18, 0, 14, 693485)}
INFO: Spider closed (finished)
INFO: Scrapy 1.6.0 started (bot: waitrose)
INFO: Versions: lxml 4.5.1.0, libxml2 2.9.10, cssselect 1.1.0, parsel 1.6.0, w3lib 1.22.0, Twisted 20.3.0, Python 3.7.7 (default, May  6 2020, 11:45:54) [MSC v.1916 64 bit (AMD64)], pyOpenSSL 19.1.0 (OpenSSL 1.1.1g  21 Apr 2020), cryptography 2.9.2, Platform Windows-10-10.0.18362-SP0
INFO: Overridden settings: {'BOT_NAME': 'waitrose', 'DOWNLOAD_TIMEOUT': 1200, 'DUPEFILTER_CLASS': 'scrapy_splash.SplashAwareDupeFilter', 'FEED_EXPORT_ENCODING': 'utf-8', 'FEED_FORMAT': 'json', 'FEED_URI': 'waitrose_082720.json', 'NEWSPIDER_MODULE': 'waitrose.spiders', 'SPIDER_MODULES': ['waitrose.spiders']}
INFO: Telnet Password: 8d0937afa311df04
INFO: Enabled extensions:
['scrapy.extensions.corestats.CoreStats',
 'scrapy.extensions.telnet.TelnetConsole',
 'scrapy.extensions.feedexport.FeedExporter',
 'scrapy.extensions.logstats.LogStats']
INFO: Enabled downloader middlewares:
['scrapy.downloadermiddlewares.httpauth.HttpAuthMiddleware',
 'scrapy.downloadermiddlewares.downloadtimeout.DownloadTimeoutMiddleware',
 'scrapy.downloadermiddlewares.defaultheaders.DefaultHeadersMiddleware',
 'scrapy.downloadermiddlewares.useragent.UserAgentMiddleware',
 'scrapy.downloadermiddlewares.retry.RetryMiddleware',
 'scrapy.downloadermiddlewares.redirect.MetaRefreshMiddleware',
 'scrapy.downloadermiddlewares.redirect.RedirectMiddleware',
 'scrapy.downloadermiddlewares.cookies.CookiesMiddleware',
 'scrapy_splash.SplashCookiesMiddleware',
 'scrapy_splash.SplashMiddleware',
 'scrapy.downloadermiddlewares.httpproxy.HttpProxyMiddleware',
 'scrapy.downloadermiddlewares.httpcompression.HttpCompressionMiddleware',
 'scrapy.downloadermiddlewares.stats.DownloaderStats']
INFO: Enabled spider middlewares:
['scrapy.spidermiddlewares.httperror.HttpErrorMiddleware',
 'scrapy_splash.SplashDeduplicateArgsMiddleware',
 'scrapy.spidermiddlewares.offsite.OffsiteMiddleware',
 'scrapy.spidermiddlewares.referer.RefererMiddleware',
 'scrapy.spidermiddlewares.urllength.UrlLengthMiddleware',
 'scrapy.spidermiddlewares.depth.DepthMiddleware']
INFO: Enabled item pipelines:
['waitrose.pipelines.ImageDownloaderPipeline',
 'waitrose.pipelines.SQLlitePipeline']
INFO: Spider opened
INFO: Crawled 0 pages (at 0 pages/min), scraped 0 items (at 0 items/min)
WARNING: C:\Users\sujithk\AppData\Local\Continuum\anaconda3\envs\Virtual_Env\lib\site-packages\scrapy\spidermiddlewares\offsite.py:61: URLWarning: allowed_domains accepts only domains, not URLs. Ignoring URL entry https://www.waitrose.com/ in allowed_domains.
  warnings.warn(message, URLWarning)

INFO: Telnet console listening on 127.0.0.1:6023
INFO: Crawled 0 pages (at 0 pages/min), scraped 0 items (at 0 items/min)
DEBUG: Crawled (200) <GET https://www.waitrose.com/ecom/shop/browse/groceries/toiletries_health_and_beauty/hair_care/shampoo via http://192.168.1.9:8050/execute> (referer: None)
DEBUG: Scraped from <200 https://www.waitrose.com/ecom/shop/browse/groceries/toiletries_health_and_beauty/hair_care/shampoo>
{'client': 'Waitrose', 'time': datetime.datetime(2020, 8, 27, 23, 31, 41, 437973), 'category': 'Shampoo', 'id': 'tPp092708-47659-47660', 'prod_name': 'Vosene Original Shampoo', 'waitrose_Qty': '250ml', 'waitrose_discounted_price': '£1.36', 'waitrose_offer_desc': 'Save 1/3.', 'waitrose_url': 'https://www.waitrose.com/ecom/shop/browse/groceries/toiletries_health_and_beauty/hair_care/shampoo', 'waitrose_rating': '5', 'waitrose_unit_price': '(54.4p/100ml)', 'waitrose_new_flag': None, 'waitrose_prod_name': 'Vosene Original Shampoo 250ml', 'images': []}
DEBUG: Scraped from <200 https://www.waitrose.com/ecom/shop/browse/groceries/toiletries_health_and_beauty/hair_care/shampoo>
{'client': 'Waitrose', 'time': datetime.datetime(2020, 8, 27, 23, 31, 41, 437973), 'category': 'Shampoo', 'id': 'tPp639366-90822-90823', 'prod_name': 'Head & Shoulders Shampoo Classic', 'waitrose_Qty': '500ml', 'waitrose_discounted_price': '£5.15', 'waitrose_offer_desc': None, 'waitrose_url': 'https://www.waitrose.com/ecom/shop/browse/groceries/toiletries_health_and_beauty/hair_care/shampoo', 'waitrose_rating': '3.5', 'waitrose_unit_price': '(£1.03/100ml)', 'waitrose_new_flag': None, 'waitrose_prod_name': 'Head & Shoulders Shampoo Classic 500ml', 'images': []}
DEBUG: Scraped from <200 https://www.waitrose.com/ecom/shop/browse/groceries/toiletries_health_and_beauty/hair_care/shampoo>
{'client': 'Waitrose', 'time': datetime.datetime(2020, 8, 27, 23, 31, 41, 437973), 'category': 'Shampoo', 'id': 'tPp701301-99532-99533', 'prod_name': 'Essential Daily Care Shampoo', 'waitrose_Qty': '300ml', 'waitrose_discounted_price': '80p', 'waitrose_offer_desc': None, 'waitrose_url': 'https://www.waitrose.com/ecom/shop/browse/groceries/toiletries_health_and_beauty/hair_care/shampoo', 'waitrose_rating': '4.1', 'waitrose_unit_price': '(26.7p/100ml)', 'waitrose_new_flag': None, 'waitrose_prod_name': 'Essential Daily Care Shampoo 300ml', 'images': []}
DEBUG: Scraped from <200 https://www.waitrose.com/ecom/shop/browse/groceries/toiletries_health_and_beauty/hair_care/shampoo>
{'client': 'Waitrose', 'time': datetime.datetime(2020, 8, 27, 23, 31, 41, 437973), 'category': 'Shampoo', 'id': 'tPp799806-683814-683815', 'prod_name': 'Tresemmé Shampoo Moisture Rich', 'waitrose_Qty': '800ml', 'waitrose_discounted_price': '£2.75', 'waitrose_offer_desc': 'Half Price.', 'waitrose_url': 'https://www.waitrose.com/ecom/shop/browse/groceries/toiletries_health_and_beauty/hair_care/shampoo', 'waitrose_rating': None, 'waitrose_unit_price': '(34.4p/100ml)', 'waitrose_new_flag': None, 'waitrose_prod_name': 'Tresemmé Shampoo Moisture Rich 800ml', 'images': []}
DEBUG: Scraped from <200 https://www.waitrose.com/ecom/shop/browse/groceries/toiletries_health_and_beauty/hair_care/shampoo>
{'client': 'Waitrose', 'time': datetime.datetime(2020, 8, 27, 23, 31, 41, 437973), 'category': 'Shampoo', 'id': 'tPp799806-683814-683815', 'prod_name': 'Tresemmé Shampoo Moisture Rich', 'waitrose_Qty': '800ml', 'waitrose_discounted_price': '£2.75', 'waitrose_offer_desc': 'Half Price.', 'waitrose_url': 'https://www.waitrose.com/ecom/shop/browse/groceries/toiletries_health_and_beauty/hair_care/shampoo', 'waitrose_rating': None, 'waitrose_unit_price': '(34.4p/100ml)', 'waitrose_new_flag': None, 'waitrose_prod_name': 'Tresemmé Shampoo Moisture Rich 800ml', 'images': []}
DEBUG: Scraped from <200 https://www.waitrose.com/ecom/shop/browse/groceries/toiletries_health_and_beauty/hair_care/shampoo>
{'client': 'Waitrose', 'time': datetime.datetime(2020, 8, 27, 23, 31, 41, 437973), 'category': 'Shampoo', 'id': 'tPp059421-29947-29948', 'prod_name': 'Aussie Aussome Volume Shampoo', 'waitrose_Qty': '300ml', 'waitrose_discounted_price': '£2.00', 'waitrose_offer_desc': 'Half Price.', 'waitrose_url': 'https://www.waitrose.com/ecom/shop/browse/groceries/toiletries_health_and_beauty/hair_care/shampoo', 'waitrose_rating': '5', 'waitrose_unit_price': '(66.7p/100ml)', 'waitrose_new_flag': None, 'waitrose_prod_name': 'Aussie Aussome Volume Shampoo 300ml', 'images': []}
DEBUG: Scraped from <200 https://www.waitrose.com/ecom/shop/browse/groceries/toiletries_health_and_beauty/hair_care/shampoo>
{'client': 'Waitrose', 'time': datetime.datetime(2020, 8, 27, 23, 31, 41, 437973), 'category': 'Shampoo', 'id': 'tPp535961-75786-75787', 'prod_name': 'essential Waitrose Nourishing Shampoo', 'waitrose_Qty': '300ml', 'waitrose_discounted_price': '80p', 'waitrose_offer_desc': None, 'waitrose_url': 'https://www.waitrose.com/ecom/shop/browse/groceries/toiletries_health_and_beauty/hair_care/shampoo', 'waitrose_rating': '4.3', 'waitrose_unit_price': '(26.7p/100ml)', 'waitrose_new_flag': None, 'waitrose_prod_name': 'essential Waitrose Nourishing Shampoo 300ml', 'images': []}
DEBUG: Scraped from <200 https://www.waitrose.com/ecom/shop/browse/groceries/toiletries_health_and_beauty/hair_care/shampoo>
{'client': 'Waitrose', 'time': datetime.datetime(2020, 8, 27, 23, 31, 41, 437973), 'category': 'Shampoo', 'id': 'tPp011495-5706-5707', 'prod_name': 'John Frieda Shampoo Touchably Full', 'waitrose_Qty': '250ml', 'waitrose_discounted_price': '£3.99', 'waitrose_offer_desc': 'Save 1/3.', 'waitrose_url': 'https://www.waitrose.com/ecom/shop/browse/groceries/toiletries_health_and_beauty/hair_care/shampoo', 'waitrose_rating': '4', 'waitrose_unit_price': '(£1.60/100ml)', 'waitrose_new_flag': None, 'waitrose_prod_name': 'John Frieda Shampoo Touchably Full 250ml', 'images': []}
DEBUG: Scraped from <200 https://www.waitrose.com/ecom/shop/browse/groceries/toiletries_health_and_beauty/hair_care/shampoo>
{'client': 'Waitrose', 'time': datetime.datetime(2020, 8, 27, 23, 31, 41, 437973), 'category': 'Shampoo', 'id': 'tPp775870-724036-724037', 'prod_name': 'Faith in Nature Wild Rose Shampoo', 'waitrose_Qty': '400ml', 'waitrose_discounted_price': '£3.86', 'waitrose_offer_desc': 'Save 1/3.', 'waitrose_url': 'https://www.waitrose.com/ecom/shop/browse/groceries/toiletries_health_and_beauty/hair_care/shampoo', 'waitrose_rating': '5', 'waitrose_unit_price': '(96.5p/100ml)', 'waitrose_new_flag': None, 'waitrose_prod_name': 'Faith in Nature Wild Rose Shampoo 400ml', 'images': []}
DEBUG: Scraped from <200 https://www.waitrose.com/ecom/shop/browse/groceries/toiletries_health_and_beauty/hair_care/shampoo>
{'client': 'Waitrose', 'time': datetime.datetime(2020, 8, 27, 23, 31, 41, 437973), 'category': 'Shampoo', 'id': 'tPp639145-337007-337008', 'prod_name': 'Tresemmé Shampoo Deep Cleansing', 'waitrose_Qty': '800ml', 'waitrose_discounted_price': '£2.75', 'waitrose_offer_desc': 'Half Price.', 'waitrose_url': 'https://www.waitrose.com/ecom/shop/browse/groceries/toiletries_health_and_beauty/hair_care/shampoo', 'waitrose_rating': '5', 'waitrose_unit_price': '(34.4p/100ml)', 'waitrose_new_flag': None, 'waitrose_prod_name': 'Tresemmé Shampoo Deep Cleansing 800ml', 'images': []}
DEBUG: Scraped from <200 https://www.waitrose.com/ecom/shop/browse/groceries/toiletries_health_and_beauty/hair_care/shampoo>
{'client': 'Waitrose', 'time': datetime.datetime(2020, 8, 27, 23, 31, 41, 437973), 'category': 'Shampoo', 'id': 'tPp595050-720203-720204', 'prod_name': 'Herbal Essences Coconut Shampoo', 'waitrose_Qty': '250ml', 'waitrose_discounted_price': '£2.00', 'waitrose_offer_desc': 'Save 1/3.', 'waitrose_url': 'https://www.waitrose.com/ecom/shop/browse/groceries/toiletries_health_and_beauty/hair_care/shampoo', 'waitrose_rating': None, 'waitrose_unit_price': '(80p/100ml)', 'waitrose_new_flag': None, 'waitrose_prod_name': 'Herbal Essences Coconut Shampoo 250ml', 'images': []}
DEBUG: Scraped from <200 https://www.waitrose.com/ecom/shop/browse/groceries/toiletries_health_and_beauty/hair_care/shampoo>
{'client': 'Waitrose', 'time': datetime.datetime(2020, 8, 27, 23, 31, 41, 437973), 'category': 'Shampoo', 'id': 'tPp435635-694165-694166', 'prod_name': 'Pantene Classic Clean Shampoo', 'waitrose_Qty': '500ml', 'waitrose_discounted_price': '£5.15', 'waitrose_offer_desc': None, 'waitrose_url': 'https://www.waitrose.com/ecom/shop/browse/groceries/toiletries_health_and_beauty/hair_care/shampoo', 'waitrose_rating': None, 'waitrose_unit_price': '(£1.03/100ml)', 'waitrose_new_flag': None, 'waitrose_prod_name': 'Pantene Classic Clean Shampoo 500ml', 'images': []}
DEBUG: Scraped from <200 https://www.waitrose.com/ecom/shop/browse/groceries/toiletries_health_and_beauty/hair_care/shampoo>
{'client': 'Waitrose', 'time': datetime.datetime(2020, 8, 27, 23, 31, 41, 437973), 'category': 'Shampoo', 'id': 'tPp096508-49364-49365', 'prod_name': 'Aussie Miracle Moist Shampoo', 'waitrose_Qty': '300ml', 'waitrose_discounted_price': '£2.05', 'waitrose_offer_desc': 'Half Price.', 'waitrose_url': 'https://www.waitrose.com/ecom/shop/browse/groceries/toiletries_health_and_beauty/hair_care/shampoo', 'waitrose_rating': '3.7', 'waitrose_unit_price': '(68.3p/100ml)', 'waitrose_new_flag': None, 'waitrose_prod_name': 'Aussie Miracle Moist Shampoo 300ml', 'images': []}
DEBUG: Scraped from <200 https://www.waitrose.com/ecom/shop/browse/groceries/toiletries_health_and_beauty/hair_care/shampoo>
{'client': 'Waitrose', 'time': datetime.datetime(2020, 8, 27, 23, 31, 41, 437973), 'category': 'Shampoo', 'id': 'tPp810201-352482-352483', 'prod_name': 'Essential Daily Care 2 in 1', 'waitrose_Qty': '300ml', 'waitrose_discounted_price': '80p', 'waitrose_offer_desc': None, 'waitrose_url': 'https://www.waitrose.com/ecom/shop/browse/groceries/toiletries_health_and_beauty/hair_care/shampoo', 'waitrose_rating': '4.3', 'waitrose_unit_price': '(26.7p/100ml)', 'waitrose_new_flag': None, 'waitrose_prod_name': 'Essential Daily Care 2 in 1 300ml', 'images': []}
DEBUG: Scraped from <200 https://www.waitrose.com/ecom/shop/browse/groceries/toiletries_health_and_beauty/hair_care/shampoo>
{'client': 'Waitrose', 'time': datetime.datetime(2020, 8, 27, 23, 31, 41, 437973), 'category': 'Shampoo', 'id': 'tPp610920-86669-86670', 'prod_name': 'Sheer Blonde Go Blonder Shampoo', 'waitrose_Qty': '250ml', 'waitrose_discounted_price': '£3.99', 'waitrose_offer_desc': 'Save 1/3.', 'waitrose_url': 'https://www.waitrose.com/ecom/shop/browse/groceries/toiletries_health_and_beauty/hair_care/shampoo', 'waitrose_rating': '3.5', 'waitrose_unit_price': '(£1.60/100ml)', 'waitrose_new_flag': None, 'waitrose_prod_name': 'Sheer Blonde Go Blonder Shampoo 250ml', 'images': []}
DEBUG: Scraped from <200 https://www.waitrose.com/ecom/shop/browse/groceries/toiletries_health_and_beauty/hair_care/shampoo>
{'client': 'Waitrose', 'time': datetime.datetime(2020, 8, 27, 23, 31, 41, 437973), 'category': 'Shampoo', 'id': 'tPp757780-107799-107800', 'prod_name': 'Head & Shoulders 2in1 Classic Clean', 'waitrose_Qty': '450ml', 'waitrose_discounted_price': '£5.15', 'waitrose_offer_desc': None, 'waitrose_url': 'https://www.waitrose.com/ecom/shop/browse/groceries/toiletries_health_and_beauty/hair_care/shampoo', 'waitrose_rating': '4', 'waitrose_unit_price': '(£1.15/100ml)', 'waitrose_new_flag': None, 'waitrose_prod_name': 'Head & Shoulders 2in1 Classic Clean 450ml', 'images': []}
DEBUG: Scraped from <200 https://www.waitrose.com/ecom/shop/browse/groceries/toiletries_health_and_beauty/hair_care/shampoo>
{'client': 'Waitrose', 'time': datetime.datetime(2020, 8, 27, 23, 31, 41, 437973), 'category': 'Shampoo', 'id': 'tPp824583-694195-694196', 'prod_name': 'Pantene Repair & Protect Shampoo', 'waitrose_Qty': '500ml', 'waitrose_discounted_price': '£3.75', 'waitrose_offer_desc': None, 'waitrose_url': 'https://www.waitrose.com/ecom/shop/browse/groceries/toiletries_health_and_beauty/hair_care/shampoo', 'waitrose_rating': None, 'waitrose_unit_price': '(75p/100ml)', 'waitrose_new_flag': None, 'waitrose_prod_name': 'Pantene Repair & Protect Shampoo 500ml', 'images': []}
DEBUG: Scraped from <200 https://www.waitrose.com/ecom/shop/browse/groceries/toiletries_health_and_beauty/hair_care/shampoo>
{'client': 'Waitrose', 'time': datetime.datetime(2020, 8, 27, 23, 31, 41, 437973), 'category': 'Shampoo', 'id': 'tPp455905-591789-591790', 'prod_name': 'Herbal Essences clean Shampoo', 'waitrose_Qty': '400ml', 'waitrose_discounted_price': '£4.50', 'waitrose_offer_desc': None, 'waitrose_url': 'https://www.waitrose.com/ecom/shop/browse/groceries/toiletries_health_and_beauty/hair_care/shampoo', 'waitrose_rating': None, 'waitrose_unit_price': '(£1.13/100ml)', 'waitrose_new_flag': None, 'waitrose_prod_name': 'Herbal Essences clean Shampoo 400ml', 'images': []}
DEBUG: Scraped from <200 https://www.waitrose.com/ecom/shop/browse/groceries/toiletries_health_and_beauty/hair_care/shampoo>
{'client': 'Waitrose', 'time': datetime.datetime(2020, 8, 27, 23, 31, 41, 437973), 'category': 'Shampoo', 'id': 'tPp433216-720111-720112', 'prod_name': 'John Frieda Hydrate & Recharge Shampoo', 'waitrose_Qty': '250ml', 'waitrose_discounted_price': '£3.99', 'waitrose_offer_desc': 'Save 1/3.', 'waitrose_url': 'https://www.waitrose.com/ecom/shop/browse/groceries/toiletries_health_and_beauty/hair_care/shampoo', 'waitrose_rating': None, 'waitrose_unit_price': '(£1.60/100ml)', 'waitrose_new_flag': None, 'waitrose_prod_name': 'John Frieda Hydrate & Recharge Shampoo 250ml', 'images': []}
DEBUG: Scraped from <200 https://www.waitrose.com/ecom/shop/browse/groceries/toiletries_health_and_beauty/hair_care/shampoo>
{'client': 'Waitrose', 'time': datetime.datetime(2020, 8, 27, 23, 31, 41, 437973), 'category': 'Shampoo', 'id': 'tPp575547-494836-494837', 'prod_name': 'DGJ Thickening Shampoo', 'waitrose_Qty': '250ml', 'waitrose_discounted_price': '£2.50', 'waitrose_offer_desc': 'Half Price.', 'waitrose_url': 'https://www.waitrose.com/ecom/shop/browse/groceries/toiletries_health_and_beauty/hair_care/shampoo', 'waitrose_rating': '5', 'waitrose_unit_price': '(£1/100ml)', 'waitrose_new_flag': None, 'waitrose_prod_name': 'DGJ Thickening Shampoo 250ml', 'images': []}
DEBUG: Scraped from <200 https://www.waitrose.com/ecom/shop/browse/groceries/toiletries_health_and_beauty/hair_care/shampoo>
{'client': 'Waitrose', 'time': datetime.datetime(2020, 8, 27, 23, 31, 41, 437973), 'category': 'Shampoo', 'id': 'tPp083596-42439-42440', 'prod_name': 'Aussie Colour Mate Shampoo', 'waitrose_Qty': '300ml', 'waitrose_discounted_price': '£2.05', 'waitrose_offer_desc': 'Half Price.', 'waitrose_url': 'https://www.waitrose.com/ecom/shop/browse/groceries/toiletries_health_and_beauty/hair_care/shampoo', 'waitrose_rating': '5', 'waitrose_unit_price': '(68.3p/100ml)', 'waitrose_new_flag': None, 'waitrose_prod_name': 'Aussie Colour Mate Shampoo 300ml', 'images': []}
DEBUG: Scraped from <200 https://www.waitrose.com/ecom/shop/browse/groceries/toiletries_health_and_beauty/hair_care/shampoo>
{'client': 'Waitrose', 'time': datetime.datetime(2020, 8, 27, 23, 31, 41, 437973), 'category': 'Shampoo', 'id': 'tPp836753-694201-694202', 'prod_name': 'Pantene Volume & Body Shampoo', 'waitrose_Qty': '500ml', 'waitrose_discounted_price': '£5.15', 'waitrose_offer_desc': None, 'waitrose_url': 'https://www.waitrose.com/ecom/shop/browse/groceries/toiletries_health_and_beauty/hair_care/shampoo', 'waitrose_rating': None, 'waitrose_unit_price': '(£1.03/100ml)', 'waitrose_new_flag': None, 'waitrose_prod_name': 'Pantene Volume & Body Shampoo 500ml', 'images': []}
DEBUG: Scraped from <200 https://www.waitrose.com/ecom/shop/browse/groceries/toiletries_health_and_beauty/hair_care/shampoo>
{'client': 'Waitrose', 'time': datetime.datetime(2020, 8, 27, 23, 31, 41, 437973), 'category': 'Shampoo', 'id': 'tPp425124-59787-59788', 'prod_name': 'Brilliant Brunette Protecting Shampoo', 'waitrose_Qty': '250ml', 'waitrose_discounted_price': '£3.99', 'waitrose_offer_desc': 'Save 1/3.', 'waitrose_url': 'https://www.waitrose.com/ecom/shop/browse/groceries/toiletries_health_and_beauty/hair_care/shampoo', 'waitrose_rating': None, 'waitrose_unit_price': '(£1.60/100ml)', 'waitrose_new_flag': None, 'waitrose_prod_name': 'Brilliant Brunette Protecting Shampoo 250ml', 'images': []}
DEBUG: Scraped from <200 https://www.waitrose.com/ecom/shop/browse/groceries/toiletries_health_and_beauty/hair_care/shampoo>
{'client': 'Waitrose', 'time': datetime.datetime(2020, 8, 27, 23, 31, 41, 437973), 'category': 'Shampoo', 'id': 'tPp839781-154875-154876', 'prod_name': 'Aussie miracle moist shampoo', 'waitrose_Qty': '500ml', 'waitrose_discounted_price': '£6.15', 'waitrose_offer_desc': None, 'waitrose_url': 'https://www.waitrose.com/ecom/shop/browse/groceries/toiletries_health_and_beauty/hair_care/shampoo', 'waitrose_rating': None, 'waitrose_unit_price': '(£1.23/100ml)', 'waitrose_new_flag': None, 'waitrose_prod_name': 'Aussie miracle moist shampoo 500ml', 'images': []}
DEBUG: Scraped from <200 https://www.waitrose.com/ecom/shop/browse/groceries/toiletries_health_and_beauty/hair_care/shampoo>
{'client': 'Waitrose', 'time': datetime.datetime(2020, 8, 27, 23, 31, 41, 437973), 'category': 'Shampoo', 'id': 'tPp657721-694179-694180', 'prod_name': 'Pantene 3 in 1 Classic Clean', 'waitrose_Qty': '450ml', 'waitrose_discounted_price': '£3.75', 'waitrose_offer_desc': None, 'waitrose_url': 'https://www.waitrose.com/ecom/shop/browse/groceries/toiletries_health_and_beauty/hair_care/shampoo', 'waitrose_rating': None, 'waitrose_unit_price': '(83.3p/100ml)', 'waitrose_new_flag': None, 'waitrose_prod_name': 'Pantene 3 in 1 Classic Clean 450ml', 'images': []}
DEBUG: Scraped from <200 https://www.waitrose.com/ecom/shop/browse/groceries/toiletries_health_and_beauty/hair_care/shampoo>
{'client': 'Waitrose', 'time': datetime.datetime(2020, 8, 27, 23, 31, 41, 437973), 'category': 'Shampoo', 'id': 'tPp096232-49248-49249', 'prod_name': 'Aussie Mega Shampoo', 'waitrose_Qty': '300ml', 'waitrose_discounted_price': '£2.05', 'waitrose_offer_desc': 'Half Price.', 'waitrose_url': 'https://www.waitrose.com/ecom/shop/browse/groceries/toiletries_health_and_beauty/hair_care/shampoo', 'waitrose_rating': '2.5', 'waitrose_unit_price': '(68.3p/100ml)', 'waitrose_new_flag': None, 'waitrose_prod_name': 'Aussie Mega Shampoo 300ml', 'images': []}
DEBUG: Scraped from <200 https://www.waitrose.com/ecom/shop/browse/groceries/toiletries_health_and_beauty/hair_care/shampoo>
{'client': 'Waitrose', 'time': datetime.datetime(2020, 8, 27, 23, 31, 41, 437973), 'category': 'Shampoo', 'id': 'tPp582132-472091-472092', 'prod_name': 'Ogx Argan Oil Morocco Shampoo', 'waitrose_Qty': '385ml', 'waitrose_discounted_price': '£7.00', 'waitrose_offer_desc': None, 'waitrose_url': 'https://www.waitrose.com/ecom/shop/browse/groceries/toiletries_health_and_beauty/hair_care/shampoo', 'waitrose_rating': '4', 'waitrose_unit_price': '(£1.82/100ml)', 'waitrose_new_flag': None, 'waitrose_prod_name': 'Ogx Argan Oil Morocco Shampoo 385ml', 'images': []}
DEBUG: Scraped from <200 https://www.waitrose.com/ecom/shop/browse/groceries/toiletries_health_and_beauty/hair_care/shampoo>
{'client': 'Waitrose', 'time': datetime.datetime(2020, 8, 27, 23, 31, 41, 437973), 'category': 'Shampoo', 'id': 'tPp364793-255761-255762', 'prod_name': 'Aussie Miracle Shine Shampoo', 'waitrose_Qty': '300ml', 'waitrose_discounted_price': '£2.00', 'waitrose_offer_desc': 'Half Price.', 'waitrose_url': 'https://www.waitrose.com/ecom/shop/browse/groceries/toiletries_health_and_beauty/hair_care/shampoo', 'waitrose_rating': None, 'waitrose_unit_price': '(66.7p/100ml)', 'waitrose_new_flag': None, 'waitrose_prod_name': 'Aussie Miracle Shine Shampoo 300ml', 'images': []}
DEBUG: Scraped from <200 https://www.waitrose.com/ecom/shop/browse/groceries/toiletries_health_and_beauty/hair_care/shampoo>
{'client': 'Waitrose', 'time': datetime.datetime(2020, 8, 27, 23, 31, 41, 437973), 'category': 'Shampoo', 'id': 'tPp472240-591833-591834', 'prod_name': 'Herbal Essences Repair Shampoo', 'waitrose_Qty': '400ml', 'waitrose_discounted_price': '£4.50', 'waitrose_offer_desc': None, 'waitrose_url': 'https://www.waitrose.com/ecom/shop/browse/groceries/toiletries_health_and_beauty/hair_care/shampoo', 'waitrose_rating': '5', 'waitrose_unit_price': '(£1.13/100ml)', 'waitrose_new_flag': None, 'waitrose_prod_name': 'Herbal Essences Repair Shampoo 400ml', 'images': []}
DEBUG: Scraped from <200 https://www.waitrose.com/ecom/shop/browse/groceries/toiletries_health_and_beauty/hair_care/shampoo>
{'client': 'Waitrose', 'time': datetime.datetime(2020, 8, 27, 23, 31, 41, 437973), 'category': 'Shampoo', 'id': 'tPp740653-352034-352035', 'prod_name': 'essential Waitrose Anti-Dandruff 2 in 1', 'waitrose_Qty': '300ml', 'waitrose_discounted_price': '£1.00', 'waitrose_offer_desc': None, 'waitrose_url': 'https://www.waitrose.com/ecom/shop/browse/groceries/toiletries_health_and_beauty/hair_care/shampoo', 'waitrose_rating': '4', 'waitrose_unit_price': '(33.3p/100ml)', 'waitrose_new_flag': None, 'waitrose_prod_name': 'essential Waitrose Anti-Dandruff 2 in 1 300ml', 'images': []}
DEBUG: Scraped from <200 https://www.waitrose.com/ecom/shop/browse/groceries/toiletries_health_and_beauty/hair_care/shampoo>
{'client': 'Waitrose', 'time': datetime.datetime(2020, 8, 27, 23, 31, 41, 437973), 'category': 'Shampoo', 'id': 'tPp882824-154983-154984', 'prod_name': 'Head & Shoulders itchy scalp shampoo', 'waitrose_Qty': '500ml', 'waitrose_discounted_price': '£5.15', 'waitrose_offer_desc': None, 'waitrose_url': 'https://www.waitrose.com/ecom/shop/browse/groceries/toiletries_health_and_beauty/hair_care/shampoo', 'waitrose_rating': '5', 'waitrose_unit_price': '(£1.03/100ml)', 'waitrose_new_flag': None, 'waitrose_prod_name': 'Head & Shoulders itchy scalp shampoo 500ml', 'images': []}
DEBUG: Scraped from <200 https://www.waitrose.com/ecom/shop/browse/groceries/toiletries_health_and_beauty/hair_care/shampoo>
{'client': 'Waitrose', 'time': datetime.datetime(2020, 8, 27, 23, 31, 41, 437973), 'category': 'Shampoo', 'id': 'tPp490113-591883-591884', 'prod_name': 'Herbal Essences Volume Shampoo', 'waitrose_Qty': '400ml', 'waitrose_discounted_price': '£4.50', 'waitrose_offer_desc': None, 'waitrose_url': 'https://www.waitrose.com/ecom/shop/browse/groceries/toiletries_health_and_beauty/hair_care/shampoo', 'waitrose_rating': '5', 'waitrose_unit_price': '(£1.13/100ml)', 'waitrose_new_flag': None, 'waitrose_prod_name': 'Herbal Essences Volume Shampoo 400ml', 'images': []}
DEBUG: Scraped from <200 https://www.waitrose.com/ecom/shop/browse/groceries/toiletries_health_and_beauty/hair_care/shampoo>
{'client': 'Waitrose', 'time': datetime.datetime(2020, 8, 27, 23, 31, 41, 437973), 'category': 'Shampoo', 'id': 'tPp538896-720173-720174', 'prod_name': 'Herbal Essences Argan Oil Shampoo', 'waitrose_Qty': '250ml', 'waitrose_discounted_price': '£2.00', 'waitrose_offer_desc': 'Save 1/3.', 'waitrose_url': 'https://www.waitrose.com/ecom/shop/browse/groceries/toiletries_health_and_beauty/hair_care/shampoo', 'waitrose_rating': None, 'waitrose_unit_price': '(80p/100ml)', 'waitrose_new_flag': None, 'waitrose_prod_name': 'Herbal Essences Argan Oil Shampoo 250ml', 'images': []}
DEBUG: Scraped from <200 https://www.waitrose.com/ecom/shop/browse/groceries/toiletries_health_and_beauty/hair_care/shampoo>
{'client': 'Waitrose', 'time': datetime.datetime(2020, 8, 27, 23, 31, 41, 437973), 'category': 'Shampoo', 'id': 'tPp494340-69860-69861', 'prod_name': "Neal's Yard Rose Shampoo", 'waitrose_Qty': '200ml', 'waitrose_discounted_price': '£7.66', 'waitrose_offer_desc': 'Save 1/3.', 'waitrose_url': 'https://www.waitrose.com/ecom/shop/browse/groceries/toiletries_health_and_beauty/hair_care/shampoo', 'waitrose_rating': '3.1', 'waitrose_unit_price': '(£3.83/100ml)', 'waitrose_new_flag': None, 'waitrose_prod_name': "Neal's Yard Rose Shampoo 200ml", 'images': []}
DEBUG: Scraped from <200 https://www.waitrose.com/ecom/shop/browse/groceries/toiletries_health_and_beauty/hair_care/shampoo>
{'client': 'Waitrose', 'time': datetime.datetime(2020, 8, 27, 23, 31, 41, 437973), 'category': 'Shampoo', 'id': 'tPp871494-495182-495183', 'prod_name': 'DGJ Hairjuice Shampoo', 'waitrose_Qty': '250ml', 'waitrose_discounted_price': '£2.50', 'waitrose_offer_desc': 'Half Price.', 'waitrose_url': 'https://www.waitrose.com/ecom/shop/browse/groceries/toiletries_health_and_beauty/hair_care/shampoo', 'waitrose_rating': '5', 'waitrose_unit_price': '(£1/100ml)', 'waitrose_new_flag': None, 'waitrose_prod_name': 'DGJ Hairjuice Shampoo 250ml', 'images': []}
DEBUG: Scraped from <200 https://www.waitrose.com/ecom/shop/browse/groceries/toiletries_health_and_beauty/hair_care/shampoo>
{'client': 'Waitrose', 'time': datetime.datetime(2020, 8, 27, 23, 31, 41, 437973), 'category': 'Shampoo', 'id': 'tPp407453-471203-471204', 'prod_name': 'Ogx Biotin & Collagen Shampoo', 'waitrose_Qty': '385ml', 'waitrose_discounted_price': '£7.00', 'waitrose_offer_desc': None, 'waitrose_url': 'https://www.waitrose.com/ecom/shop/browse/groceries/toiletries_health_and_beauty/hair_care/shampoo', 'waitrose_rating': None, 'waitrose_unit_price': '(£1.82/100ml)', 'waitrose_new_flag': None, 'waitrose_prod_name': 'Ogx Biotin & Collagen Shampoo 385ml', 'images': []}
DEBUG: Scraped from <200 https://www.waitrose.com/ecom/shop/browse/groceries/toiletries_health_and_beauty/hair_care/shampoo>
{'client': 'Waitrose', 'time': datetime.datetime(2020, 8, 27, 23, 31, 41, 437973), 'category': 'Shampoo', 'id': 'tPp464815-154487-154488', 'prod_name': 'Batiste original dry shampoo', 'waitrose_Qty': '200ml', 'waitrose_discounted_price': '£3.00', 'waitrose_offer_desc': None, 'waitrose_url': 'https://www.waitrose.com/ecom/shop/browse/groceries/toiletries_health_and_beauty/hair_care/shampoo', 'waitrose_rating': '5', 'waitrose_unit_price': '(£1.50/100ml)', 'waitrose_new_flag': None, 'waitrose_prod_name': 'Batiste original dry shampoo 200ml', 'images': []}
DEBUG: Scraped from <200 https://www.waitrose.com/ecom/shop/browse/groceries/toiletries_health_and_beauty/hair_care/shampoo>
{'client': 'Waitrose', 'time': datetime.datetime(2020, 8, 27, 23, 31, 41, 437973), 'category': 'Shampoo', 'id': 'tPp725068-723986-723987', 'prod_name': 'Faith in Nature Lavender Shampoo', 'waitrose_Qty': '400ml', 'waitrose_discounted_price': '£3.86', 'waitrose_offer_desc': 'Save 1/3.', 'waitrose_url': 'https://www.waitrose.com/ecom/shop/browse/groceries/toiletries_health_and_beauty/hair_care/shampoo', 'waitrose_rating': None, 'waitrose_unit_price': '(96.5p/100ml)', 'waitrose_new_flag': None, 'waitrose_prod_name': 'Faith in Nature Lavender Shampoo 400ml', 'images': []}
DEBUG: Scraped from <200 https://www.waitrose.com/ecom/shop/browse/groceries/toiletries_health_and_beauty/hair_care/shampoo>
{'client': 'Waitrose', 'time': datetime.datetime(2020, 8, 27, 23, 31, 41, 437973), 'category': 'Shampoo', 'id': 'tPp425163-526469-526470', 'prod_name': 'Frizz Ease Shampoo Miraculous Recovery', 'waitrose_Qty': '250ml', 'waitrose_discounted_price': '£3.99', 'waitrose_offer_desc': 'Save 1/3.', 'waitrose_url': 'https://www.waitrose.com/ecom/shop/browse/groceries/toiletries_health_and_beauty/hair_care/shampoo', 'waitrose_rating': None, 'waitrose_unit_price': '(£1.60/100ml)', 'waitrose_new_flag': None, 'waitrose_prod_name': 'Frizz Ease Shampoo Miraculous Recovery 250ml', 'images': []}
DEBUG: Scraped from <200 https://www.waitrose.com/ecom/shop/browse/groceries/toiletries_health_and_beauty/hair_care/shampoo>
{'client': 'Waitrose', 'time': datetime.datetime(2020, 8, 27, 23, 31, 41, 437973), 'category': 'Shampoo', 'id': 'tPp821139-694191-694192', 'prod_name': 'Pantene Smooth & Sleek Shampoo', 'waitrose_Qty': '500ml', 'waitrose_discounted_price': '£5.15', 'waitrose_offer_desc': None, 'waitrose_url': 'https://www.waitrose.com/ecom/shop/browse/groceries/toiletries_health_and_beauty/hair_care/shampoo', 'waitrose_rating': None, 'waitrose_unit_price': '(£1.03/100ml)', 'waitrose_new_flag': None, 'waitrose_prod_name': 'Pantene Smooth & Sleek Shampoo 500ml', 'images': []}
DEBUG: Scraped from <200 https://www.waitrose.com/ecom/shop/browse/groceries/toiletries_health_and_beauty/hair_care/shampoo>
{'client': 'Waitrose', 'time': datetime.datetime(2020, 8, 27, 23, 31, 41, 437973), 'category': 'Shampoo', 'id': 'tPp868154-695990-695991', 'prod_name': 'Hair Biology Purple Shampoo', 'waitrose_Qty': '250ml', 'waitrose_discounted_price': '£4.50', 'waitrose_offer_desc': None, 'waitrose_url': 'https://www.waitrose.com/ecom/shop/browse/groceries/toiletries_health_and_beauty/hair_care/shampoo', 'waitrose_rating': None, 'waitrose_unit_price': '(£1.80/100ml)', 'waitrose_new_flag': None, 'waitrose_prod_name': 'Hair Biology Purple Shampoo 250ml', 'images': []}
DEBUG: Scraped from <200 https://www.waitrose.com/ecom/shop/browse/groceries/toiletries_health_and_beauty/hair_care/shampoo>
{'client': 'Waitrose', 'time': datetime.datetime(2020, 8, 27, 23, 31, 41, 437973), 'category': 'Shampoo', 'id': 'tPp627460-154629-154630', 'prod_name': 'Aussie mega shampoo', 'waitrose_Qty': '500ml', 'waitrose_discounted_price': '£6.15', 'waitrose_offer_desc': None, 'waitrose_url': 'https://www.waitrose.com/ecom/shop/browse/groceries/toiletries_health_and_beauty/hair_care/shampoo', 'waitrose_rating': '3.8', 'waitrose_unit_price': '(£1.23/100ml)', 'waitrose_new_flag': None, 'waitrose_prod_name': 'Aussie mega shampoo 500ml', 'images': []}
DEBUG: Scraped from <200 https://www.waitrose.com/ecom/shop/browse/groceries/toiletries_health_and_beauty/hair_care/shampoo>
{'client': 'Waitrose', 'time': datetime.datetime(2020, 8, 27, 23, 31, 41, 437973), 'category': 'Shampoo', 'id': 'tPp755349-720291-720292', 'prod_name': 'Herbal Essences Aloe & Mango Shampoo', 'waitrose_Qty': '380ml', 'waitrose_discounted_price': '£4.50', 'waitrose_offer_desc': None, 'waitrose_url': 'https://www.waitrose.com/ecom/shop/browse/groceries/toiletries_health_and_beauty/hair_care/shampoo', 'waitrose_rating': None, 'waitrose_unit_price': '(£1.19/100ml)', 'waitrose_new_flag': None, 'waitrose_prod_name': 'Herbal Essences Aloe & Mango Shampoo 380ml', 'images': []}
DEBUG: Scraped from <200 https://www.waitrose.com/ecom/shop/browse/groceries/toiletries_health_and_beauty/hair_care/shampoo>
{'client': 'Waitrose', 'time': datetime.datetime(2020, 8, 27, 23, 31, 41, 437973), 'category': 'Shampoo', 'id': 'tPp581617-694173-694174', 'prod_name': 'Pantene Colour Protect Shampoo', 'waitrose_Qty': '500ml', 'waitrose_discounted_price': '£5.15', 'waitrose_offer_desc': None, 'waitrose_url': 'https://www.waitrose.com/ecom/shop/browse/groceries/toiletries_health_and_beauty/hair_care/shampoo', 'waitrose_rating': None, 'waitrose_unit_price': '(£1.03/100ml)', 'waitrose_new_flag': None, 'waitrose_prod_name': 'Pantene Colour Protect Shampoo 500ml', 'images': []}
DEBUG: Scraped from <200 https://www.waitrose.com/ecom/shop/browse/groceries/toiletries_health_and_beauty/hair_care/shampoo>
{'client': 'Waitrose', 'time': datetime.datetime(2020, 8, 27, 23, 31, 41, 437973), 'category': 'Shampoo', 'id': 'tPp886458-216893-216894', 'prod_name': 'Ogx Brazilian Keratin Shampoo', 'waitrose_Qty': '385ml', 'waitrose_discounted_price': '£7.00', 'waitrose_offer_desc': None, 'waitrose_url': 'https://www.waitrose.com/ecom/shop/browse/groceries/toiletries_health_and_beauty/hair_care/shampoo', 'waitrose_rating': '5', 'waitrose_unit_price': '(£1.82/100ml)', 'waitrose_new_flag': None, 'waitrose_prod_name': 'Ogx Brazilian Keratin Shampoo 385ml', 'images': []}
DEBUG: Scraped from <200 https://www.waitrose.com/ecom/shop/browse/groceries/toiletries_health_and_beauty/hair_care/shampoo>
{'client': 'Waitrose', 'time': datetime.datetime(2020, 8, 27, 23, 31, 41, 437973), 'category': 'Shampoo', 'id': 'tPp855140-216863-216864', 'prod_name': 'Ogx Coconut Milk Shampoo', 'waitrose_Qty': '385ml', 'waitrose_discounted_price': '£7.00', 'waitrose_offer_desc': None, 'waitrose_url': 'https://www.waitrose.com/ecom/shop/browse/groceries/toiletries_health_and_beauty/hair_care/shampoo', 'waitrose_rating': '5', 'waitrose_unit_price': '(£1.82/100ml)', 'waitrose_new_flag': None, 'waitrose_prod_name': 'Ogx Coconut Milk Shampoo 385ml', 'images': []}
DEBUG: Scraped from <200 https://www.waitrose.com/ecom/shop/browse/groceries/toiletries_health_and_beauty/hair_care/shampoo>
{'client': 'Waitrose', 'time': datetime.datetime(2020, 8, 27, 23, 31, 41, 437973), 'category': 'Shampoo', 'id': 'tPp819563-729788-729789', 'prod_name': 'Aussie Blonde Purple Shampoo', 'waitrose_Qty': '290ml', 'waitrose_discounted_price': '£2.99', 'waitrose_offer_desc': 'Half Price.', 'waitrose_url': 'https://www.waitrose.com/ecom/shop/browse/groceries/toiletries_health_and_beauty/hair_care/shampoo', 'waitrose_rating': None, 'waitrose_unit_price': '(£1.04/100ml)', 'waitrose_new_flag': 'NEW', 'waitrose_prod_name': 'Aussie Blonde Purple Shampoo 290ml', 'images': []}
DEBUG: Scraped from <200 https://www.waitrose.com/ecom/shop/browse/groceries/toiletries_health_and_beauty/hair_care/shampoo>
{'client': 'Waitrose', 'time': datetime.datetime(2020, 8, 27, 23, 31, 41, 437973), 'category': 'Shampoo', 'id': 'tPp847454-724141-724142', 'prod_name': 'Faith in Nature Grapefruit Shampoo', 'waitrose_Qty': '400ml', 'waitrose_discounted_price': '£3.86', 'waitrose_offer_desc': 'Save 1/3.', 'waitrose_url': 'https://www.waitrose.com/ecom/shop/browse/groceries/toiletries_health_and_beauty/hair_care/shampoo', 'waitrose_rating': None, 'waitrose_unit_price': '(96.5p/100ml)', 'waitrose_new_flag': None, 'waitrose_prod_name': 'Faith in Nature Grapefruit Shampoo 400ml', 'images': []}
DEBUG: Scraped from <200 https://www.waitrose.com/ecom/shop/browse/groceries/toiletries_health_and_beauty/hair_care/shampoo>
{'client': 'Waitrose', 'time': datetime.datetime(2020, 8, 27, 23, 31, 41, 437973), 'category': 'Shampoo', 'id': 'tPp402915-526384-526385', 'prod_name': 'John Frieda Violet Crush Shampoo', 'waitrose_Qty': '250ml', 'waitrose_discounted_price': '£3.99', 'waitrose_offer_desc': 'Save 1/3.', 'waitrose_url': 'https://www.waitrose.com/ecom/shop/browse/groceries/toiletries_health_and_beauty/hair_care/shampoo', 'waitrose_rating': '5', 'waitrose_unit_price': '(£1.60/100ml)', 'waitrose_new_flag': None, 'waitrose_prod_name': 'John Frieda Violet Crush Shampoo 250ml', 'images': []}
DEBUG: Scraped from <200 https://www.waitrose.com/ecom/shop/browse/groceries/toiletries_health_and_beauty/hair_care/shampoo>
{'client': 'Waitrose', 'time': datetime.datetime(2020, 8, 27, 23, 31, 41, 437973), 'category': 'Shampoo', 'id': 'tPp065299-33095-33096', 'prod_name': 'Frizz Ease Dream Curls Shampoo', 'waitrose_Qty': '250ml', 'waitrose_discounted_price': '£3.99', 'waitrose_offer_desc': 'Save 1/3.', 'waitrose_url': 'https://www.waitrose.com/ecom/shop/browse/groceries/toiletries_health_and_beauty/hair_care/shampoo', 'waitrose_rating': '5', 'waitrose_unit_price': '(£1.60/100ml)', 'waitrose_new_flag': None, 'waitrose_prod_name': 'Frizz Ease Dream Curls Shampoo 250ml', 'images': []}
DEBUG: Scraped from <200 https://www.waitrose.com/ecom/shop/browse/groceries/toiletries_health_and_beauty/hair_care/shampoo>
{'client': 'Waitrose', 'time': datetime.datetime(2020, 8, 27, 23, 31, 41, 437973), 'category': 'Shampoo', 'id': 'tPp427668-591713-591714', 'prod_name': 'Herbal Essences Hydrate Shampoo', 'waitrose_Qty': '400ml', 'waitrose_discounted_price': '£4.50', 'waitrose_offer_desc': None, 'waitrose_url': 'https://www.waitrose.com/ecom/shop/browse/groceries/toiletries_health_and_beauty/hair_care/shampoo', 'waitrose_rating': '5', 'waitrose_unit_price': '(£1.13/100ml)', 'waitrose_new_flag': None, 'waitrose_prod_name': 'Herbal Essences Hydrate Shampoo 400ml', 'images': []}
DEBUG: Scraped from <200 https://www.waitrose.com/ecom/shop/browse/groceries/toiletries_health_and_beauty/hair_care/shampoo>
{'client': 'Waitrose', 'time': datetime.datetime(2020, 8, 27, 23, 31, 41, 437973), 'category': 'Shampoo', 'id': 'tPp735040-695707-695708', 'prod_name': 'Vosene Kids 3in1 Tea Tree Shampoo', 'waitrose_Qty': '250ml', 'waitrose_discounted_price': '£1.66', 'waitrose_offer_desc': 'Save 1/3.', 'waitrose_url': 'https://www.waitrose.com/ecom/shop/browse/groceries/toiletries_health_and_beauty/hair_care/shampoo', 'waitrose_rating': None, 'waitrose_unit_price': '(66.4p/100ml)', 'waitrose_new_flag': None, 'waitrose_prod_name': 'Vosene Kids 3in1 Tea Tree Shampoo 250ml', 'images': []}
DEBUG: Scraped from <200 https://www.waitrose.com/ecom/shop/browse/groceries/toiletries_health_and_beauty/hair_care/shampoo>
{'client': 'Waitrose', 'time': datetime.datetime(2020, 8, 27, 23, 31, 41, 437973), 'category': 'Shampoo', 'id': 'tPp563832-295347-295348', 'prod_name': 'Argan + Argan Oil 5Oil Miracle Shampoo', 'waitrose_Qty': '300ml', 'waitrose_discounted_price': '£4.00', 'waitrose_offer_desc': 'Save 1/3.', 'waitrose_url': 'https://www.waitrose.com/ecom/shop/browse/groceries/toiletries_health_and_beauty/hair_care/shampoo', 'waitrose_rating': '5', 'waitrose_unit_price': '(£1.34/100ml)', 'waitrose_new_flag': None, 'waitrose_prod_name': 'Argan + Argan Oil 5Oil Miracle Shampoo 300ml', 'images': []}
DEBUG: Scraped from <200 https://www.waitrose.com/ecom/shop/browse/groceries/toiletries_health_and_beauty/hair_care/shampoo>
{'client': 'Waitrose', 'time': datetime.datetime(2020, 8, 27, 23, 31, 41, 437973), 'category': 'Shampoo', 'id': 'tPp486943-68769-68770', 'prod_name': 'Head & Shoulders 2in1 classic clean', 'waitrose_Qty': '225ml', 'waitrose_discounted_price': '£3.00', 'waitrose_offer_desc': None, 'waitrose_url': 'https://www.waitrose.com/ecom/shop/browse/groceries/toiletries_health_and_beauty/hair_care/shampoo', 'waitrose_rating': '4', 'waitrose_unit_price': '(£1.34/100ml)', 'waitrose_new_flag': None, 'waitrose_prod_name': 'Head & Shoulders 2in1 classic clean 225ml', 'images': []}
DEBUG: Scraped from <200 https://www.waitrose.com/ecom/shop/browse/groceries/toiletries_health_and_beauty/hair_care/shampoo>
{'client': 'Waitrose', 'time': datetime.datetime(2020, 8, 27, 23, 31, 41, 437973), 'category': 'Shampoo', 'id': 'tPp047805-23664-23665', 'prod_name': 'Avalon Organics tea tree shampoo', 'waitrose_Qty': '325ml', 'waitrose_discounted_price': '£7.00', 'waitrose_offer_desc': None, 'waitrose_url': 'https://www.waitrose.com/ecom/shop/browse/groceries/toiletries_health_and_beauty/hair_care/shampoo', 'waitrose_rating': '4.9', 'waitrose_unit_price': '(£2.16/100ml)', 'waitrose_new_flag': None, 'waitrose_prod_name': 'Avalon Organics tea tree shampoo 325ml', 'images': []}
DEBUG: Scraped from <200 https://www.waitrose.com/ecom/shop/browse/groceries/toiletries_health_and_beauty/hair_care/shampoo>
{'client': 'Waitrose', 'time': datetime.datetime(2020, 8, 27, 23, 31, 41, 437973), 'category': 'Shampoo', 'id': 'tPp735751-154731-154732', 'prod_name': 'Aussie aussome volume shampoo', 'waitrose_Qty': '500ml', 'waitrose_discounted_price': '£6.10', 'waitrose_offer_desc': None, 'waitrose_url': 'https://www.waitrose.com/ecom/shop/browse/groceries/toiletries_health_and_beauty/hair_care/shampoo', 'waitrose_rating': None, 'waitrose_unit_price': '(£1.22/100ml)', 'waitrose_new_flag': None, 'waitrose_prod_name': 'Aussie aussome volume shampoo 500ml', 'images': []}
DEBUG: Scraped from <200 https://www.waitrose.com/ecom/shop/browse/groceries/toiletries_health_and_beauty/hair_care/shampoo>
{'client': 'Waitrose', 'time': datetime.datetime(2020, 8, 27, 23, 31, 41, 437973), 'category': 'Shampoo', 'id': 'tPp432893-216691-216692', 'prod_name': 'Head & Shoulders Shampoo Apple Fresh', 'waitrose_Qty': '500ml', 'waitrose_discounted_price': '£5.15', 'waitrose_offer_desc': None, 'waitrose_url': 'https://www.waitrose.com/ecom/shop/browse/groceries/toiletries_health_and_beauty/hair_care/shampoo', 'waitrose_rating': None, 'waitrose_unit_price': '(£1.03/100ml)', 'waitrose_new_flag': None, 'waitrose_prod_name': 'Head & Shoulders Shampoo Apple Fresh 500ml', 'images': []}
DEBUG: Scraped from <200 https://www.waitrose.com/ecom/shop/browse/groceries/toiletries_health_and_beauty/hair_care/shampoo>
{'client': 'Waitrose', 'time': datetime.datetime(2020, 8, 27, 23, 31, 41, 437973), 'category': 'Shampoo', 'id': 'tPp583946-82773-82774', 'prod_name': "Neal's Yard Lavender Shampoo", 'waitrose_Qty': '200ml', 'waitrose_discounted_price': '£7.66', 'waitrose_offer_desc': 'Save 1/3.', 'waitrose_url': 'https://www.waitrose.com/ecom/shop/browse/groceries/toiletries_health_and_beauty/hair_care/shampoo', 'waitrose_rating': '2.3', 'waitrose_unit_price': '(£3.83/100ml)', 'waitrose_new_flag': None, 'waitrose_prod_name': "Neal's Yard Lavender Shampoo 200ml", 'images': []}
DEBUG: Scraped from <200 https://www.waitrose.com/ecom/shop/browse/groceries/toiletries_health_and_beauty/hair_care/shampoo>
{'client': 'Waitrose', 'time': datetime.datetime(2020, 8, 27, 23, 31, 41, 437973), 'category': 'Shampoo', 'id': 'tPp747801-683764-683765', 'prod_name': 'Aussie Shampoo Scent-sational', 'waitrose_Qty': '300ml', 'waitrose_discounted_price': '£2.00', 'waitrose_offer_desc': 'Half Price.', 'waitrose_url': 'https://www.waitrose.com/ecom/shop/browse/groceries/toiletries_health_and_beauty/hair_care/shampoo', 'waitrose_rating': '5', 'waitrose_unit_price': '(66.7p/100ml)', 'waitrose_new_flag': None, 'waitrose_prod_name': 'Aussie Shampoo Scent-sational 300ml', 'images': []}
DEBUG: Scraped from <200 https://www.waitrose.com/ecom/shop/browse/groceries/toiletries_health_and_beauty/hair_care/shampoo>
{'client': 'Waitrose', 'time': datetime.datetime(2020, 8, 27, 23, 31, 41, 437973), 'category': 'Shampoo', 'id': 'tPp502050-631293-631294', 'prod_name': 'Hask Argan Oil Repairing Shampoo', 'waitrose_Qty': '355ml', 'waitrose_discounted_price': '£4.66', 'waitrose_offer_desc': 'Save 1/3.', 'waitrose_url': 'https://www.waitrose.com/ecom/shop/browse/groceries/toiletries_health_and_beauty/hair_care/shampoo', 'waitrose_rating': '3.7', 'waitrose_unit_price': '(£1.32/100ml)', 'waitrose_new_flag': None, 'waitrose_prod_name': 'Hask Argan Oil Repairing Shampoo 355ml', 'images': []}
DEBUG: Scraped from <200 https://www.waitrose.com/ecom/shop/browse/groceries/toiletries_health_and_beauty/hair_care/shampoo>
{'client': 'Waitrose', 'time': datetime.datetime(2020, 8, 27, 23, 31, 41, 437973), 'category': 'Shampoo', 'id': 'tPp895328-495224-495225', 'prod_name': 'DGJ Kids Detangle Shampoo', 'waitrose_Qty': '250ml', 'waitrose_discounted_price': '£1.75', 'waitrose_offer_desc': 'Half Price.', 'waitrose_url': 'https://www.waitrose.com/ecom/shop/browse/groceries/toiletries_health_and_beauty/hair_care/shampoo', 'waitrose_rating': None, 'waitrose_unit_price': '(70p/100ml)', 'waitrose_new_flag': None, 'waitrose_prod_name': 'DGJ Kids Detangle Shampoo 250ml', 'images': []}
DEBUG: Scraped from <200 https://www.waitrose.com/ecom/shop/browse/groceries/toiletries_health_and_beauty/hair_care/shampoo>
{'client': 'Waitrose', 'time': datetime.datetime(2020, 8, 27, 23, 31, 41, 437973), 'category': 'Shampoo', 'id': 'tPp752186-631541-631542', 'prod_name': 'Ogx Coconut OIl Shampoo', 'waitrose_Qty': '385ml', 'waitrose_discounted_price': '£7.00', 'waitrose_offer_desc': None, 'waitrose_url': 'https://www.waitrose.com/ecom/shop/browse/groceries/toiletries_health_and_beauty/hair_care/shampoo', 'waitrose_rating': None, 'waitrose_unit_price': '(£1.82/100ml)', 'waitrose_new_flag': None, 'waitrose_prod_name': 'Ogx Coconut OIl Shampoo 385ml', 'images': []}
DEBUG: Scraped from <200 https://www.waitrose.com/ecom/shop/browse/groceries/toiletries_health_and_beauty/hair_care/shampoo>
{'client': 'Waitrose', 'time': datetime.datetime(2020, 8, 27, 23, 31, 41, 437973), 'category': 'Shampoo', 'id': 'tPp865734-216867-216868', 'prod_name': 'Ogx Argan Oil of Morocco Shampoo', 'waitrose_Qty': '385ml', 'waitrose_discounted_price': '£7.00', 'waitrose_offer_desc': None, 'waitrose_url': 'https://www.waitrose.com/ecom/shop/browse/groceries/toiletries_health_and_beauty/hair_care/shampoo', 'waitrose_rating': '3.4', 'waitrose_unit_price': '(£1.82/100ml)', 'waitrose_new_flag': None, 'waitrose_prod_name': 'Ogx Argan Oil of Morocco Shampoo 385ml', 'images': []}
DEBUG: Scraped from <200 https://www.waitrose.com/ecom/shop/browse/groceries/toiletries_health_and_beauty/hair_care/shampoo>
{'client': 'Waitrose', 'time': datetime.datetime(2020, 8, 27, 23, 31, 41, 437973), 'category': 'Shampoo', 'id': 'tPp852396-695857-695858', 'prod_name': 'BECO. Honey Blossom Shampoo Bar', 'waitrose_Qty': '90g', 'waitrose_discounted_price': '£4.00', 'waitrose_offer_desc': None, 'waitrose_url': 'https://www.waitrose.com/ecom/shop/browse/groceries/toiletries_health_and_beauty/hair_care/shampoo', 'waitrose_rating': '4.9', 'waitrose_unit_price': '(£4.45/100g)', 'waitrose_new_flag': None, 'waitrose_prod_name': 'BECO. Honey Blossom Shampoo Bar 90g', 'images': []}
DEBUG: Scraped from <200 https://www.waitrose.com/ecom/shop/browse/groceries/toiletries_health_and_beauty/hair_care/shampoo>
{'client': 'Waitrose', 'time': datetime.datetime(2020, 8, 27, 23, 31, 41, 437973), 'category': 'Shampoo', 'id': 'tPp820157-724089-724090', 'prod_name': 'Eco Warrior Shampoo Bar', 'waitrose_Qty': '100g', 'waitrose_discounted_price': '£4.50', 'waitrose_offer_desc': None, 'waitrose_url': 'https://www.waitrose.com/ecom/shop/browse/groceries/toiletries_health_and_beauty/hair_care/shampoo', 'waitrose_rating': None, 'waitrose_unit_price': '(£4.50/100g)', 'waitrose_new_flag': None, 'waitrose_prod_name': 'Eco Warrior Shampoo Bar 100g', 'images': []}
DEBUG: Scraped from <200 https://www.waitrose.com/ecom/shop/browse/groceries/toiletries_health_and_beauty/hair_care/shampoo>
{'client': 'Waitrose', 'time': datetime.datetime(2020, 8, 27, 23, 31, 41, 437973), 'category': 'Shampoo', 'id': 'tPp721134-337091-337092', 'prod_name': 'Aussie miracle shine shampoo', 'waitrose_Qty': '500ml', 'waitrose_discounted_price': '£6.00', 'waitrose_offer_desc': None, 'waitrose_url': 'https://www.waitrose.com/ecom/shop/browse/groceries/toiletries_health_and_beauty/hair_care/shampoo', 'waitrose_rating': None, 'waitrose_unit_price': '(£1.20/100ml)', 'waitrose_new_flag': None, 'waitrose_prod_name': 'Aussie miracle shine shampoo 500ml', 'images': []}
DEBUG: Scraped from <200 https://www.waitrose.com/ecom/shop/browse/groceries/toiletries_health_and_beauty/hair_care/shampoo>
{'client': 'Waitrose', 'time': datetime.datetime(2020, 8, 27, 23, 31, 41, 437973), 'category': 'Shampoo', 'id': 'tPp884562-720413-720414', 'prod_name': 'Maui Moisture Shea Butter Shampoo', 'waitrose_Qty': '385ml', 'waitrose_discounted_price': '£6.00', 'waitrose_offer_desc': 'Save 1/3.', 'waitrose_url': 'https://www.waitrose.com/ecom/shop/browse/groceries/toiletries_health_and_beauty/hair_care/shampoo', 'waitrose_rating': None, 'waitrose_unit_price': '(£1.56/100ml)', 'waitrose_new_flag': None, 'waitrose_prod_name': 'Maui Moisture Shea Butter Shampoo 385ml', 'images': []}
DEBUG: Scraped from <200 https://www.waitrose.com/ecom/shop/browse/groceries/toiletries_health_and_beauty/hair_care/shampoo>
{'client': 'Waitrose', 'time': datetime.datetime(2020, 8, 27, 23, 31, 41, 437973), 'category': 'Shampoo', 'id': 'tPp844892-695845-695846', 'prod_name': 'Head & Shoulders Colour Protect', 'waitrose_Qty': '400ml', 'waitrose_discounted_price': '£3.33', 'waitrose_offer_desc': 'Save 1/3.', 'waitrose_url': 'https://www.waitrose.com/ecom/shop/browse/groceries/toiletries_health_and_beauty/hair_care/shampoo', 'waitrose_rating': None, 'waitrose_unit_price': '(83.3p/100ml)', 'waitrose_new_flag': None, 'waitrose_prod_name': 'Head & Shoulders Colour Protect 400ml', 'images': []}
DEBUG: Scraped from <200 https://www.waitrose.com/ecom/shop/browse/groceries/toiletries_health_and_beauty/hair_care/shampoo>
{'client': 'Waitrose', 'time': datetime.datetime(2020, 8, 27, 23, 31, 41, 437973), 'category': 'Shampoo', 'id': 'tPp051100-25409-25410', 'prod_name': 'Sheer Blonde Moisturising Shampoo', 'waitrose_Qty': '250ml', 'waitrose_discounted_price': '£3.99', 'waitrose_offer_desc': 'Save 1/3.', 'waitrose_url': 'https://www.waitrose.com/ecom/shop/browse/groceries/toiletries_health_and_beauty/hair_care/shampoo', 'waitrose_rating': '3', 'waitrose_unit_price': '(£1.60/100ml)', 'waitrose_new_flag': None, 'waitrose_prod_name': 'Sheer Blonde Moisturising Shampoo 250ml', 'images': []}
DEBUG: Scraped from <200 https://www.waitrose.com/ecom/shop/browse/groceries/toiletries_health_and_beauty/hair_care/shampoo>
{'client': 'Waitrose', 'time': datetime.datetime(2020, 8, 27, 23, 31, 41, 437973), 'category': 'Shampoo', 'id': 'tPp791725-375655-375656', 'prod_name': 'Ogx Kukuí Oil Shampoo', 'waitrose_Qty': '385ml', 'waitrose_discounted_price': '£7.00', 'waitrose_offer_desc': None, 'waitrose_url': 'https://www.waitrose.com/ecom/shop/browse/groceries/toiletries_health_and_beauty/hair_care/shampoo', 'waitrose_rating': '5', 'waitrose_unit_price': '(£1.82/100ml)', 'waitrose_new_flag': None, 'waitrose_prod_name': 'Ogx Kukuí Oil Shampoo 385ml', 'images': []}
DEBUG: Scraped from <200 https://www.waitrose.com/ecom/shop/browse/groceries/toiletries_health_and_beauty/hair_care/shampoo>
{'client': 'Waitrose', 'time': datetime.datetime(2020, 8, 27, 23, 31, 41, 437973), 'category': 'Shampoo', 'id': 'tPp062495-31737-31738', 'prod_name': 'Neutrogena T/Gel shampoo dry hair', 'waitrose_Qty': '125ml', 'waitrose_discounted_price': '£5.15', 'waitrose_offer_desc': None, 'waitrose_url': 'https://www.waitrose.com/ecom/shop/browse/groceries/toiletries_health_and_beauty/hair_care/shampoo', 'waitrose_rating': None, 'waitrose_unit_price': '(£4.12/100ml)', 'waitrose_new_flag': None, 'waitrose_prod_name': 'Neutrogena T/Gel shampoo dry hair 125ml', 'images': []}
DEBUG: Scraped from <200 https://www.waitrose.com/ecom/shop/browse/groceries/toiletries_health_and_beauty/hair_care/shampoo>
{'client': 'Waitrose', 'time': datetime.datetime(2020, 8, 27, 23, 31, 41, 437973), 'category': 'Shampoo', 'id': 'tPp755068-720289-720290', 'prod_name': 'Herbal Essences Aloe Hemp Shampoo', 'waitrose_Qty': '380ml', 'waitrose_discounted_price': '£4.50', 'waitrose_offer_desc': None, 'waitrose_url': 'https://www.waitrose.com/ecom/shop/browse/groceries/toiletries_health_and_beauty/hair_care/shampoo', 'waitrose_rating': None, 'waitrose_unit_price': '(£1.19/100ml)', 'waitrose_new_flag': None, 'waitrose_prod_name': 'Herbal Essences Aloe Hemp Shampoo 380ml', 'images': []}
DEBUG: Scraped from <200 https://www.waitrose.com/ecom/shop/browse/groceries/toiletries_health_and_beauty/hair_care/shampoo>
{'client': 'Waitrose', 'time': datetime.datetime(2020, 8, 27, 23, 31, 41, 437973), 'category': 'Shampoo', 'id': 'tPp756229-563906-563907', 'prod_name': 'Head & Shoulders 2 in 1 Total Care', 'waitrose_Qty': '225ml', 'waitrose_discounted_price': '£3.00', 'waitrose_offer_desc': None, 'waitrose_url': 'https://www.waitrose.com/ecom/shop/browse/groceries/toiletries_health_and_beauty/hair_care/shampoo', 'waitrose_rating': None, 'waitrose_unit_price': '(£1.34/100ml)', 'waitrose_new_flag': None, 'waitrose_prod_name': 'Head & Shoulders 2 in 1 Total Care 225ml', 'images': []}
DEBUG: Scraped from <200 https://www.waitrose.com/ecom/shop/browse/groceries/toiletries_health_and_beauty/hair_care/shampoo>
{'client': 'Waitrose', 'time': datetime.datetime(2020, 8, 27, 23, 31, 41, 437973), 'category': 'Shampoo', 'id': 'tPp867514-720387-720388', 'prod_name': 'Head & Shoulders Coconut Shampoo', 'waitrose_Qty': '500ml', 'waitrose_discounted_price': '£5.00', 'waitrose_offer_desc': None, 'waitrose_url': 'https://www.waitrose.com/ecom/shop/browse/groceries/toiletries_health_and_beauty/hair_care/shampoo', 'waitrose_rating': None, 'waitrose_unit_price': '(£1/100ml)', 'waitrose_new_flag': None, 'waitrose_prod_name': 'Head & Shoulders Coconut Shampoo 500ml', 'images': []}
DEBUG: Scraped from <200 https://www.waitrose.com/ecom/shop/browse/groceries/toiletries_health_and_beauty/hair_care/shampoo>
{'client': 'Waitrose', 'time': datetime.datetime(2020, 8, 27, 23, 31, 41, 437973), 'category': 'Shampoo', 'id': 'tPp502437-720153-720154', 'prod_name': 'Aussie Calm The Frizz Shampoo', 'waitrose_Qty': '300ml', 'waitrose_discounted_price': '£2.00', 'waitrose_offer_desc': 'Half Price.', 'waitrose_url': 'https://www.waitrose.com/ecom/shop/browse/groceries/toiletries_health_and_beauty/hair_care/shampoo', 'waitrose_rating': None, 'waitrose_unit_price': '(66.7p/100ml)', 'waitrose_new_flag': None, 'waitrose_prod_name': 'Aussie Calm The Frizz Shampoo 300ml', 'images': []}
DEBUG: Scraped from <200 https://www.waitrose.com/ecom/shop/browse/groceries/toiletries_health_and_beauty/hair_care/shampoo>
{'client': 'Waitrose', 'time': datetime.datetime(2020, 8, 27, 23, 31, 41, 437973), 'category': 'Shampoo', 'id': 'tPp530991-695493-695494', 'prod_name': 'John Frieda Shampoo Detox & Repair', 'waitrose_Qty': '250ml', 'waitrose_discounted_price': '£3.99', 'waitrose_offer_desc': 'Save 1/3.', 'waitrose_url': 'https://www.waitrose.com/ecom/shop/browse/groceries/toiletries_health_and_beauty/hair_care/shampoo', 'waitrose_rating': None, 'waitrose_unit_price': '(£1.60/100ml)', 'waitrose_new_flag': None, 'waitrose_prod_name': 'John Frieda Shampoo Detox & Repair 250ml', 'images': []}
DEBUG: Scraped from <200 https://www.waitrose.com/ecom/shop/browse/groceries/toiletries_health_and_beauty/hair_care/shampoo>
{'client': 'Waitrose', 'time': datetime.datetime(2020, 8, 27, 23, 31, 41, 437973), 'category': 'Shampoo', 'id': 'tPp414862-695397-695398', 'prod_name': 'Noughty Wave Hello Shampoo', 'waitrose_Qty': '250ml', 'waitrose_discounted_price': '£4.66', 'waitrose_offer_desc': 'Save 1/3.', 'waitrose_url': 'https://www.waitrose.com/ecom/shop/browse/groceries/toiletries_health_and_beauty/hair_care/shampoo', 'waitrose_rating': None, 'waitrose_unit_price': '(£1.87/100ml)', 'waitrose_new_flag': None, 'waitrose_prod_name': 'Noughty Wave Hello Shampoo 250ml', 'images': []}
DEBUG: Scraped from <200 https://www.waitrose.com/ecom/shop/browse/groceries/toiletries_health_and_beauty/hair_care/shampoo>
{'client': 'Waitrose', 'time': datetime.datetime(2020, 8, 27, 23, 31, 41, 437973), 'category': 'Shampoo', 'id': 'tPp711086-652694-652695', 'prod_name': 'Head & Shoulders Supreme Moisture', 'waitrose_Qty': '400ml', 'waitrose_discounted_price': '£3.43', 'waitrose_offer_desc': 'Save 1/3.', 'waitrose_url': 'https://www.waitrose.com/ecom/shop/browse/groceries/toiletries_health_and_beauty/hair_care/shampoo', 'waitrose_rating': None, 'waitrose_unit_price': '(85.8p/100ml)', 'waitrose_new_flag': None, 'waitrose_prod_name': 'Head & Shoulders Supreme Moisture 400ml', 'images': []}
DEBUG: Scraped from <200 https://www.waitrose.com/ecom/shop/browse/groceries/toiletries_health_and_beauty/hair_care/shampoo>
{'client': 'Waitrose', 'time': datetime.datetime(2020, 8, 27, 23, 31, 41, 437973), 'category': 'Shampoo', 'id': 'tPp778297-720309-720310', 'prod_name': 'Pantene Grow Strong Shampoo', 'waitrose_Qty': '400ml', 'waitrose_discounted_price': '£3.75', 'waitrose_offer_desc': None, 'waitrose_url': 'https://www.waitrose.com/ecom/shop/browse/groceries/toiletries_health_and_beauty/hair_care/shampoo', 'waitrose_rating': None, 'waitrose_unit_price': '(93.8p/100ml)', 'waitrose_new_flag': None, 'waitrose_prod_name': 'Pantene Grow Strong Shampoo 400ml', 'images': []}
DEBUG: Scraped from <200 https://www.waitrose.com/ecom/shop/browse/groceries/toiletries_health_and_beauty/hair_care/shampoo>
{'client': 'Waitrose', 'time': datetime.datetime(2020, 8, 27, 23, 31, 41, 437973), 'category': 'Shampoo', 'id': 'tPp853982-154925-154926', 'prod_name': 'Batiste blush dry shampoo', 'waitrose_Qty': '200ml', 'waitrose_discounted_price': '£3.00', 'waitrose_offer_desc': None, 'waitrose_url': 'https://www.waitrose.com/ecom/shop/browse/groceries/toiletries_health_and_beauty/hair_care/shampoo', 'waitrose_rating': '4', 'waitrose_unit_price': '(£1.50/100ml)', 'waitrose_new_flag': None, 'waitrose_prod_name': 'Batiste blush dry shampoo 200ml', 'images': []}
DEBUG: Scraped from <200 https://www.waitrose.com/ecom/shop/browse/groceries/toiletries_health_and_beauty/hair_care/shampoo>
{'client': 'Waitrose', 'time': datetime.datetime(2020, 8, 27, 23, 31, 41, 437973), 'category': 'Shampoo', 'id': 'tPp662395-154665-154666', 'prod_name': 'Aussie colour mate shampoo', 'waitrose_Qty': '500ml', 'waitrose_discounted_price': '£6.15', 'waitrose_offer_desc': None, 'waitrose_url': 'https://www.waitrose.com/ecom/shop/browse/groceries/toiletries_health_and_beauty/hair_care/shampoo', 'waitrose_rating': None, 'waitrose_unit_price': '(£1.23/100ml)', 'waitrose_new_flag': None, 'waitrose_prod_name': 'Aussie colour mate shampoo 500ml', 'images': []}
DEBUG: Scraped from <200 https://www.waitrose.com/ecom/shop/browse/groceries/toiletries_health_and_beauty/hair_care/shampoo>
{'client': 'Waitrose', 'time': datetime.datetime(2020, 8, 27, 23, 31, 41, 437973), 'category': 'Shampoo', 'id': 'tPp626001-88825-88826', 'prod_name': 'Head & Shoulders Shampoo Citrus Fresh', 'waitrose_Qty': '500ml', 'waitrose_discounted_price': '£5.15', 'waitrose_offer_desc': None, 'waitrose_url': 'https://www.waitrose.com/ecom/shop/browse/groceries/toiletries_health_and_beauty/hair_care/shampoo', 'waitrose_rating': None, 'waitrose_unit_price': '(£1.03/100ml)', 'waitrose_new_flag': None, 'waitrose_prod_name': 'Head & Shoulders Shampoo Citrus Fresh 500ml', 'images': []}
DEBUG: Scraped from <200 https://www.waitrose.com/ecom/shop/browse/groceries/toiletries_health_and_beauty/hair_care/shampoo>
{'client': 'Waitrose', 'time': datetime.datetime(2020, 8, 27, 23, 31, 41, 437973), 'category': 'Shampoo', 'id': 'tPp584599-695531-695532', 'prod_name': 'Batiste Dry Shampoo Volume', 'waitrose_Qty': '200ml', 'waitrose_discounted_price': '£4.25', 'waitrose_offer_desc': None, 'waitrose_url': 'https://www.waitrose.com/ecom/shop/browse/groceries/toiletries_health_and_beauty/hair_care/shampoo', 'waitrose_rating': None, 'waitrose_unit_price': '(£2.13/100ml)', 'waitrose_new_flag': None, 'waitrose_prod_name': 'Batiste Dry Shampoo Volume 200ml', 'images': []}
DEBUG: Scraped from <200 https://www.waitrose.com/ecom/shop/browse/groceries/toiletries_health_and_beauty/hair_care/shampoo>
{'client': 'Waitrose', 'time': datetime.datetime(2020, 8, 27, 23, 31, 41, 437973), 'category': 'Shampoo', 'id': 'tPp819340-720339-720340', 'prod_name': 'Head & Shoulders Supreme Shampoo', 'waitrose_Qty': '400ml', 'waitrose_discounted_price': '£3.33', 'waitrose_offer_desc': 'Save 1/3.', 'waitrose_url': 'https://www.waitrose.com/ecom/shop/browse/groceries/toiletries_health_and_beauty/hair_care/shampoo', 'waitrose_rating': None, 'waitrose_unit_price': '(83.3p/100ml)', 'waitrose_new_flag': None, 'waitrose_prod_name': 'Head & Shoulders Supreme Shampoo 400ml', 'images': []}
DEBUG: Scraped from <200 https://www.waitrose.com/ecom/shop/browse/groceries/toiletries_health_and_beauty/hair_care/shampoo>
{'client': 'Waitrose', 'time': datetime.datetime(2020, 8, 27, 23, 31, 41, 437973), 'category': 'Shampoo', 'id': 'tPp554742-695503-695504', 'prod_name': 'Umberto Giannini Violet Shampoo', 'waitrose_Qty': '250ml', 'waitrose_discounted_price': '£8.00', 'waitrose_offer_desc': 'Mix & Match Add 3 for 2 Cheapest Item Free', 'waitrose_url': 'https://www.waitrose.com/ecom/shop/browse/groceries/toiletries_health_and_beauty/hair_care/shampoo', 'waitrose_rating': None, 'waitrose_unit_price': '(£3.20/100ml)', 'waitrose_new_flag': None, 'waitrose_prod_name': 'Umberto Giannini Violet Shampoo 250ml', 'images': []}
DEBUG: Scraped from <200 https://www.waitrose.com/ecom/shop/browse/groceries/toiletries_health_and_beauty/hair_care/shampoo>
{'client': 'Waitrose', 'time': datetime.datetime(2020, 8, 27, 23, 31, 41, 437973), 'category': 'Shampoo', 'id': 'tPp895244-495222-495223', 'prod_name': 'DGJ Clarifying Shampoo', 'waitrose_Qty': '250ml', 'waitrose_discounted_price': '£2.50', 'waitrose_offer_desc': 'Half Price.', 'waitrose_url': 'https://www.waitrose.com/ecom/shop/browse/groceries/toiletries_health_and_beauty/hair_care/shampoo', 'waitrose_rating': None, 'waitrose_unit_price': '(£1/100ml)', 'waitrose_new_flag': None, 'waitrose_prod_name': 'DGJ Clarifying Shampoo 250ml', 'images': []}
DEBUG: Scraped from <200 https://www.waitrose.com/ecom/shop/browse/groceries/toiletries_health_and_beauty/hair_care/shampoo>
{'client': 'Waitrose', 'time': datetime.datetime(2020, 8, 27, 23, 31, 41, 437973), 'category': 'Shampoo', 'id': 'tPp745828-495012-495013', 'prod_name': 'DGJ Kids Lice Repel Shampoo', 'waitrose_Qty': '250ml', 'waitrose_discounted_price': '£1.75', 'waitrose_offer_desc': 'Half Price.', 'waitrose_url': 'https://www.waitrose.com/ecom/shop/browse/groceries/toiletries_health_and_beauty/hair_care/shampoo', 'waitrose_rating': None, 'waitrose_unit_price': '(70p/100ml)', 'waitrose_new_flag': None, 'waitrose_prod_name': 'DGJ Kids Lice Repel Shampoo 250ml', 'images': []}
DEBUG: Scraped from <200 https://www.waitrose.com/ecom/shop/browse/groceries/toiletries_health_and_beauty/hair_care/shampoo>
{'client': 'Waitrose', 'time': datetime.datetime(2020, 8, 27, 23, 31, 41, 437973), 'category': 'Shampoo', 'id': 'tPp687186-337057-337058', 'prod_name': 'Argan + Argan Oil Rejuvenating Shampoo', 'waitrose_Qty': '300ml', 'waitrose_discounted_price': '£4.00', 'waitrose_offer_desc': 'Save 1/3.', 'waitrose_url': 'https://www.waitrose.com/ecom/shop/browse/groceries/toiletries_health_and_beauty/hair_care/shampoo', 'waitrose_rating': '5', 'waitrose_unit_price': '(£1.34/100ml)', 'waitrose_new_flag': None, 'waitrose_prod_name': 'Argan + Argan Oil Rejuvenating Shampoo 300ml', 'images': []}
DEBUG: Scraped from <200 https://www.waitrose.com/ecom/shop/browse/groceries/toiletries_health_and_beauty/hair_care/shampoo>
{'client': 'Waitrose', 'time': datetime.datetime(2020, 8, 27, 23, 31, 41, 437973), 'category': 'Shampoo', 'id': 'tPp790782-694215-694216', 'prod_name': 'Pantene 3in1 Smooth & Sleek', 'waitrose_Qty': '450ml', 'waitrose_discounted_price': '£3.75', 'waitrose_offer_desc': None, 'waitrose_url': 'https://www.waitrose.com/ecom/shop/browse/groceries/toiletries_health_and_beauty/hair_care/shampoo', 'waitrose_rating': None, 'waitrose_unit_price': '(83.3p/100ml)', 'waitrose_new_flag': None, 'waitrose_prod_name': 'Pantene 3in1 Smooth & Sleek 450ml', 'images': []}
DEBUG: Scraped from <200 https://www.waitrose.com/ecom/shop/browse/groceries/toiletries_health_and_beauty/hair_care/shampoo>
{'client': 'Waitrose', 'time': datetime.datetime(2020, 8, 27, 23, 31, 41, 437973), 'category': 'Shampoo', 'id': 'tPp480728-631267-631268', 'prod_name': 'Ogx Orchid Oil Shampoo', 'waitrose_Qty': '385ml', 'waitrose_discounted_price': '£7.00', 'waitrose_offer_desc': None, 'waitrose_url': 'https://www.waitrose.com/ecom/shop/browse/groceries/toiletries_health_and_beauty/hair_care/shampoo', 'waitrose_rating': '5', 'waitrose_unit_price': '(£1.82/100ml)', 'waitrose_new_flag': None, 'waitrose_prod_name': 'Ogx Orchid Oil Shampoo 385ml', 'images': []}
DEBUG: Scraped from <200 https://www.waitrose.com/ecom/shop/browse/groceries/toiletries_health_and_beauty/hair_care/shampoo>
{'client': 'Waitrose', 'time': datetime.datetime(2020, 8, 27, 23, 31, 41, 437973), 'category': 'Shampoo', 'id': 'tPp809690-337194-337195', 'prod_name': 'Head & Shoulders 2in1 Itchy Scalp', 'waitrose_Qty': '450ml', 'waitrose_discounted_price': '£5.15', 'waitrose_offer_desc': None, 'waitrose_url': 'https://www.waitrose.com/ecom/shop/browse/groceries/toiletries_health_and_beauty/hair_care/shampoo', 'waitrose_rating': '5', 'waitrose_unit_price': '(£1.15/100ml)', 'waitrose_new_flag': None, 'waitrose_prod_name': 'Head & Shoulders 2in1 Itchy Scalp 450ml', 'images': []}
DEBUG: Scraped from <200 https://www.waitrose.com/ecom/shop/browse/groceries/toiletries_health_and_beauty/hair_care/shampoo>
{'client': 'Waitrose', 'time': datetime.datetime(2020, 8, 27, 23, 31, 41, 437973), 'category': 'Shampoo', 'id': 'tPp032765-16025-16026', 'prod_name': "L'Oréal kids shampoo berry strawberry", 'waitrose_Qty': '250ml', 'waitrose_discounted_price': '£2.00', 'waitrose_offer_desc': None, 'waitrose_url': 'https://www.waitrose.com/ecom/shop/browse/groceries/toiletries_health_and_beauty/hair_care/shampoo', 'waitrose_rating': None, 'waitrose_unit_price': '(80p/100ml)', 'waitrose_new_flag': None, 'waitrose_prod_name': "L'Oréal kids shampoo berry strawberry 250ml", 'images': []}
DEBUG: Scraped from <200 https://www.waitrose.com/ecom/shop/browse/groceries/toiletries_health_and_beauty/hair_care/shampoo>
{'client': 'Waitrose', 'time': datetime.datetime(2020, 8, 27, 23, 31, 41, 437973), 'category': 'Shampoo', 'id': 'tPp076232-38732-38733', 'prod_name': 'AOrganic Lavender Shampoo', 'waitrose_Qty': '325ml', 'waitrose_discounted_price': '£7.00', 'waitrose_offer_desc': None, 'waitrose_url': 'https://www.waitrose.com/ecom/shop/browse/groceries/toiletries_health_and_beauty/hair_care/shampoo', 'waitrose_rating': '3.8', 'waitrose_unit_price': '(£2.16/100ml)', 'waitrose_new_flag': None, 'waitrose_prod_name': 'AOrganic Lavender Shampoo 325ml', 'images': []}
DEBUG: Scraped from <200 https://www.waitrose.com/ecom/shop/browse/groceries/toiletries_health_and_beauty/hair_care/shampoo>
{'client': 'Waitrose', 'time': datetime.datetime(2020, 8, 27, 23, 31, 41, 437973), 'category': 'Shampoo', 'id': 'tPp724972-694185-694186', 'prod_name': 'Pantene 3in1 Repair & Protect', 'waitrose_Qty': '450ml', 'waitrose_discounted_price': '£3.75', 'waitrose_offer_desc': None, 'waitrose_url': 'https://www.waitrose.com/ecom/shop/browse/groceries/toiletries_health_and_beauty/hair_care/shampoo', 'waitrose_rating': None, 'waitrose_unit_price': '(83.3p/100ml)', 'waitrose_new_flag': None, 'waitrose_prod_name': 'Pantene 3in1 Repair & Protect 450ml', 'images': []}
DEBUG: Scraped from <200 https://www.waitrose.com/ecom/shop/browse/groceries/toiletries_health_and_beauty/hair_care/shampoo>
{'client': 'Waitrose', 'time': datetime.datetime(2020, 8, 27, 23, 31, 41, 437973), 'category': 'Shampoo', 'id': 'tPp810302-683828-683829', 'prod_name': 'Herbal Essences Deep Repair Shampoo', 'waitrose_Qty': '400ml', 'waitrose_discounted_price': '£4.50', 'waitrose_offer_desc': None, 'waitrose_url': 'https://www.waitrose.com/ecom/shop/browse/groceries/toiletries_health_and_beauty/hair_care/shampoo', 'waitrose_rating': None, 'waitrose_unit_price': '(£1.13/100ml)', 'waitrose_new_flag': None, 'waitrose_prod_name': 'Herbal Essences Deep Repair Shampoo 400ml', 'images': []}
DEBUG: Scraped from <200 https://www.waitrose.com/ecom/shop/browse/groceries/toiletries_health_and_beauty/hair_care/shampoo>
{'client': 'Waitrose', 'time': datetime.datetime(2020, 8, 27, 23, 31, 41, 437973), 'category': 'Shampoo', 'id': 'tPp426973-298983-298984', 'prod_name': 'Head & Shoulders 2in1 Apple Fresh', 'waitrose_Qty': '450ml', 'waitrose_discounted_price': '£5.00', 'waitrose_offer_desc': None, 'waitrose_url': 'https://www.waitrose.com/ecom/shop/browse/groceries/toiletries_health_and_beauty/hair_care/shampoo', 'waitrose_rating': None, 'waitrose_unit_price': '(£1.12/100ml)', 'waitrose_new_flag': None, 'waitrose_prod_name': 'Head & Shoulders 2in1 Apple Fresh 450ml', 'images': []}
DEBUG: Scraped from <200 https://www.waitrose.com/ecom/shop/browse/groceries/toiletries_health_and_beauty/hair_care/shampoo>
{'client': 'Waitrose', 'time': datetime.datetime(2020, 8, 27, 23, 31, 41, 437973), 'category': 'Shampoo', 'id': 'tPp480888-154495-154496', 'prod_name': 'Head & Shoulders Smooth Shampoo', 'waitrose_Qty': '500ml', 'waitrose_discounted_price': '£5.15', 'waitrose_offer_desc': None, 'waitrose_url': 'https://www.waitrose.com/ecom/shop/browse/groceries/toiletries_health_and_beauty/hair_care/shampoo', 'waitrose_rating': None, 'waitrose_unit_price': '(£1.03/100ml)', 'waitrose_new_flag': None, 'waitrose_prod_name': 'Head & Shoulders Smooth Shampoo 500ml', 'images': []}
DEBUG: Scraped from <200 https://www.waitrose.com/ecom/shop/browse/groceries/toiletries_health_and_beauty/hair_care/shampoo>
{'client': 'Waitrose', 'time': datetime.datetime(2020, 8, 27, 23, 31, 41, 437973), 'category': 'Shampoo', 'id': 'tPp527154-720165-720166', 'prod_name': 'Maui Moisture Hibiscus Water', 'waitrose_Qty': '385ml', 'waitrose_discounted_price': '£6.00', 'waitrose_offer_desc': 'Save 1/3.', 'waitrose_url': 'https://www.waitrose.com/ecom/shop/browse/groceries/toiletries_health_and_beauty/hair_care/shampoo', 'waitrose_rating': None, 'waitrose_unit_price': '(£1.56/100ml)', 'waitrose_new_flag': None, 'waitrose_prod_name': 'Maui Moisture Hibiscus Water 385ml', 'images': []}
DEBUG: Scraped from <200 https://www.waitrose.com/ecom/shop/browse/groceries/toiletries_health_and_beauty/hair_care/shampoo>
{'client': 'Waitrose', 'time': datetime.datetime(2020, 8, 27, 23, 31, 41, 437973), 'category': 'Shampoo', 'id': 'tPp829437-695831-695832', 'prod_name': 'Umberto Giannini Grow Long Shampoo', 'waitrose_Qty': '250ml', 'waitrose_discounted_price': '£8.00', 'waitrose_offer_desc': 'Mix & Match Add 3 for 2 Cheapest Item Free', 'waitrose_url': 'https://www.waitrose.com/ecom/shop/browse/groceries/toiletries_health_and_beauty/hair_care/shampoo', 'waitrose_rating': '5', 'waitrose_unit_price': '(£3.20/100ml)', 'waitrose_new_flag': None, 'waitrose_prod_name': 'Umberto Giannini Grow Long Shampoo 250ml', 'images': []}
DEBUG: Scraped from <200 https://www.waitrose.com/ecom/shop/browse/groceries/toiletries_health_and_beauty/hair_care/shampoo>
{'client': 'Waitrose', 'time': datetime.datetime(2020, 8, 27, 23, 31, 41, 437973), 'category': 'Shampoo', 'id': 'tPp703131-695681-695682', 'prod_name': 'Head & Shoulders Repair Shampoo', 'waitrose_Qty': '400ml', 'waitrose_discounted_price': '£3.33', 'waitrose_offer_desc': 'Save 1/3.', 'waitrose_url': 'https://www.waitrose.com/ecom/shop/browse/groceries/toiletries_health_and_beauty/hair_care/shampoo', 'waitrose_rating': '4', 'waitrose_unit_price': '(83.3p/100ml)', 'waitrose_new_flag': None, 'waitrose_prod_name': 'Head & Shoulders Repair Shampoo 400ml', 'images': []}
DEBUG: Scraped from <200 https://www.waitrose.com/ecom/shop/browse/groceries/toiletries_health_and_beauty/hair_care/shampoo>
{'client': 'Waitrose', 'time': datetime.datetime(2020, 8, 27, 23, 31, 41, 437973), 'category': 'Shampoo', 'id': 'tPp657930-695639-695640', 'prod_name': 'Noughty Pumped Up Shampoo', 'waitrose_Qty': '250ml', 'waitrose_discounted_price': '£4.66', 'waitrose_offer_desc': 'Save 1/3.', 'waitrose_url': 'https://www.waitrose.com/ecom/shop/browse/groceries/toiletries_health_and_beauty/hair_care/shampoo', 'waitrose_rating': '5', 'waitrose_unit_price': '(£1.87/100ml)', 'waitrose_new_flag': None, 'waitrose_prod_name': 'Noughty Pumped Up Shampoo 250ml', 'images': []}
DEBUG: Scraped from <200 https://www.waitrose.com/ecom/shop/browse/groceries/toiletries_health_and_beauty/hair_care/shampoo>
{'client': 'Waitrose', 'time': datetime.datetime(2020, 8, 27, 23, 31, 41, 437973), 'category': 'Shampoo', 'id': 'tPp702159-494964-494965', 'prod_name': 'DGJ Argan Oil Shampoo', 'waitrose_Qty': '250ml', 'waitrose_discounted_price': '£2.50', 'waitrose_offer_desc': 'Half Price.', 'waitrose_url': 'https://www.waitrose.com/ecom/shop/browse/groceries/toiletries_health_and_beauty/hair_care/shampoo', 'waitrose_rating': None, 'waitrose_unit_price': '(£1/100ml)', 'waitrose_new_flag': None, 'waitrose_prod_name': 'DGJ Argan Oil Shampoo 250ml', 'images': []}
DEBUG: Scraped from <200 https://www.waitrose.com/ecom/shop/browse/groceries/toiletries_health_and_beauty/hair_care/shampoo>
{'client': 'Waitrose', 'time': datetime.datetime(2020, 8, 27, 23, 31, 41, 437973), 'category': 'Shampoo', 'id': 'tPp816738-442231-442232', 'prod_name': 'SensSpa Nourishing Shampoo', 'waitrose_Qty': '250ml', 'waitrose_discounted_price': '£4.00', 'waitrose_offer_desc': 'Save 1/3.', 'waitrose_url': 'https://www.waitrose.com/ecom/shop/browse/groceries/toiletries_health_and_beauty/hair_care/shampoo', 'waitrose_rating': '2.6', 'waitrose_unit_price': '(£1.60/100ml)', 'waitrose_new_flag': None, 'waitrose_prod_name': 'SensSpa Nourishing Shampoo 250ml', 'images': []}
DEBUG: Scraped from <200 https://www.waitrose.com/ecom/shop/browse/groceries/toiletries_health_and_beauty/hair_care/shampoo>
{'client': 'Waitrose', 'time': datetime.datetime(2020, 8, 27, 23, 31, 41, 437973), 'category': 'Shampoo', 'id': 'tPp889100-330444-330445', 'prod_name': 'AOrganic Rosemary Shampoo', 'waitrose_Qty': '325ml', 'waitrose_discounted_price': '£7.00', 'waitrose_offer_desc': None, 'waitrose_url': 'https://www.waitrose.com/ecom/shop/browse/groceries/toiletries_health_and_beauty/hair_care/shampoo', 'waitrose_rating': '2.5', 'waitrose_unit_price': '(£2.16/100ml)', 'waitrose_new_flag': None, 'waitrose_prod_name': 'AOrganic Rosemary Shampoo 325ml', 'images': []}
DEBUG: Scraped from <200 https://www.waitrose.com/ecom/shop/browse/groceries/toiletries_health_and_beauty/hair_care/shampoo>
{'client': 'Waitrose', 'time': datetime.datetime(2020, 8, 27, 23, 31, 41, 437973), 'category': 'Shampoo', 'id': 'tPp407272-440973-440974', 'prod_name': 'Richard Ward Chelsea Cleanse & Condition', 'waitrose_Qty': '250ml', 'waitrose_discounted_price': '£6.00', 'waitrose_offer_desc': None, 'waitrose_url': 'https://www.waitrose.com/ecom/shop/browse/groceries/toiletries_health_and_beauty/hair_care/shampoo', 'waitrose_rating': '3.7', 'waitrose_unit_price': '(£2.40/100ml)', 'waitrose_new_flag': None, 'waitrose_prod_name': 'Richard Ward Chelsea Cleanse & Condition 250ml', 'images': []}
DEBUG: Scraped from <200 https://www.waitrose.com/ecom/shop/browse/groceries/toiletries_health_and_beauty/hair_care/shampoo>
{'client': 'Waitrose', 'time': datetime.datetime(2020, 8, 27, 23, 31, 41, 437973), 'category': 'Shampoo', 'id': 'tPp694392-98595-98596', 'prod_name': 'Head & Shoulders Shampoo Cool Menthol', 'waitrose_Qty': '500ml', 'waitrose_discounted_price': '£5.15', 'waitrose_offer_desc': None, 'waitrose_url': 'https://www.waitrose.com/ecom/shop/browse/groceries/toiletries_health_and_beauty/hair_care/shampoo', 'waitrose_rating': None, 'waitrose_unit_price': '(£1.03/100ml)', 'waitrose_new_flag': None, 'waitrose_prod_name': 'Head & Shoulders Shampoo Cool Menthol 500ml', 'images': []}
DEBUG: Scraped from <200 https://www.waitrose.com/ecom/shop/browse/groceries/toiletries_health_and_beauty/hair_care/shampoo>
{'client': 'Waitrose', 'time': datetime.datetime(2020, 8, 27, 23, 31, 41, 437973), 'category': 'Shampoo', 'id': 'tPp714629-729752-729753', 'prod_name': 'OGX Keratin Oil Shampoo', 'waitrose_Qty': '385ml', 'waitrose_discounted_price': '£7.00', 'waitrose_offer_desc': None, 'waitrose_url': 'https://www.waitrose.com/ecom/shop/browse/groceries/toiletries_health_and_beauty/hair_care/shampoo', 'waitrose_rating': None, 'waitrose_unit_price': '(£1.82/100ml)', 'waitrose_new_flag': 'NEW', 'waitrose_prod_name': 'OGX Keratin Oil Shampoo 385ml', 'images': []}
DEBUG: Scraped from <200 https://www.waitrose.com/ecom/shop/browse/groceries/toiletries_health_and_beauty/hair_care/shampoo>
{'client': 'Waitrose', 'time': datetime.datetime(2020, 8, 27, 23, 31, 41, 437973), 'category': 'Shampoo', 'id': 'tPp492090-729670-729671', 'prod_name': 'Percy & Reed Volumising Shampoo', 'waitrose_Qty': '250ml', 'waitrose_discounted_price': '£18.00', 'waitrose_offer_desc': None, 'waitrose_url': 'https://www.waitrose.com/ecom/shop/browse/groceries/toiletries_health_and_beauty/hair_care/shampoo', 'waitrose_rating': None, 'waitrose_unit_price': '(£7.20/100ml)', 'waitrose_new_flag': 'NEW', 'waitrose_prod_name': 'Percy & Reed Volumising Shampoo 250ml', 'images': []}
DEBUG: Scraped from <200 https://www.waitrose.com/ecom/shop/browse/groceries/toiletries_health_and_beauty/hair_care/shampoo>
{'client': 'Waitrose', 'time': datetime.datetime(2020, 8, 27, 23, 31, 41, 437973), 'category': 'Shampoo', 'id': 'tPp863078-695988-695989', 'prod_name': 'Pantene Hair Biology Full & Vibrant', 'waitrose_Qty': '250ml', 'waitrose_discounted_price': '£4.50', 'waitrose_offer_desc': None, 'waitrose_url': 'https://www.waitrose.com/ecom/shop/browse/groceries/toiletries_health_and_beauty/hair_care/shampoo', 'waitrose_rating': None, 'waitrose_unit_price': '(£1.80/100ml)', 'waitrose_new_flag': None, 'waitrose_prod_name': 'Pantene Hair Biology Full & Vibrant 250ml', 'images': []}
DEBUG: Scraped from <200 https://www.waitrose.com/ecom/shop/browse/groceries/toiletries_health_and_beauty/hair_care/shampoo>
{'client': 'Waitrose', 'time': datetime.datetime(2020, 8, 27, 23, 31, 41, 437973), 'category': 'Shampoo', 'id': 'tPp861587-154949-154950', 'prod_name': 'Batiste dark & deep brown dry shampoo', 'waitrose_Qty': '200ml', 'waitrose_discounted_price': '£4.00', 'waitrose_offer_desc': None, 'waitrose_url': 'https://www.waitrose.com/ecom/shop/browse/groceries/toiletries_health_and_beauty/hair_care/shampoo', 'waitrose_rating': None, 'waitrose_unit_price': '(£2/100ml)', 'waitrose_new_flag': None, 'waitrose_prod_name': 'Batiste dark & deep brown dry shampoo 200ml', 'images': []}
DEBUG: Scraped from <200 https://www.waitrose.com/ecom/shop/browse/groceries/toiletries_health_and_beauty/hair_care/shampoo>
{'client': 'Waitrose', 'time': datetime.datetime(2020, 8, 27, 23, 31, 41, 437973), 'category': 'Shampoo', 'id': 'tPp027940-13599-13600', 'prod_name': 'Avalon Organics lemon shampoo', 'waitrose_Qty': '325ml', 'waitrose_discounted_price': '£7.00', 'waitrose_offer_desc': None, 'waitrose_url': 'https://www.waitrose.com/ecom/shop/browse/groceries/toiletries_health_and_beauty/hair_care/shampoo', 'waitrose_rating': '3.6', 'waitrose_unit_price': '(£2.16/100ml)', 'waitrose_new_flag': None, 'waitrose_prod_name': 'Avalon Organics lemon shampoo 325ml', 'images': []}
DEBUG: Scraped from <200 https://www.waitrose.com/ecom/shop/browse/groceries/toiletries_health_and_beauty/hair_care/shampoo>
{'client': 'Waitrose', 'time': datetime.datetime(2020, 8, 27, 23, 31, 41, 437973), 'category': 'Shampoo', 'id': 'tPp547359-720175-720176', 'prod_name': 'Maui Moisture Bamboo Shampoo', 'waitrose_Qty': '385ml', 'waitrose_discounted_price': '£6.00', 'waitrose_offer_desc': 'Save 1/3.', 'waitrose_url': 'https://www.waitrose.com/ecom/shop/browse/groceries/toiletries_health_and_beauty/hair_care/shampoo', 'waitrose_rating': '5', 'waitrose_unit_price': '(£1.56/100ml)', 'waitrose_new_flag': None, 'waitrose_prod_name': 'Maui Moisture Bamboo Shampoo 385ml', 'images': []}
DEBUG: Scraped from <200 https://www.waitrose.com/ecom/shop/browse/groceries/toiletries_health_and_beauty/hair_care/shampoo>
{'client': 'Waitrose', 'time': datetime.datetime(2020, 8, 27, 23, 31, 41, 437973), 'category': 'Shampoo', 'id': 'tPp645178-695617-695618', 'prod_name': 'John Frieda Shampoo Weightless Wonder', 'waitrose_Qty': '250ml', 'waitrose_discounted_price': '£3.99', 'waitrose_offer_desc': 'Save 1/3.', 'waitrose_url': 'https://www.waitrose.com/ecom/shop/browse/groceries/toiletries_health_and_beauty/hair_care/shampoo', 'waitrose_rating': '4.6', 'waitrose_unit_price': '(£1.60/100ml)', 'waitrose_new_flag': None, 'waitrose_prod_name': 'John Frieda Shampoo Weightless Wonder 250ml', 'images': []}
DEBUG: Scraped from <200 https://www.waitrose.com/ecom/shop/browse/groceries/toiletries_health_and_beauty/hair_care/shampoo>
{'client': 'Waitrose', 'time': datetime.datetime(2020, 8, 27, 23, 31, 41, 437973), 'category': 'Shampoo', 'id': 'tPp453160-695433-695434', 'prod_name': 'Argan+ Long & Strong Shampoo', 'waitrose_Qty': '300ml', 'waitrose_discounted_price': '£4.00', 'waitrose_offer_desc': 'Save 1/3.', 'waitrose_url': 'https://www.waitrose.com/ecom/shop/browse/groceries/toiletries_health_and_beauty/hair_care/shampoo', 'waitrose_rating': None, 'waitrose_unit_price': '(£1.34/100ml)', 'waitrose_new_flag': None, 'waitrose_prod_name': 'Argan+ Long & Strong Shampoo 300ml', 'images': []}
DEBUG: Scraped from <200 https://www.waitrose.com/ecom/shop/browse/groceries/toiletries_health_and_beauty/hair_care/shampoo>
{'client': 'Waitrose', 'time': datetime.datetime(2020, 8, 27, 23, 31, 41, 437973), 'category': 'Shampoo', 'id': 'tPp725372-631511-631512', 'prod_name': 'Hask Moni Coconut Oil Shampoo', 'waitrose_Qty': '355ml', 'waitrose_discounted_price': '£4.66', 'waitrose_offer_desc': 'Save 1/3.', 'waitrose_url': 'https://www.waitrose.com/ecom/shop/browse/groceries/toiletries_health_and_beauty/hair_care/shampoo', 'waitrose_rating': None, 'waitrose_unit_price': '(£1.32/100ml)', 'waitrose_new_flag': None, 'waitrose_prod_name': 'Hask Moni Coconut Oil Shampoo 355ml', 'images': []}
DEBUG: Scraped from <200 https://www.waitrose.com/ecom/shop/browse/groceries/toiletries_health_and_beauty/hair_care/shampoo>
{'client': 'Waitrose', 'time': datetime.datetime(2020, 8, 27, 23, 31, 41, 437973), 'category': 'Shampoo', 'id': 'tPp492466-631281-631282', 'prod_name': 'Hask Keratin Protein Smoothing Shampoo', 'waitrose_Qty': '355ml', 'waitrose_discounted_price': '£4.66', 'waitrose_offer_desc': 'Save 1/3.', 'waitrose_url': 'https://www.waitrose.com/ecom/shop/browse/groceries/toiletries_health_and_beauty/hair_care/shampoo', 'waitrose_rating': None, 'waitrose_unit_price': '(£1.32/100ml)', 'waitrose_new_flag': None, 'waitrose_prod_name': 'Hask Keratin Protein Smoothing Shampoo 355ml', 'images': []}
DEBUG: Scraped from <200 https://www.waitrose.com/ecom/shop/browse/groceries/toiletries_health_and_beauty/hair_care/shampoo>
{'client': 'Waitrose', 'time': datetime.datetime(2020, 8, 27, 23, 31, 41, 437973), 'category': 'Shampoo', 'id': 'tPp833802-337290-337291', 'prod_name': 'Aussie Miracle Moist Spray', 'waitrose_Qty': '250ml', 'waitrose_discounted_price': '£2.57', 'waitrose_offer_desc': 'Half Price.', 'waitrose_url': 'https://www.waitrose.com/ecom/shop/browse/groceries/toiletries_health_and_beauty/hair_care/shampoo', 'waitrose_rating': None, 'waitrose_unit_price': '(£1.03/100ml)', 'waitrose_new_flag': None, 'waitrose_prod_name': 'Aussie Miracle Moist Spray 250ml', 'images': []}
DEBUG: Scraped from <200 https://www.waitrose.com/ecom/shop/browse/groceries/toiletries_health_and_beauty/hair_care/shampoo>
{'client': 'Waitrose', 'time': datetime.datetime(2020, 8, 27, 23, 31, 41, 437973), 'category': 'Shampoo', 'id': 'tPp808436-720325-720326', 'prod_name': 'Hask Biotin Boost Shampoo', 'waitrose_Qty': '355ml', 'waitrose_discounted_price': '£4.66', 'waitrose_offer_desc': 'Save 1/3.', 'waitrose_url': 'https://www.waitrose.com/ecom/shop/browse/groceries/toiletries_health_and_beauty/hair_care/shampoo', 'waitrose_rating': None, 'waitrose_unit_price': '(£1.32/100ml)', 'waitrose_new_flag': None, 'waitrose_prod_name': 'Hask Biotin Boost Shampoo 355ml', 'images': []}
DEBUG: Scraped from <200 https://www.waitrose.com/ecom/shop/browse/groceries/toiletries_health_and_beauty/hair_care/shampoo>
{'client': 'Waitrose', 'time': datetime.datetime(2020, 8, 27, 23, 31, 41, 437973), 'category': 'Shampoo', 'id': 'tPp888765-695909-695910', 'prod_name': 'Umberto Giannini Curl Jelly Wash', 'waitrose_Qty': '250ml', 'waitrose_discounted_price': '£8.00', 'waitrose_offer_desc': 'Mix & Match Add 3 for 2 Cheapest Item Free', 'waitrose_url': 'https://www.waitrose.com/ecom/shop/browse/groceries/toiletries_health_and_beauty/hair_care/shampoo', 'waitrose_rating': '2.5', 'waitrose_unit_price': '(£3.20/100ml)', 'waitrose_new_flag': None, 'waitrose_prod_name': 'Umberto Giannini Curl Jelly Wash 250ml', 'images': []}
DEBUG: Scraped from <200 https://www.waitrose.com/ecom/shop/browse/groceries/toiletries_health_and_beauty/hair_care/shampoo>
{'client': 'Waitrose', 'time': datetime.datetime(2020, 8, 27, 23, 31, 41, 437973), 'category': 'Shampoo', 'id': 'tPp649492-695625-695626', 'prod_name': 'Vosene Kids 2in1 Melon Shampoo', 'waitrose_Qty': '250ml', 'waitrose_discounted_price': '£1.33', 'waitrose_offer_desc': 'Save 1/3.', 'waitrose_url': 'https://www.waitrose.com/ecom/shop/browse/groceries/toiletries_health_and_beauty/hair_care/shampoo', 'waitrose_rating': None, 'waitrose_unit_price': '(53.2p/100ml)', 'waitrose_new_flag': None, 'waitrose_prod_name': 'Vosene Kids 2in1 Melon Shampoo 250ml', 'images': []}
DEBUG: Scraped from <200 https://www.waitrose.com/ecom/shop/browse/groceries/toiletries_health_and_beauty/hair_care/shampoo>
{'client': 'Waitrose', 'time': datetime.datetime(2020, 8, 27, 23, 31, 41, 437973), 'category': 'Shampoo', 'id': 'tPp631829-695597-695598', 'prod_name': 'Noughty Detox Dynamo Shampoo', 'waitrose_Qty': '250ml', 'waitrose_discounted_price': '£4.66', 'waitrose_offer_desc': 'Save 1/3.', 'waitrose_url': 'https://www.waitrose.com/ecom/shop/browse/groceries/toiletries_health_and_beauty/hair_care/shampoo', 'waitrose_rating': None, 'waitrose_unit_price': '(£1.87/100ml)', 'waitrose_new_flag': None, 'waitrose_prod_name': 'Noughty Detox Dynamo Shampoo 250ml', 'images': []}
DEBUG: Scraped from <200 https://www.waitrose.com/ecom/shop/browse/groceries/toiletries_health_and_beauty/hair_care/shampoo>
{'client': 'Waitrose', 'time': datetime.datetime(2020, 8, 27, 23, 31, 41, 437973), 'category': 'Shampoo', 'id': 'tPp603087-695555-695556', 'prod_name': 'Noughty Colour Bomb Shampoo', 'waitrose_Qty': '250ml', 'waitrose_discounted_price': '£4.66', 'waitrose_offer_desc': 'Save 1/3.', 'waitrose_url': 'https://www.waitrose.com/ecom/shop/browse/groceries/toiletries_health_and_beauty/hair_care/shampoo', 'waitrose_rating': '3', 'waitrose_unit_price': '(£1.87/100ml)', 'waitrose_new_flag': None, 'waitrose_prod_name': 'Noughty Colour Bomb Shampoo 250ml', 'images': []}
DEBUG: Scraped from <200 https://www.waitrose.com/ecom/shop/browse/groceries/toiletries_health_and_beauty/hair_care/shampoo>
{'client': 'Waitrose', 'time': datetime.datetime(2020, 8, 27, 23, 31, 41, 437973), 'category': 'Shampoo', 'id': 'tPp755186-495024-495025', 'prod_name': 'DGJ Colour Save Shampoo', 'waitrose_Qty': '250ml', 'waitrose_discounted_price': '£2.50', 'waitrose_offer_desc': 'Half Price.', 'waitrose_url': 'https://www.waitrose.com/ecom/shop/browse/groceries/toiletries_health_and_beauty/hair_care/shampoo', 'waitrose_rating': None, 'waitrose_unit_price': '(£1/100ml)', 'waitrose_new_flag': None, 'waitrose_prod_name': 'DGJ Colour Save Shampoo 250ml', 'images': []}
DEBUG: Scraped from <200 https://www.waitrose.com/ecom/shop/browse/groceries/toiletries_health_and_beauty/hair_care/shampoo>
{'client': 'Waitrose', 'time': datetime.datetime(2020, 8, 27, 23, 31, 41, 437973), 'category': 'Shampoo', 'id': 'tPp807825-473364-473365', 'prod_name': 'SenSpa Deep Cleanse Shampoo', 'waitrose_Qty': '250ml', 'waitrose_discounted_price': '£4.00', 'waitrose_offer_desc': 'Save 1/3.', 'waitrose_url': 'https://www.waitrose.com/ecom/shop/browse/groceries/toiletries_health_and_beauty/hair_care/shampoo', 'waitrose_rating': '3.7', 'waitrose_unit_price': '(£1.60/100ml)', 'waitrose_new_flag': None, 'waitrose_prod_name': 'SenSpa Deep Cleanse Shampoo 250ml', 'images': []}
DEBUG: Scraped from <200 https://www.waitrose.com/ecom/shop/browse/groceries/toiletries_health_and_beauty/hair_care/shampoo>
{'client': 'Waitrose', 'time': datetime.datetime(2020, 8, 27, 23, 31, 41, 437973), 'category': 'Shampoo', 'id': 'tPp686838-346630-346631', 'prod_name': 'Richard Ward argan antiageing shampoo', 'waitrose_Qty': '250ml', 'waitrose_discounted_price': '£6.00', 'waitrose_offer_desc': None, 'waitrose_url': 'https://www.waitrose.com/ecom/shop/browse/groceries/toiletries_health_and_beauty/hair_care/shampoo', 'waitrose_rating': '4.1', 'waitrose_unit_price': '(£2.40/100ml)', 'waitrose_new_flag': None, 'waitrose_prod_name': 'Richard Ward argan antiageing shampoo 250ml', 'images': []}
DEBUG: Scraped from <200 https://www.waitrose.com/ecom/shop/browse/groceries/toiletries_health_and_beauty/hair_care/shampoo>
{'client': 'Waitrose', 'time': datetime.datetime(2020, 8, 27, 23, 31, 41, 437973), 'category': 'Shampoo', 'id': 'tPp834106-299691-299692', 'prod_name': 'Head & Shoulders 2in1 smooth & silky', 'waitrose_Qty': '450ml', 'waitrose_discounted_price': '£5.00', 'waitrose_offer_desc': None, 'waitrose_url': 'https://www.waitrose.com/ecom/shop/browse/groceries/toiletries_health_and_beauty/hair_care/shampoo', 'waitrose_rating': None, 'waitrose_unit_price': '(£1.12/100ml)', 'waitrose_new_flag': None, 'waitrose_prod_name': 'Head & Shoulders 2in1 smooth & silky 450ml', 'images': []}
DEBUG: Scraped from <200 https://www.waitrose.com/ecom/shop/browse/groceries/toiletries_health_and_beauty/hair_care/shampoo>
{'client': 'Waitrose', 'time': datetime.datetime(2020, 8, 27, 23, 31, 41, 437973), 'category': 'Shampoo', 'id': 'tPp836383-271490-271491', 'prod_name': 'Head & Shoulders 2in1 citrus care', 'waitrose_Qty': '450ml', 'waitrose_discounted_price': '£5.15', 'waitrose_offer_desc': None, 'waitrose_url': 'https://www.waitrose.com/ecom/shop/browse/groceries/toiletries_health_and_beauty/hair_care/shampoo', 'waitrose_rating': None, 'waitrose_unit_price': '(£1.15/100ml)', 'waitrose_new_flag': None, 'waitrose_prod_name': 'Head & Shoulders 2in1 citrus care 450ml', 'images': []}
DEBUG: Scraped from <200 https://www.waitrose.com/ecom/shop/browse/groceries/toiletries_health_and_beauty/hair_care/shampoo>
{'client': 'Waitrose', 'time': datetime.datetime(2020, 8, 27, 23, 31, 41, 437973), 'category': 'Shampoo', 'id': 'tPp812614-707138-707139', 'prod_name': 'Beco Spring Meadow Shampoo Bar', 'waitrose_Qty': '90g', 'waitrose_discounted_price': '£4.00', 'waitrose_offer_desc': None, 'waitrose_url': 'https://www.waitrose.com/ecom/shop/browse/groceries/toiletries_health_and_beauty/hair_care/shampoo', 'waitrose_rating': '3.3', 'waitrose_unit_price': '(£4.45/100g)', 'waitrose_new_flag': None, 'waitrose_prod_name': 'Beco Spring Meadow Shampoo Bar 90g', 'images': []}
DEBUG: Scraped from <200 https://www.waitrose.com/ecom/shop/browse/groceries/toiletries_health_and_beauty/hair_care/shampoo>
{'client': 'Waitrose', 'time': datetime.datetime(2020, 8, 27, 23, 31, 41, 437973), 'category': 'Shampoo', 'id': 'tPp567427-683666-683667', 'prod_name': 'Ogx Charcoal Detox Shampoo', 'waitrose_Qty': '385ml', 'waitrose_discounted_price': '£7.00', 'waitrose_offer_desc': None, 'waitrose_url': 'https://www.waitrose.com/ecom/shop/browse/groceries/toiletries_health_and_beauty/hair_care/shampoo', 'waitrose_rating': None, 'waitrose_unit_price': '(£1.82/100ml)', 'waitrose_new_flag': None, 'waitrose_prod_name': 'Ogx Charcoal Detox Shampoo 385ml', 'images': []}
DEBUG: Scraped from <200 https://www.waitrose.com/ecom/shop/browse/groceries/toiletries_health_and_beauty/hair_care/shampoo>
{'client': 'Waitrose', 'time': datetime.datetime(2020, 8, 27, 23, 31, 41, 437973), 'category': 'Shampoo', 'id': 'tPp803275-329016-329017', 'prod_name': 'AOrganic Peppermint Shampoo', 'waitrose_Qty': '325ml', 'waitrose_discounted_price': '£7.00', 'waitrose_offer_desc': None, 'waitrose_url': 'https://www.waitrose.com/ecom/shop/browse/groceries/toiletries_health_and_beauty/hair_care/shampoo', 'waitrose_rating': None, 'waitrose_unit_price': '(£2.16/100ml)', 'waitrose_new_flag': None, 'waitrose_prod_name': 'AOrganic Peppermint Shampoo 325ml', 'images': []}
DEBUG: Scraped from <200 https://www.waitrose.com/ecom/shop/browse/groceries/toiletries_health_and_beauty/hair_care/shampoo>
{'client': 'Waitrose', 'time': datetime.datetime(2020, 8, 27, 23, 31, 41, 437973), 'category': 'Shampoo', 'id': 'tPp567481-719558-719559', 'prod_name': 'Fit Kit Gentle Shampoo &Conditioner', 'waitrose_Qty': '200ml', 'waitrose_discounted_price': '£3.99', 'waitrose_offer_desc': None, 'waitrose_url': 'https://www.waitrose.com/ecom/shop/browse/groceries/toiletries_health_and_beauty/hair_care/shampoo', 'waitrose_rating': '5', 'waitrose_unit_price': '(£2/100ml)', 'waitrose_new_flag': None, 'waitrose_prod_name': 'Fit Kit Gentle Shampoo &Conditioner 200ml', 'images': []}
DEBUG: Scraped from <200 https://www.waitrose.com/ecom/shop/browse/groceries/toiletries_health_and_beauty/hair_care/shampoo>
{'client': 'Waitrose', 'time': datetime.datetime(2020, 8, 27, 23, 31, 41, 437973), 'category': 'Shampoo', 'id': 'tPp567431-729696-729697', 'prod_name': 'Batiste Dry Shampoo for Blondes', 'waitrose_Qty': '200ml', 'waitrose_discounted_price': '£4.00', 'waitrose_offer_desc': None, 'waitrose_url': 'https://www.waitrose.com/ecom/shop/browse/groceries/toiletries_health_and_beauty/hair_care/shampoo', 'waitrose_rating': None, 'waitrose_unit_price': '(£2/100ml)', 'waitrose_new_flag': 'NEW', 'waitrose_prod_name': 'Batiste Dry Shampoo for Blondes 200ml', 'images': []}
DEBUG: Scraped from <200 https://www.waitrose.com/ecom/shop/browse/groceries/toiletries_health_and_beauty/hair_care/shampoo>
{'client': 'Waitrose', 'time': datetime.datetime(2020, 8, 27, 23, 31, 41, 437973), 'category': 'Shampoo', 'id': 'tPp405353-729640-729641', 'prod_name': 'Percy & Reed No-Fuss Dry Shampoo', 'waitrose_Qty': '200ml', 'waitrose_discounted_price': '£15.00', 'waitrose_offer_desc': None, 'waitrose_url': 'https://www.waitrose.com/ecom/shop/browse/groceries/toiletries_health_and_beauty/hair_care/shampoo', 'waitrose_rating': None, 'waitrose_unit_price': '(£7.50/100ml)', 'waitrose_new_flag': 'NEW', 'waitrose_prod_name': 'Percy & Reed No-Fuss Dry Shampoo 200ml', 'images': []}
DEBUG: Scraped from <200 https://www.waitrose.com/ecom/shop/browse/groceries/toiletries_health_and_beauty/hair_care/shampoo>
{'client': 'Waitrose', 'time': datetime.datetime(2020, 8, 27, 23, 31, 41, 437973), 'category': 'Shampoo', 'id': 'tPp484035-715885-715886', 'prod_name': "L'Oreal Elvive Oil Nourishing Shampoo", 'waitrose_Qty': '400ml', 'waitrose_discounted_price': '£3.75', 'waitrose_offer_desc': None, 'waitrose_url': 'https://www.waitrose.com/ecom/shop/browse/groceries/toiletries_health_and_beauty/hair_care/shampoo', 'waitrose_rating': None, 'waitrose_unit_price': '(93.8p/100ml)', 'waitrose_new_flag': None, 'waitrose_prod_name': "L'Oreal Elvive Oil Nourishing Shampoo 400ml", 'images': []}
DEBUG: Scraped from <200 https://www.waitrose.com/ecom/shop/browse/groceries/toiletries_health_and_beauty/hair_care/shampoo>
{'client': 'Waitrose', 'time': datetime.datetime(2020, 8, 27, 23, 31, 41, 437973), 'category': 'Shampoo', 'id': 'tPp855732-695986-695987', 'prod_name': 'Hair Biology De-Frizz Shampoo', 'waitrose_Qty': '250ml', 'waitrose_discounted_price': '£4.50', 'waitrose_offer_desc': None, 'waitrose_url': 'https://www.waitrose.com/ecom/shop/browse/groceries/toiletries_health_and_beauty/hair_care/shampoo', 'waitrose_rating': None, 'waitrose_unit_price': '(£1.80/100ml)', 'waitrose_new_flag': None, 'waitrose_prod_name': 'Hair Biology De-Frizz Shampoo 250ml', 'images': []}
DEBUG: Scraped from <200 https://www.waitrose.com/ecom/shop/browse/groceries/toiletries_health_and_beauty/hair_care/shampoo>
{'client': 'Waitrose', 'time': datetime.datetime(2020, 8, 27, 23, 31, 41, 437973), 'category': 'Shampoo', 'id': 'tPp581644-729702-729703', 'prod_name': 'Percy & Reed Hydrating Shampoo', 'waitrose_Qty': '250ml', 'waitrose_discounted_price': '£18.00', 'waitrose_offer_desc': None, 'waitrose_url': 'https://www.waitrose.com/ecom/shop/browse/groceries/toiletries_health_and_beauty/hair_care/shampoo', 'waitrose_rating': None, 'waitrose_unit_price': '(£7.20/100ml)', 'waitrose_new_flag': 'NEW', 'waitrose_prod_name': 'Percy & Reed Hydrating Shampoo 250ml', 'images': []}
DEBUG: Scraped from <200 https://www.waitrose.com/ecom/shop/browse/groceries/toiletries_health_and_beauty/hair_care/shampoo>
{'client': 'Waitrose', 'time': datetime.datetime(2020, 8, 27, 23, 31, 41, 437973), 'category': 'Shampoo', 'id': 'tPp711843-717497-717498', 'prod_name': "L'Oreal Elvive Colour Shampoo", 'waitrose_Qty': '400ml', 'waitrose_discounted_price': '£3.75', 'waitrose_offer_desc': None, 'waitrose_url': 'https://www.waitrose.com/ecom/shop/browse/groceries/toiletries_health_and_beauty/hair_care/shampoo', 'waitrose_rating': None, 'waitrose_unit_price': '(93.8p/100ml)', 'waitrose_new_flag': None, 'waitrose_prod_name': "L'Oreal Elvive Colour Shampoo 400ml", 'images': []}
DEBUG: Scraped from <200 https://www.waitrose.com/ecom/shop/browse/groceries/toiletries_health_and_beauty/hair_care/shampoo>
{'client': 'Waitrose', 'time': datetime.datetime(2020, 8, 27, 23, 31, 41, 437973), 'category': 'Shampoo', 'id': 'tPp734002-695705-695706', 'prod_name': 'Percy & Reed Wonder Wash Shampoo', 'waitrose_Qty': '250ml', 'waitrose_discounted_price': '£18.00', 'waitrose_offer_desc': None, 'waitrose_url': 'https://www.waitrose.com/ecom/shop/browse/groceries/toiletries_health_and_beauty/hair_care/shampoo', 'waitrose_rating': None, 'waitrose_unit_price': '(£7.20/100ml)', 'waitrose_new_flag': None, 'waitrose_prod_name': 'Percy & Reed Wonder Wash Shampoo 250ml', 'images': []}
DEBUG: Scraped from <200 https://www.waitrose.com/ecom/shop/browse/groceries/toiletries_health_and_beauty/hair_care/shampoo>
{'client': 'Waitrose', 'time': datetime.datetime(2020, 8, 27, 23, 31, 41, 437973), 'category': 'Shampoo', 'id': 'tPp591666-681031-681032', 'prod_name': 'Pure Grace Shower Gel', 'waitrose_Qty': '480ml', 'waitrose_discounted_price': '£19.50', 'waitrose_offer_desc': None, 'waitrose_url': 'https://www.waitrose.com/ecom/shop/browse/groceries/toiletries_health_and_beauty/hair_care/shampoo', 'waitrose_rating': None, 'waitrose_unit_price': '(£4.07/100ml)', 'waitrose_new_flag': None, 'waitrose_prod_name': 'Pure Grace Shower Gel 480ml', 'images': []}
DEBUG: Scraped from <200 https://www.waitrose.com/ecom/shop/browse/groceries/toiletries_health_and_beauty/hair_care/shampoo>
{'client': 'Waitrose', 'time': datetime.datetime(2020, 8, 27, 23, 31, 41, 437973), 'category': 'Shampoo', 'id': 'tPp401660-588303-588304', 'prod_name': 'Richard Ward Brunette Shampoo', 'waitrose_Qty': '250ml', 'waitrose_discounted_price': '£6.00', 'waitrose_offer_desc': None, 'waitrose_url': 'https://www.waitrose.com/ecom/shop/browse/groceries/toiletries_health_and_beauty/hair_care/shampoo', 'waitrose_rating': '5', 'waitrose_unit_price': '(£2.40/100ml)', 'waitrose_new_flag': None, 'waitrose_prod_name': 'Richard Ward Brunette Shampoo 250ml', 'images': []}
INFO: Closing spider (finished)
INFO: Stored json feed (140 items) in: waitrose_082720.json
INFO: Dumping Scrapy stats:
{'downloader/request_bytes': 2588,
 'downloader/request_count': 1,
 'downloader/request_method_count/POST': 1,
 'downloader/response_bytes': 1656826,
 'downloader/response_count': 1,
 'downloader/response_status_count/200': 1,
 'finish_reason': 'finished',
 'finish_time': datetime.datetime(2020, 8, 27, 18, 3, 31, 104444),
 'item_scraped_count': 140,
 'log_count/DEBUG': 141,
 'log_count/INFO': 11,
 'log_count/WARNING': 1,
 'response_received_count': 1,
 'scheduler/dequeued': 2,
 'scheduler/dequeued/memory': 2,
 'scheduler/enqueued': 2,
 'scheduler/enqueued/memory': 2,
 'splash/execute/request_count': 1,
 'splash/execute/response_count/200': 1,
 'start_time': datetime.datetime(2020, 8, 27, 18, 1, 41, 725012)}
INFO: Spider closed (finished)
INFO: Scrapy 1.6.0 started (bot: waitrose)
INFO: Versions: lxml 4.5.1.0, libxml2 2.9.10, cssselect 1.1.0, parsel 1.6.0, w3lib 1.22.0, Twisted 20.3.0, Python 3.7.7 (default, May  6 2020, 11:45:54) [MSC v.1916 64 bit (AMD64)], pyOpenSSL 19.1.0 (OpenSSL 1.1.1g  21 Apr 2020), cryptography 2.9.2, Platform Windows-10-10.0.18362-SP0
INFO: Overridden settings: {'BOT_NAME': 'waitrose', 'DOWNLOAD_TIMEOUT': 1200, 'DUPEFILTER_CLASS': 'scrapy_splash.SplashAwareDupeFilter', 'FEED_EXPORT_ENCODING': 'utf-8', 'FEED_FORMAT': 'json', 'FEED_URI': 'waitrose_082920.json', 'NEWSPIDER_MODULE': 'waitrose.spiders', 'SPIDER_MODULES': ['waitrose.spiders']}
INFO: Telnet Password: 55b65c01bc068e80
INFO: Enabled extensions:
['scrapy.extensions.corestats.CoreStats',
 'scrapy.extensions.telnet.TelnetConsole',
 'scrapy.extensions.feedexport.FeedExporter',
 'scrapy.extensions.logstats.LogStats']
INFO: Enabled downloader middlewares:
['scrapy.downloadermiddlewares.httpauth.HttpAuthMiddleware',
 'scrapy.downloadermiddlewares.downloadtimeout.DownloadTimeoutMiddleware',
 'scrapy.downloadermiddlewares.defaultheaders.DefaultHeadersMiddleware',
 'scrapy.downloadermiddlewares.useragent.UserAgentMiddleware',
 'scrapy.downloadermiddlewares.retry.RetryMiddleware',
 'scrapy.downloadermiddlewares.redirect.MetaRefreshMiddleware',
 'scrapy.downloadermiddlewares.redirect.RedirectMiddleware',
 'scrapy.downloadermiddlewares.cookies.CookiesMiddleware',
 'scrapy_splash.SplashCookiesMiddleware',
 'scrapy_splash.SplashMiddleware',
 'scrapy.downloadermiddlewares.httpproxy.HttpProxyMiddleware',
 'scrapy.downloadermiddlewares.httpcompression.HttpCompressionMiddleware',
 'scrapy.downloadermiddlewares.stats.DownloaderStats']
INFO: Enabled spider middlewares:
['scrapy.spidermiddlewares.httperror.HttpErrorMiddleware',
 'scrapy_splash.SplashDeduplicateArgsMiddleware',
 'scrapy.spidermiddlewares.offsite.OffsiteMiddleware',
 'scrapy.spidermiddlewares.referer.RefererMiddleware',
 'scrapy.spidermiddlewares.urllength.UrlLengthMiddleware',
 'scrapy.spidermiddlewares.depth.DepthMiddleware']
INFO: Enabled item pipelines:
['waitrose.pipelines.ImageDownloaderPipeline',
 'waitrose.pipelines.SQLlitePipeline']
INFO: Spider opened
INFO: Crawled 0 pages (at 0 pages/min), scraped 0 items (at 0 items/min)
WARNING: C:\Users\sujithk\AppData\Local\Continuum\anaconda3\envs\Virtual_Env\lib\site-packages\scrapy\spidermiddlewares\offsite.py:61: URLWarning: allowed_domains accepts only domains, not URLs. Ignoring URL entry https://www.waitrose.com/ in allowed_domains.
  warnings.warn(message, URLWarning)

INFO: Telnet console listening on 127.0.0.1:6023
DEBUG: Retrying <GET https://www.waitrose.com/ecom/shop/browse/groceries/toiletries_health_and_beauty/hair_care/shampoo via http://192.168.1.9:8050/execute> (failed 1 times): TCP connection timed out: 10060: A connection attempt failed because the connected party did not properly respond after a period of time, or established connection failed because connected host has failed to respond..
DEBUG: Retrying <GET https://www.waitrose.com/ecom/shop/browse/groceries/toiletries_health_and_beauty/hair_care/shampoo via http://192.168.1.9:8050/execute> (failed 2 times): TCP connection timed out: 10060: A connection attempt failed because the connected party did not properly respond after a period of time, or established connection failed because connected host has failed to respond..
INFO: Crawled 0 pages (at 0 pages/min), scraped 0 items (at 0 items/min)
DEBUG: Gave up retrying <GET https://www.waitrose.com/ecom/shop/browse/groceries/toiletries_health_and_beauty/hair_care/shampoo via http://192.168.1.9:8050/execute> (failed 3 times): TCP connection timed out: 10060: A connection attempt failed because the connected party did not properly respond after a period of time, or established connection failed because connected host has failed to respond..
ERROR: Error downloading <GET https://www.waitrose.com/ecom/shop/browse/groceries/toiletries_health_and_beauty/hair_care/shampoo via http://192.168.1.9:8050/execute>
Traceback (most recent call last):
  File "C:\Users\sujithk\AppData\Local\Continuum\anaconda3\envs\Virtual_Env\lib\site-packages\scrapy\core\downloader\middleware.py", line 43, in process_request
    defer.returnValue((yield download_func(request=request,spider=spider)))
twisted.internet.error.TCPTimedOutError: TCP connection timed out: 10060: A connection attempt failed because the connected party did not properly respond after a period of time, or established connection failed because connected host has failed to respond..
INFO: Closing spider (finished)
INFO: Dumping Scrapy stats:
{'downloader/exception_count': 3,
 'downloader/exception_type_count/twisted.internet.error.TCPTimedOutError': 3,
 'downloader/request_bytes': 7764,
 'downloader/request_count': 3,
 'downloader/request_method_count/POST': 3,
 'finish_reason': 'finished',
 'finish_time': datetime.datetime(2020, 8, 29, 12, 33, 28, 548480),
 'log_count/DEBUG': 3,
 'log_count/ERROR': 1,
 'log_count/INFO': 10,
 'log_count/WARNING': 1,
 'retry/count': 2,
 'retry/max_reached': 1,
 'retry/reason_count/twisted.internet.error.TCPTimedOutError': 2,
 'scheduler/dequeued': 4,
 'scheduler/dequeued/memory': 4,
 'scheduler/enqueued': 4,
 'scheduler/enqueued/memory': 4,
 'splash/execute/request_count': 1,
 'start_time': datetime.datetime(2020, 8, 29, 12, 32, 25, 288643)}
INFO: Spider closed (finished)
INFO: Scrapy 1.6.0 started (bot: waitrose)
INFO: Versions: lxml 4.5.1.0, libxml2 2.9.10, cssselect 1.1.0, parsel 1.6.0, w3lib 1.22.0, Twisted 20.3.0, Python 3.7.7 (default, May  6 2020, 11:45:54) [MSC v.1916 64 bit (AMD64)], pyOpenSSL 19.1.0 (OpenSSL 1.1.1g  21 Apr 2020), cryptography 2.9.2, Platform Windows-10-10.0.18362-SP0
INFO: Overridden settings: {'BOT_NAME': 'waitrose', 'DOWNLOAD_TIMEOUT': 1200, 'DUPEFILTER_CLASS': 'scrapy_splash.SplashAwareDupeFilter', 'FEED_EXPORT_ENCODING': 'utf-8', 'FEED_FORMAT': 'json', 'FEED_URI': 'waitrose_082920.json', 'NEWSPIDER_MODULE': 'waitrose.spiders', 'SPIDER_MODULES': ['waitrose.spiders']}
INFO: Telnet Password: 8dd99a51eb6b169e
INFO: Enabled extensions:
['scrapy.extensions.corestats.CoreStats',
 'scrapy.extensions.telnet.TelnetConsole',
 'scrapy.extensions.feedexport.FeedExporter',
 'scrapy.extensions.logstats.LogStats']
INFO: Enabled downloader middlewares:
['scrapy.downloadermiddlewares.httpauth.HttpAuthMiddleware',
 'scrapy.downloadermiddlewares.downloadtimeout.DownloadTimeoutMiddleware',
 'scrapy.downloadermiddlewares.defaultheaders.DefaultHeadersMiddleware',
 'scrapy.downloadermiddlewares.useragent.UserAgentMiddleware',
 'scrapy.downloadermiddlewares.retry.RetryMiddleware',
 'scrapy.downloadermiddlewares.redirect.MetaRefreshMiddleware',
 'scrapy.downloadermiddlewares.redirect.RedirectMiddleware',
 'scrapy.downloadermiddlewares.cookies.CookiesMiddleware',
 'scrapy_splash.SplashCookiesMiddleware',
 'scrapy_splash.SplashMiddleware',
 'scrapy.downloadermiddlewares.httpproxy.HttpProxyMiddleware',
 'scrapy.downloadermiddlewares.httpcompression.HttpCompressionMiddleware',
 'scrapy.downloadermiddlewares.stats.DownloaderStats']
INFO: Enabled spider middlewares:
['scrapy.spidermiddlewares.httperror.HttpErrorMiddleware',
 'scrapy_splash.SplashDeduplicateArgsMiddleware',
 'scrapy.spidermiddlewares.offsite.OffsiteMiddleware',
 'scrapy.spidermiddlewares.referer.RefererMiddleware',
 'scrapy.spidermiddlewares.urllength.UrlLengthMiddleware',
 'scrapy.spidermiddlewares.depth.DepthMiddleware']
INFO: Enabled item pipelines:
['waitrose.pipelines.ImageDownloaderPipeline',
 'waitrose.pipelines.SQLlitePipeline']
INFO: Spider opened
INFO: Crawled 0 pages (at 0 pages/min), scraped 0 items (at 0 items/min)
WARNING: C:\Users\sujithk\AppData\Local\Continuum\anaconda3\envs\Virtual_Env\lib\site-packages\scrapy\spidermiddlewares\offsite.py:61: URLWarning: allowed_domains accepts only domains, not URLs. Ignoring URL entry https://www.waitrose.com/ in allowed_domains.
  warnings.warn(message, URLWarning)

INFO: Telnet console listening on 127.0.0.1:6026
DEBUG: Retrying <GET https://www.waitrose.com/ecom/shop/browse/groceries/toiletries_health_and_beauty/hair_care/shampoo via http://192.168.1.9:8050/execute> (failed 1 times): TCP connection timed out: 10060: A connection attempt failed because the connected party did not properly respond after a period of time, or established connection failed because connected host has failed to respond..
DEBUG: Retrying <GET https://www.waitrose.com/ecom/shop/browse/groceries/toiletries_health_and_beauty/hair_care/shampoo via http://192.168.1.9:8050/execute> (failed 2 times): TCP connection timed out: 10060: A connection attempt failed because the connected party did not properly respond after a period of time, or established connection failed because connected host has failed to respond..
INFO: Crawled 0 pages (at 0 pages/min), scraped 0 items (at 0 items/min)
DEBUG: Gave up retrying <GET https://www.waitrose.com/ecom/shop/browse/groceries/toiletries_health_and_beauty/hair_care/shampoo via http://192.168.1.9:8050/execute> (failed 3 times): TCP connection timed out: 10060: A connection attempt failed because the connected party did not properly respond after a period of time, or established connection failed because connected host has failed to respond..
ERROR: Error downloading <GET https://www.waitrose.com/ecom/shop/browse/groceries/toiletries_health_and_beauty/hair_care/shampoo via http://192.168.1.9:8050/execute>
Traceback (most recent call last):
  File "C:\Users\sujithk\AppData\Local\Continuum\anaconda3\envs\Virtual_Env\lib\site-packages\scrapy\core\downloader\middleware.py", line 43, in process_request
    defer.returnValue((yield download_func(request=request,spider=spider)))
twisted.internet.error.TCPTimedOutError: TCP connection timed out: 10060: A connection attempt failed because the connected party did not properly respond after a period of time, or established connection failed because connected host has failed to respond..
INFO: Closing spider (finished)
INFO: Dumping Scrapy stats:
{'downloader/exception_count': 3,
 'downloader/exception_type_count/twisted.internet.error.TCPTimedOutError': 3,
 'downloader/request_bytes': 7764,
 'downloader/request_count': 3,
 'downloader/request_method_count/POST': 3,
 'finish_reason': 'finished',
 'finish_time': datetime.datetime(2020, 8, 29, 12, 36, 13, 77409),
 'log_count/DEBUG': 3,
 'log_count/ERROR': 1,
 'log_count/INFO': 10,
 'log_count/WARNING': 1,
 'retry/count': 2,
 'retry/max_reached': 1,
 'retry/reason_count/twisted.internet.error.TCPTimedOutError': 2,
 'scheduler/dequeued': 4,
 'scheduler/dequeued/memory': 4,
 'scheduler/enqueued': 4,
 'scheduler/enqueued/memory': 4,
 'splash/execute/request_count': 1,
 'start_time': datetime.datetime(2020, 8, 29, 12, 35, 9, 808223)}
INFO: Spider closed (finished)
INFO: Scrapy 1.6.0 started (bot: waitrose)
INFO: Versions: lxml 4.5.1.0, libxml2 2.9.10, cssselect 1.1.0, parsel 1.6.0, w3lib 1.22.0, Twisted 20.3.0, Python 3.7.7 (default, May  6 2020, 11:45:54) [MSC v.1916 64 bit (AMD64)], pyOpenSSL 19.1.0 (OpenSSL 1.1.1g  21 Apr 2020), cryptography 2.9.2, Platform Windows-10-10.0.18362-SP0
INFO: Overridden settings: {'BOT_NAME': 'waitrose', 'DOWNLOAD_TIMEOUT': 1200, 'DUPEFILTER_CLASS': 'scrapy_splash.SplashAwareDupeFilter', 'FEED_EXPORT_ENCODING': 'utf-8', 'FEED_FORMAT': 'json', 'FEED_URI': 'waitrose_082920.json', 'NEWSPIDER_MODULE': 'waitrose.spiders', 'SPIDER_MODULES': ['waitrose.spiders']}
INFO: Telnet Password: 53fc0bc67b32f5fd
INFO: Enabled extensions:
['scrapy.extensions.corestats.CoreStats',
 'scrapy.extensions.telnet.TelnetConsole',
 'scrapy.extensions.feedexport.FeedExporter',
 'scrapy.extensions.logstats.LogStats']
INFO: Enabled downloader middlewares:
['scrapy.downloadermiddlewares.httpauth.HttpAuthMiddleware',
 'scrapy.downloadermiddlewares.downloadtimeout.DownloadTimeoutMiddleware',
 'scrapy.downloadermiddlewares.defaultheaders.DefaultHeadersMiddleware',
 'scrapy.downloadermiddlewares.useragent.UserAgentMiddleware',
 'scrapy.downloadermiddlewares.retry.RetryMiddleware',
 'scrapy.downloadermiddlewares.redirect.MetaRefreshMiddleware',
 'scrapy.downloadermiddlewares.redirect.RedirectMiddleware',
 'scrapy.downloadermiddlewares.cookies.CookiesMiddleware',
 'scrapy_splash.SplashCookiesMiddleware',
 'scrapy_splash.SplashMiddleware',
 'scrapy.downloadermiddlewares.httpproxy.HttpProxyMiddleware',
 'scrapy.downloadermiddlewares.httpcompression.HttpCompressionMiddleware',
 'scrapy.downloadermiddlewares.stats.DownloaderStats']
INFO: Enabled spider middlewares:
['scrapy.spidermiddlewares.httperror.HttpErrorMiddleware',
 'scrapy_splash.SplashDeduplicateArgsMiddleware',
 'scrapy.spidermiddlewares.offsite.OffsiteMiddleware',
 'scrapy.spidermiddlewares.referer.RefererMiddleware',
 'scrapy.spidermiddlewares.urllength.UrlLengthMiddleware',
 'scrapy.spidermiddlewares.depth.DepthMiddleware']
INFO: Enabled item pipelines:
['waitrose.pipelines.ImageDownloaderPipeline',
 'waitrose.pipelines.SQLlitePipeline']
INFO: Spider opened
INFO: Crawled 0 pages (at 0 pages/min), scraped 0 items (at 0 items/min)
WARNING: C:\Users\sujithk\AppData\Local\Continuum\anaconda3\envs\Virtual_Env\lib\site-packages\scrapy\spidermiddlewares\offsite.py:61: URLWarning: allowed_domains accepts only domains, not URLs. Ignoring URL entry https://www.waitrose.com/ in allowed_domains.
  warnings.warn(message, URLWarning)

INFO: Telnet console listening on 127.0.0.1:6026
DEBUG: Retrying <GET https://www.waitrose.com/ecom/shop/browse/groceries/toiletries_health_and_beauty/hair_care/shampoo via http://192.168.1.9:8050/execute> (failed 1 times): TCP connection timed out: 10060: A connection attempt failed because the connected party did not properly respond after a period of time, or established connection failed because connected host has failed to respond..
DEBUG: Retrying <GET https://www.waitrose.com/ecom/shop/browse/groceries/toiletries_health_and_beauty/hair_care/shampoo via http://192.168.1.9:8050/execute> (failed 2 times): TCP connection timed out: 10060: A connection attempt failed because the connected party did not properly respond after a period of time, or established connection failed because connected host has failed to respond..
INFO: Crawled 0 pages (at 0 pages/min), scraped 0 items (at 0 items/min)
DEBUG: Gave up retrying <GET https://www.waitrose.com/ecom/shop/browse/groceries/toiletries_health_and_beauty/hair_care/shampoo via http://192.168.1.9:8050/execute> (failed 3 times): TCP connection timed out: 10060: A connection attempt failed because the connected party did not properly respond after a period of time, or established connection failed because connected host has failed to respond..
ERROR: Error downloading <GET https://www.waitrose.com/ecom/shop/browse/groceries/toiletries_health_and_beauty/hair_care/shampoo via http://192.168.1.9:8050/execute>
Traceback (most recent call last):
  File "C:\Users\sujithk\AppData\Local\Continuum\anaconda3\envs\Virtual_Env\lib\site-packages\scrapy\core\downloader\middleware.py", line 43, in process_request
    defer.returnValue((yield download_func(request=request,spider=spider)))
twisted.internet.error.TCPTimedOutError: TCP connection timed out: 10060: A connection attempt failed because the connected party did not properly respond after a period of time, or established connection failed because connected host has failed to respond..
INFO: Closing spider (finished)
INFO: Dumping Scrapy stats:
{'downloader/exception_count': 3,
 'downloader/exception_type_count/twisted.internet.error.TCPTimedOutError': 3,
 'downloader/request_bytes': 7764,
 'downloader/request_count': 3,
 'downloader/request_method_count/POST': 3,
 'finish_reason': 'finished',
 'finish_time': datetime.datetime(2020, 8, 29, 12, 37, 25, 474826),
 'log_count/DEBUG': 3,
 'log_count/ERROR': 1,
 'log_count/INFO': 10,
 'log_count/WARNING': 1,
 'retry/count': 2,
 'retry/max_reached': 1,
 'retry/reason_count/twisted.internet.error.TCPTimedOutError': 2,
 'scheduler/dequeued': 4,
 'scheduler/dequeued/memory': 4,
 'scheduler/enqueued': 4,
 'scheduler/enqueued/memory': 4,
 'splash/execute/request_count': 1,
 'start_time': datetime.datetime(2020, 8, 29, 12, 36, 22, 200851)}
INFO: Spider closed (finished)
INFO: Scrapy 1.6.0 started (bot: waitrose)
INFO: Versions: lxml 4.5.1.0, libxml2 2.9.10, cssselect 1.1.0, parsel 1.6.0, w3lib 1.22.0, Twisted 20.3.0, Python 3.7.7 (default, May  6 2020, 11:45:54) [MSC v.1916 64 bit (AMD64)], pyOpenSSL 19.1.0 (OpenSSL 1.1.1g  21 Apr 2020), cryptography 2.9.2, Platform Windows-10-10.0.18362-SP0
INFO: Overridden settings: {'BOT_NAME': 'waitrose', 'DOWNLOAD_TIMEOUT': 1200, 'DUPEFILTER_CLASS': 'scrapy_splash.SplashAwareDupeFilter', 'FEED_EXPORT_ENCODING': 'utf-8', 'FEED_FORMAT': 'json', 'FEED_URI': 'waitrose_082920.json', 'NEWSPIDER_MODULE': 'waitrose.spiders', 'SPIDER_MODULES': ['waitrose.spiders']}
INFO: Telnet Password: 053f308c8e73c744
INFO: Enabled extensions:
['scrapy.extensions.corestats.CoreStats',
 'scrapy.extensions.telnet.TelnetConsole',
 'scrapy.extensions.feedexport.FeedExporter',
 'scrapy.extensions.logstats.LogStats']
INFO: Enabled downloader middlewares:
['scrapy.downloadermiddlewares.httpauth.HttpAuthMiddleware',
 'scrapy.downloadermiddlewares.downloadtimeout.DownloadTimeoutMiddleware',
 'scrapy.downloadermiddlewares.defaultheaders.DefaultHeadersMiddleware',
 'scrapy.downloadermiddlewares.useragent.UserAgentMiddleware',
 'scrapy.downloadermiddlewares.retry.RetryMiddleware',
 'scrapy.downloadermiddlewares.redirect.MetaRefreshMiddleware',
 'scrapy.downloadermiddlewares.redirect.RedirectMiddleware',
 'scrapy.downloadermiddlewares.cookies.CookiesMiddleware',
 'scrapy_splash.SplashCookiesMiddleware',
 'scrapy_splash.SplashMiddleware',
 'scrapy.downloadermiddlewares.httpproxy.HttpProxyMiddleware',
 'scrapy.downloadermiddlewares.httpcompression.HttpCompressionMiddleware',
 'scrapy.downloadermiddlewares.stats.DownloaderStats']
INFO: Enabled spider middlewares:
['scrapy.spidermiddlewares.httperror.HttpErrorMiddleware',
 'scrapy_splash.SplashDeduplicateArgsMiddleware',
 'scrapy.spidermiddlewares.offsite.OffsiteMiddleware',
 'scrapy.spidermiddlewares.referer.RefererMiddleware',
 'scrapy.spidermiddlewares.urllength.UrlLengthMiddleware',
 'scrapy.spidermiddlewares.depth.DepthMiddleware']
INFO: Enabled item pipelines:
['waitrose.pipelines.ImageDownloaderPipeline',
 'waitrose.pipelines.SQLlitePipeline']
INFO: Spider opened
INFO: Crawled 0 pages (at 0 pages/min), scraped 0 items (at 0 items/min)
WARNING: C:\Users\sujithk\AppData\Local\Continuum\anaconda3\envs\Virtual_Env\lib\site-packages\scrapy\spidermiddlewares\offsite.py:61: URLWarning: allowed_domains accepts only domains, not URLs. Ignoring URL entry https://www.waitrose.com/ in allowed_domains.
  warnings.warn(message, URLWarning)

INFO: Telnet console listening on 127.0.0.1:6023
DEBUG: Retrying <GET https://www.waitrose.com/ecom/shop/browse/groceries/toiletries_health_and_beauty/hair_care/shampoo via http://192.168.1.9:8050/execute> (failed 1 times): TCP connection timed out: 10060: A connection attempt failed because the connected party did not properly respond after a period of time, or established connection failed because connected host has failed to respond..
DEBUG: Retrying <GET https://www.waitrose.com/ecom/shop/browse/groceries/toiletries_health_and_beauty/hair_care/shampoo via http://192.168.1.9:8050/execute> (failed 2 times): TCP connection timed out: 10060: A connection attempt failed because the connected party did not properly respond after a period of time, or established connection failed because connected host has failed to respond..
INFO: Crawled 0 pages (at 0 pages/min), scraped 0 items (at 0 items/min)
DEBUG: Gave up retrying <GET https://www.waitrose.com/ecom/shop/browse/groceries/toiletries_health_and_beauty/hair_care/shampoo via http://192.168.1.9:8050/execute> (failed 3 times): TCP connection timed out: 10060: A connection attempt failed because the connected party did not properly respond after a period of time, or established connection failed because connected host has failed to respond..
ERROR: Error downloading <GET https://www.waitrose.com/ecom/shop/browse/groceries/toiletries_health_and_beauty/hair_care/shampoo via http://192.168.1.9:8050/execute>
Traceback (most recent call last):
  File "C:\Users\sujithk\AppData\Local\Continuum\anaconda3\envs\Virtual_Env\lib\site-packages\scrapy\core\downloader\middleware.py", line 43, in process_request
    defer.returnValue((yield download_func(request=request,spider=spider)))
twisted.internet.error.TCPTimedOutError: TCP connection timed out: 10060: A connection attempt failed because the connected party did not properly respond after a period of time, or established connection failed because connected host has failed to respond..
INFO: Closing spider (finished)
INFO: Dumping Scrapy stats:
{'downloader/exception_count': 3,
 'downloader/exception_type_count/twisted.internet.error.TCPTimedOutError': 3,
 'downloader/request_bytes': 7764,
 'downloader/request_count': 3,
 'downloader/request_method_count/POST': 3,
 'finish_reason': 'finished',
 'finish_time': datetime.datetime(2020, 8, 29, 12, 42, 20, 650075),
 'log_count/DEBUG': 3,
 'log_count/ERROR': 1,
 'log_count/INFO': 10,
 'log_count/WARNING': 1,
 'retry/count': 2,
 'retry/max_reached': 1,
 'retry/reason_count/twisted.internet.error.TCPTimedOutError': 2,
 'scheduler/dequeued': 4,
 'scheduler/dequeued/memory': 4,
 'scheduler/enqueued': 4,
 'scheduler/enqueued/memory': 4,
 'splash/execute/request_count': 1,
 'start_time': datetime.datetime(2020, 8, 29, 12, 41, 16, 417198)}
INFO: Spider closed (finished)
INFO: Scrapy 1.6.0 started (bot: waitrose)
INFO: Versions: lxml 4.5.1.0, libxml2 2.9.10, cssselect 1.1.0, parsel 1.6.0, w3lib 1.22.0, Twisted 20.3.0, Python 3.7.7 (default, May  6 2020, 11:45:54) [MSC v.1916 64 bit (AMD64)], pyOpenSSL 19.1.0 (OpenSSL 1.1.1g  21 Apr 2020), cryptography 2.9.2, Platform Windows-10-10.0.18362-SP0
INFO: Overridden settings: {'BOT_NAME': 'waitrose', 'DOWNLOAD_TIMEOUT': 1200, 'DUPEFILTER_CLASS': 'scrapy_splash.SplashAwareDupeFilter', 'FEED_EXPORT_ENCODING': 'utf-8', 'FEED_FORMAT': 'json', 'FEED_URI': 'waitrose_082920.json', 'NEWSPIDER_MODULE': 'waitrose.spiders', 'SPIDER_MODULES': ['waitrose.spiders']}
INFO: Telnet Password: 19bd6acfe217a52c
INFO: Enabled extensions:
['scrapy.extensions.corestats.CoreStats',
 'scrapy.extensions.telnet.TelnetConsole',
 'scrapy.extensions.feedexport.FeedExporter',
 'scrapy.extensions.logstats.LogStats']
INFO: Enabled downloader middlewares:
['scrapy.downloadermiddlewares.httpauth.HttpAuthMiddleware',
 'scrapy.downloadermiddlewares.downloadtimeout.DownloadTimeoutMiddleware',
 'scrapy.downloadermiddlewares.defaultheaders.DefaultHeadersMiddleware',
 'scrapy.downloadermiddlewares.useragent.UserAgentMiddleware',
 'scrapy.downloadermiddlewares.retry.RetryMiddleware',
 'scrapy.downloadermiddlewares.redirect.MetaRefreshMiddleware',
 'scrapy.downloadermiddlewares.redirect.RedirectMiddleware',
 'scrapy.downloadermiddlewares.cookies.CookiesMiddleware',
 'scrapy_splash.SplashCookiesMiddleware',
 'scrapy_splash.SplashMiddleware',
 'scrapy.downloadermiddlewares.httpproxy.HttpProxyMiddleware',
 'scrapy.downloadermiddlewares.httpcompression.HttpCompressionMiddleware',
 'scrapy.downloadermiddlewares.stats.DownloaderStats']
INFO: Enabled spider middlewares:
['scrapy.spidermiddlewares.httperror.HttpErrorMiddleware',
 'scrapy_splash.SplashDeduplicateArgsMiddleware',
 'scrapy.spidermiddlewares.offsite.OffsiteMiddleware',
 'scrapy.spidermiddlewares.referer.RefererMiddleware',
 'scrapy.spidermiddlewares.urllength.UrlLengthMiddleware',
 'scrapy.spidermiddlewares.depth.DepthMiddleware']
INFO: Enabled item pipelines:
['waitrose.pipelines.ImageDownloaderPipeline',
 'waitrose.pipelines.SQLlitePipeline']
INFO: Spider opened
INFO: Crawled 0 pages (at 0 pages/min), scraped 0 items (at 0 items/min)
WARNING: C:\Users\sujithk\AppData\Local\Continuum\anaconda3\envs\Virtual_Env\lib\site-packages\scrapy\spidermiddlewares\offsite.py:61: URLWarning: allowed_domains accepts only domains, not URLs. Ignoring URL entry https://www.waitrose.com/ in allowed_domains.
  warnings.warn(message, URLWarning)

INFO: Telnet console listening on 127.0.0.1:6024
DEBUG: Retrying <GET https://www.waitrose.com/ecom/shop/browse/groceries/toiletries_health_and_beauty/hair_care/shampoo via http://192.168.1.9:8050/execute> (failed 1 times): TCP connection timed out: 10060: A connection attempt failed because the connected party did not properly respond after a period of time, or established connection failed because connected host has failed to respond..
DEBUG: Retrying <GET https://www.waitrose.com/ecom/shop/browse/groceries/toiletries_health_and_beauty/hair_care/shampoo via http://192.168.1.9:8050/execute> (failed 2 times): TCP connection timed out: 10060: A connection attempt failed because the connected party did not properly respond after a period of time, or established connection failed because connected host has failed to respond..
INFO: Crawled 0 pages (at 0 pages/min), scraped 0 items (at 0 items/min)
DEBUG: Gave up retrying <GET https://www.waitrose.com/ecom/shop/browse/groceries/toiletries_health_and_beauty/hair_care/shampoo via http://192.168.1.9:8050/execute> (failed 3 times): TCP connection timed out: 10060: A connection attempt failed because the connected party did not properly respond after a period of time, or established connection failed because connected host has failed to respond..
ERROR: Error downloading <GET https://www.waitrose.com/ecom/shop/browse/groceries/toiletries_health_and_beauty/hair_care/shampoo via http://192.168.1.9:8050/execute>
Traceback (most recent call last):
  File "C:\Users\sujithk\AppData\Local\Continuum\anaconda3\envs\Virtual_Env\lib\site-packages\scrapy\core\downloader\middleware.py", line 43, in process_request
    defer.returnValue((yield download_func(request=request,spider=spider)))
twisted.internet.error.TCPTimedOutError: TCP connection timed out: 10060: A connection attempt failed because the connected party did not properly respond after a period of time, or established connection failed because connected host has failed to respond..
INFO: Closing spider (finished)
INFO: Dumping Scrapy stats:
{'downloader/exception_count': 3,
 'downloader/exception_type_count/twisted.internet.error.TCPTimedOutError': 3,
 'downloader/request_bytes': 7764,
 'downloader/request_count': 3,
 'downloader/request_method_count/POST': 3,
 'finish_reason': 'finished',
 'finish_time': datetime.datetime(2020, 8, 29, 12, 43, 35, 117658),
 'log_count/DEBUG': 3,
 'log_count/ERROR': 1,
 'log_count/INFO': 10,
 'log_count/WARNING': 1,
 'retry/count': 2,
 'retry/max_reached': 1,
 'retry/reason_count/twisted.internet.error.TCPTimedOutError': 2,
 'scheduler/dequeued': 4,
 'scheduler/dequeued/memory': 4,
 'scheduler/enqueued': 4,
 'scheduler/enqueued/memory': 4,
 'splash/execute/request_count': 1,
 'start_time': datetime.datetime(2020, 8, 29, 12, 42, 31, 853168)}
INFO: Spider closed (finished)
INFO: Scrapy 1.6.0 started (bot: waitrose)
INFO: Versions: lxml 4.5.1.0, libxml2 2.9.10, cssselect 1.1.0, parsel 1.6.0, w3lib 1.22.0, Twisted 20.3.0, Python 3.7.7 (default, May  6 2020, 11:45:54) [MSC v.1916 64 bit (AMD64)], pyOpenSSL 19.1.0 (OpenSSL 1.1.1g  21 Apr 2020), cryptography 2.9.2, Platform Windows-10-10.0.18362-SP0
INFO: Overridden settings: {'BOT_NAME': 'waitrose', 'DOWNLOAD_TIMEOUT': 1200, 'DUPEFILTER_CLASS': 'scrapy_splash.SplashAwareDupeFilter', 'FEED_EXPORT_ENCODING': 'utf-8', 'FEED_FORMAT': 'json', 'FEED_URI': 'waitrose_082920.json', 'NEWSPIDER_MODULE': 'waitrose.spiders', 'SPIDER_MODULES': ['waitrose.spiders']}
INFO: Telnet Password: 641be355205c865d
INFO: Enabled extensions:
['scrapy.extensions.corestats.CoreStats',
 'scrapy.extensions.telnet.TelnetConsole',
 'scrapy.extensions.feedexport.FeedExporter',
 'scrapy.extensions.logstats.LogStats']
INFO: Enabled downloader middlewares:
['scrapy.downloadermiddlewares.httpauth.HttpAuthMiddleware',
 'scrapy.downloadermiddlewares.downloadtimeout.DownloadTimeoutMiddleware',
 'scrapy.downloadermiddlewares.defaultheaders.DefaultHeadersMiddleware',
 'scrapy.downloadermiddlewares.useragent.UserAgentMiddleware',
 'scrapy.downloadermiddlewares.retry.RetryMiddleware',
 'scrapy.downloadermiddlewares.redirect.MetaRefreshMiddleware',
 'scrapy.downloadermiddlewares.redirect.RedirectMiddleware',
 'scrapy.downloadermiddlewares.cookies.CookiesMiddleware',
 'scrapy_splash.SplashCookiesMiddleware',
 'scrapy_splash.SplashMiddleware',
 'scrapy.downloadermiddlewares.httpproxy.HttpProxyMiddleware',
 'scrapy.downloadermiddlewares.httpcompression.HttpCompressionMiddleware',
 'scrapy.downloadermiddlewares.stats.DownloaderStats']
INFO: Enabled spider middlewares:
['scrapy.spidermiddlewares.httperror.HttpErrorMiddleware',
 'scrapy_splash.SplashDeduplicateArgsMiddleware',
 'scrapy.spidermiddlewares.offsite.OffsiteMiddleware',
 'scrapy.spidermiddlewares.referer.RefererMiddleware',
 'scrapy.spidermiddlewares.urllength.UrlLengthMiddleware',
 'scrapy.spidermiddlewares.depth.DepthMiddleware']
INFO: Enabled item pipelines:
['waitrose.pipelines.ImageDownloaderPipeline',
 'waitrose.pipelines.SQLlitePipeline']
INFO: Spider opened
INFO: Crawled 0 pages (at 0 pages/min), scraped 0 items (at 0 items/min)
WARNING: C:\Users\sujithk\AppData\Local\Continuum\anaconda3\envs\Virtual_Env\lib\site-packages\scrapy\spidermiddlewares\offsite.py:61: URLWarning: allowed_domains accepts only domains, not URLs. Ignoring URL entry https://www.waitrose.com/ in allowed_domains.
  warnings.warn(message, URLWarning)

INFO: Telnet console listening on 127.0.0.1:6023
INFO: Crawled 0 pages (at 0 pages/min), scraped 0 items (at 0 items/min)
DEBUG: Crawled (200) <GET https://www.waitrose.com/ecom/shop/browse/groceries/toiletries_health_and_beauty/hair_care/shampoo via http://192.168.65.33:8050/execute> (referer: None)
DEBUG: Scraped from <200 https://www.waitrose.com/ecom/shop/browse/groceries/toiletries_health_and_beauty/hair_care/shampoo>
{'client': 'Waitrose', 'time': datetime.datetime(2020, 8, 29, 18, 48, 20, 676662), 'category': 'Shampoo', 'id': 'tPp096508-49364-49365', 'prod_name': 'Aussie Miracle Moist Shampoo', 'waitrose_Qty': '300ml', 'waitrose_discounted_price': '£2.05', 'waitrose_offer_desc': 'Half Price.', 'waitrose_url': 'https://www.waitrose.com/ecom/shop/browse/groceries/toiletries_health_and_beauty/hair_care/shampoo', 'waitrose_rating': '3.7', 'waitrose_unit_price': '(68.3p/100ml)', 'waitrose_new_flag': None, 'waitrose_prod_name': 'Aussie Miracle Moist Shampoo 300ml', 'images': []}
DEBUG: Scraped from <200 https://www.waitrose.com/ecom/shop/browse/groceries/toiletries_health_and_beauty/hair_care/shampoo>
{'client': 'Waitrose', 'time': datetime.datetime(2020, 8, 29, 18, 48, 20, 676662), 'category': 'Shampoo', 'id': 'tPp799806-683814-683815', 'prod_name': 'Tresemmé Shampoo Moisture Rich', 'waitrose_Qty': '800ml', 'waitrose_discounted_price': '£2.75', 'waitrose_offer_desc': 'Half Price.', 'waitrose_url': 'https://www.waitrose.com/ecom/shop/browse/groceries/toiletries_health_and_beauty/hair_care/shampoo', 'waitrose_rating': None, 'waitrose_unit_price': '(34.4p/100ml)', 'waitrose_new_flag': None, 'waitrose_prod_name': 'Tresemmé Shampoo Moisture Rich 800ml', 'images': []}
DEBUG: Scraped from <200 https://www.waitrose.com/ecom/shop/browse/groceries/toiletries_health_and_beauty/hair_care/shampoo>
{'client': 'Waitrose', 'time': datetime.datetime(2020, 8, 29, 18, 48, 20, 676662), 'category': 'Shampoo', 'id': 'tPp092708-47659-47660', 'prod_name': 'Vosene Original Shampoo', 'waitrose_Qty': '250ml', 'waitrose_discounted_price': '£1.36', 'waitrose_offer_desc': 'Save 1/3.', 'waitrose_url': 'https://www.waitrose.com/ecom/shop/browse/groceries/toiletries_health_and_beauty/hair_care/shampoo', 'waitrose_rating': '5', 'waitrose_unit_price': '(54.4p/100ml)', 'waitrose_new_flag': None, 'waitrose_prod_name': 'Vosene Original Shampoo 250ml', 'images': []}
DEBUG: Scraped from <200 https://www.waitrose.com/ecom/shop/browse/groceries/toiletries_health_and_beauty/hair_care/shampoo>
{'client': 'Waitrose', 'time': datetime.datetime(2020, 8, 29, 18, 48, 20, 676662), 'category': 'Shampoo', 'id': 'tPp059421-29947-29948', 'prod_name': 'Aussie Aussome Volume Shampoo', 'waitrose_Qty': '300ml', 'waitrose_discounted_price': '£2.00', 'waitrose_offer_desc': 'Half Price.', 'waitrose_url': 'https://www.waitrose.com/ecom/shop/browse/groceries/toiletries_health_and_beauty/hair_care/shampoo', 'waitrose_rating': '5', 'waitrose_unit_price': '(66.7p/100ml)', 'waitrose_new_flag': None, 'waitrose_prod_name': 'Aussie Aussome Volume Shampoo 300ml', 'images': []}
DEBUG: Scraped from <200 https://www.waitrose.com/ecom/shop/browse/groceries/toiletries_health_and_beauty/hair_care/shampoo>
{'client': 'Waitrose', 'time': datetime.datetime(2020, 8, 29, 18, 48, 20, 676662), 'category': 'Shampoo', 'id': 'tPp059421-29947-29948', 'prod_name': 'Aussie Aussome Volume Shampoo', 'waitrose_Qty': '300ml', 'waitrose_discounted_price': '£2.00', 'waitrose_offer_desc': 'Half Price.', 'waitrose_url': 'https://www.waitrose.com/ecom/shop/browse/groceries/toiletries_health_and_beauty/hair_care/shampoo', 'waitrose_rating': '5', 'waitrose_unit_price': '(66.7p/100ml)', 'waitrose_new_flag': None, 'waitrose_prod_name': 'Aussie Aussome Volume Shampoo 300ml', 'images': []}
DEBUG: Scraped from <200 https://www.waitrose.com/ecom/shop/browse/groceries/toiletries_health_and_beauty/hair_care/shampoo>
{'client': 'Waitrose', 'time': datetime.datetime(2020, 8, 29, 18, 48, 20, 676662), 'category': 'Shampoo', 'id': 'tPp011495-5706-5707', 'prod_name': 'John Frieda Shampoo Touchably Full', 'waitrose_Qty': '250ml', 'waitrose_discounted_price': '£3.99', 'waitrose_offer_desc': 'Save 1/3.', 'waitrose_url': 'https://www.waitrose.com/ecom/shop/browse/groceries/toiletries_health_and_beauty/hair_care/shampoo', 'waitrose_rating': '4', 'waitrose_unit_price': '(£1.60/100ml)', 'waitrose_new_flag': None, 'waitrose_prod_name': 'John Frieda Shampoo Touchably Full 250ml', 'images': []}
DEBUG: Scraped from <200 https://www.waitrose.com/ecom/shop/browse/groceries/toiletries_health_and_beauty/hair_care/shampoo>
{'client': 'Waitrose', 'time': datetime.datetime(2020, 8, 29, 18, 48, 20, 676662), 'category': 'Shampoo', 'id': 'tPp083596-42439-42440', 'prod_name': 'Aussie Colour Mate Shampoo', 'waitrose_Qty': '300ml', 'waitrose_discounted_price': '£2.05', 'waitrose_offer_desc': 'Half Price.', 'waitrose_url': 'https://www.waitrose.com/ecom/shop/browse/groceries/toiletries_health_and_beauty/hair_care/shampoo', 'waitrose_rating': '5', 'waitrose_unit_price': '(68.3p/100ml)', 'waitrose_new_flag': None, 'waitrose_prod_name': 'Aussie Colour Mate Shampoo 300ml', 'images': []}
DEBUG: Scraped from <200 https://www.waitrose.com/ecom/shop/browse/groceries/toiletries_health_and_beauty/hair_care/shampoo>
{'client': 'Waitrose', 'time': datetime.datetime(2020, 8, 29, 18, 48, 20, 676662), 'category': 'Shampoo', 'id': 'tPp639366-90822-90823', 'prod_name': 'Head & Shoulders Shampoo Classic', 'waitrose_Qty': '500ml', 'waitrose_discounted_price': '£5.15', 'waitrose_offer_desc': None, 'waitrose_url': 'https://www.waitrose.com/ecom/shop/browse/groceries/toiletries_health_and_beauty/hair_care/shampoo', 'waitrose_rating': '3.5', 'waitrose_unit_price': '(£1.03/100ml)', 'waitrose_new_flag': None, 'waitrose_prod_name': 'Head & Shoulders Shampoo Classic 500ml', 'images': []}
DEBUG: Scraped from <200 https://www.waitrose.com/ecom/shop/browse/groceries/toiletries_health_and_beauty/hair_care/shampoo>
{'client': 'Waitrose', 'time': datetime.datetime(2020, 8, 29, 18, 48, 20, 676662), 'category': 'Shampoo', 'id': 'tPp096232-49248-49249', 'prod_name': 'Aussie Mega Shampoo', 'waitrose_Qty': '300ml', 'waitrose_discounted_price': '£2.05', 'waitrose_offer_desc': 'Half Price.', 'waitrose_url': 'https://www.waitrose.com/ecom/shop/browse/groceries/toiletries_health_and_beauty/hair_care/shampoo', 'waitrose_rating': '2.5', 'waitrose_unit_price': '(68.3p/100ml)', 'waitrose_new_flag': None, 'waitrose_prod_name': 'Aussie Mega Shampoo 300ml', 'images': []}
DEBUG: Scraped from <200 https://www.waitrose.com/ecom/shop/browse/groceries/toiletries_health_and_beauty/hair_care/shampoo>
{'client': 'Waitrose', 'time': datetime.datetime(2020, 8, 29, 18, 48, 20, 676662), 'category': 'Shampoo', 'id': 'tPp639145-337007-337008', 'prod_name': 'Tresemmé Shampoo Deep Cleansing', 'waitrose_Qty': '800ml', 'waitrose_discounted_price': '£2.75', 'waitrose_offer_desc': 'Half Price.', 'waitrose_url': 'https://www.waitrose.com/ecom/shop/browse/groceries/toiletries_health_and_beauty/hair_care/shampoo', 'waitrose_rating': '5', 'waitrose_unit_price': '(34.4p/100ml)', 'waitrose_new_flag': None, 'waitrose_prod_name': 'Tresemmé Shampoo Deep Cleansing 800ml', 'images': []}
DEBUG: Scraped from <200 https://www.waitrose.com/ecom/shop/browse/groceries/toiletries_health_and_beauty/hair_care/shampoo>
{'client': 'Waitrose', 'time': datetime.datetime(2020, 8, 29, 18, 48, 20, 676662), 'category': 'Shampoo', 'id': 'tPp701301-99532-99533', 'prod_name': 'Essential Daily Care Shampoo', 'waitrose_Qty': '300ml', 'waitrose_discounted_price': '80p', 'waitrose_offer_desc': None, 'waitrose_url': 'https://www.waitrose.com/ecom/shop/browse/groceries/toiletries_health_and_beauty/hair_care/shampoo', 'waitrose_rating': '4.1', 'waitrose_unit_price': '(26.7p/100ml)', 'waitrose_new_flag': None, 'waitrose_prod_name': 'Essential Daily Care Shampoo 300ml', 'images': []}
DEBUG: Scraped from <200 https://www.waitrose.com/ecom/shop/browse/groceries/toiletries_health_and_beauty/hair_care/shampoo>
{'client': 'Waitrose', 'time': datetime.datetime(2020, 8, 29, 18, 48, 20, 676662), 'category': 'Shampoo', 'id': 'tPp433216-720111-720112', 'prod_name': 'John Frieda Hydrate & Recharge Shampoo', 'waitrose_Qty': '250ml', 'waitrose_discounted_price': '£3.99', 'waitrose_offer_desc': 'Save 1/3.', 'waitrose_url': 'https://www.waitrose.com/ecom/shop/browse/groceries/toiletries_health_and_beauty/hair_care/shampoo', 'waitrose_rating': None, 'waitrose_unit_price': '(£1.60/100ml)', 'waitrose_new_flag': None, 'waitrose_prod_name': 'John Frieda Hydrate & Recharge Shampoo 250ml', 'images': []}
DEBUG: Scraped from <200 https://www.waitrose.com/ecom/shop/browse/groceries/toiletries_health_and_beauty/hair_care/shampoo>
{'client': 'Waitrose', 'time': datetime.datetime(2020, 8, 29, 18, 48, 20, 676662), 'category': 'Shampoo', 'id': 'tPp595050-720203-720204', 'prod_name': 'Herbal Essences Coconut Shampoo', 'waitrose_Qty': '250ml', 'waitrose_discounted_price': '£2.00', 'waitrose_offer_desc': 'Save 1/3.', 'waitrose_url': 'https://www.waitrose.com/ecom/shop/browse/groceries/toiletries_health_and_beauty/hair_care/shampoo', 'waitrose_rating': None, 'waitrose_unit_price': '(80p/100ml)', 'waitrose_new_flag': None, 'waitrose_prod_name': 'Herbal Essences Coconut Shampoo 250ml', 'images': []}
DEBUG: Scraped from <200 https://www.waitrose.com/ecom/shop/browse/groceries/toiletries_health_and_beauty/hair_care/shampoo>
{'client': 'Waitrose', 'time': datetime.datetime(2020, 8, 29, 18, 48, 20, 676662), 'category': 'Shampoo', 'id': 'tPp535961-75786-75787', 'prod_name': 'essential Waitrose Nourishing Shampoo', 'waitrose_Qty': '300ml', 'waitrose_discounted_price': '80p', 'waitrose_offer_desc': None, 'waitrose_url': 'https://www.waitrose.com/ecom/shop/browse/groceries/toiletries_health_and_beauty/hair_care/shampoo', 'waitrose_rating': '4.3', 'waitrose_unit_price': '(26.7p/100ml)', 'waitrose_new_flag': None, 'waitrose_prod_name': 'essential Waitrose Nourishing Shampoo 300ml', 'images': []}
DEBUG: Scraped from <200 https://www.waitrose.com/ecom/shop/browse/groceries/toiletries_health_and_beauty/hair_care/shampoo>
{'client': 'Waitrose', 'time': datetime.datetime(2020, 8, 29, 18, 48, 20, 676662), 'category': 'Shampoo', 'id': 'tPp775870-724036-724037', 'prod_name': 'Faith in Nature Wild Rose Shampoo', 'waitrose_Qty': '400ml', 'waitrose_discounted_price': '£3.86', 'waitrose_offer_desc': 'Save 1/3.', 'waitrose_url': 'https://www.waitrose.com/ecom/shop/browse/groceries/toiletries_health_and_beauty/hair_care/shampoo', 'waitrose_rating': '5', 'waitrose_unit_price': '(96.5p/100ml)', 'waitrose_new_flag': None, 'waitrose_prod_name': 'Faith in Nature Wild Rose Shampoo 400ml', 'images': []}
DEBUG: Scraped from <200 https://www.waitrose.com/ecom/shop/browse/groceries/toiletries_health_and_beauty/hair_care/shampoo>
{'client': 'Waitrose', 'time': datetime.datetime(2020, 8, 29, 18, 48, 20, 676662), 'category': 'Shampoo', 'id': 'tPp364793-255761-255762', 'prod_name': 'Aussie Miracle Shine Shampoo', 'waitrose_Qty': '300ml', 'waitrose_discounted_price': '£2.00', 'waitrose_offer_desc': 'Half Price.', 'waitrose_url': 'https://www.waitrose.com/ecom/shop/browse/groceries/toiletries_health_and_beauty/hair_care/shampoo', 'waitrose_rating': None, 'waitrose_unit_price': '(66.7p/100ml)', 'waitrose_new_flag': None, 'waitrose_prod_name': 'Aussie Miracle Shine Shampoo 300ml', 'images': []}
DEBUG: Scraped from <200 https://www.waitrose.com/ecom/shop/browse/groceries/toiletries_health_and_beauty/hair_care/shampoo>
{'client': 'Waitrose', 'time': datetime.datetime(2020, 8, 29, 18, 48, 20, 676662), 'category': 'Shampoo', 'id': 'tPp610920-86669-86670', 'prod_name': 'Sheer Blonde Go Blonder Shampoo', 'waitrose_Qty': '250ml', 'waitrose_discounted_price': '£3.99', 'waitrose_offer_desc': 'Save 1/3.', 'waitrose_url': 'https://www.waitrose.com/ecom/shop/browse/groceries/toiletries_health_and_beauty/hair_care/shampoo', 'waitrose_rating': '3.5', 'waitrose_unit_price': '(£1.60/100ml)', 'waitrose_new_flag': None, 'waitrose_prod_name': 'Sheer Blonde Go Blonder Shampoo 250ml', 'images': []}
DEBUG: Scraped from <200 https://www.waitrose.com/ecom/shop/browse/groceries/toiletries_health_and_beauty/hair_care/shampoo>
{'client': 'Waitrose', 'time': datetime.datetime(2020, 8, 29, 18, 48, 20, 676662), 'category': 'Shampoo', 'id': 'tPp575547-494836-494837', 'prod_name': 'DGJ Thickening Shampoo', 'waitrose_Qty': '250ml', 'waitrose_discounted_price': '£2.50', 'waitrose_offer_desc': 'Half Price.', 'waitrose_url': 'https://www.waitrose.com/ecom/shop/browse/groceries/toiletries_health_and_beauty/hair_care/shampoo', 'waitrose_rating': '5', 'waitrose_unit_price': '(£1/100ml)', 'waitrose_new_flag': None, 'waitrose_prod_name': 'DGJ Thickening Shampoo 250ml', 'images': []}
DEBUG: Scraped from <200 https://www.waitrose.com/ecom/shop/browse/groceries/toiletries_health_and_beauty/hair_care/shampoo>
{'client': 'Waitrose', 'time': datetime.datetime(2020, 8, 29, 18, 48, 20, 676662), 'category': 'Shampoo', 'id': 'tPp494340-69860-69861', 'prod_name': "Neal's Yard Rose Shampoo", 'waitrose_Qty': '200ml', 'waitrose_discounted_price': '£7.66', 'waitrose_offer_desc': 'Save 1/3.', 'waitrose_url': 'https://www.waitrose.com/ecom/shop/browse/groceries/toiletries_health_and_beauty/hair_care/shampoo', 'waitrose_rating': '3.1', 'waitrose_unit_price': '(£3.83/100ml)', 'waitrose_new_flag': None, 'waitrose_prod_name': "Neal's Yard Rose Shampoo 200ml", 'images': []}
DEBUG: Scraped from <200 https://www.waitrose.com/ecom/shop/browse/groceries/toiletries_health_and_beauty/hair_care/shampoo>
{'client': 'Waitrose', 'time': datetime.datetime(2020, 8, 29, 18, 48, 20, 676662), 'category': 'Shampoo', 'id': 'tPp735040-695707-695708', 'prod_name': 'Vosene Kids 3in1 Tea Tree Shampoo', 'waitrose_Qty': '250ml', 'waitrose_discounted_price': '£1.66', 'waitrose_offer_desc': 'Save 1/3.', 'waitrose_url': 'https://www.waitrose.com/ecom/shop/browse/groceries/toiletries_health_and_beauty/hair_care/shampoo', 'waitrose_rating': None, 'waitrose_unit_price': '(66.4p/100ml)', 'waitrose_new_flag': None, 'waitrose_prod_name': 'Vosene Kids 3in1 Tea Tree Shampoo 250ml', 'images': []}
DEBUG: Scraped from <200 https://www.waitrose.com/ecom/shop/browse/groceries/toiletries_health_and_beauty/hair_care/shampoo>
{'client': 'Waitrose', 'time': datetime.datetime(2020, 8, 29, 18, 48, 20, 676662), 'category': 'Shampoo', 'id': 'tPp745828-495012-495013', 'prod_name': 'DGJ Kids Lice Repel Shampoo', 'waitrose_Qty': '250ml', 'waitrose_discounted_price': '£1.75', 'waitrose_offer_desc': 'Half Price.', 'waitrose_url': 'https://www.waitrose.com/ecom/shop/browse/groceries/toiletries_health_and_beauty/hair_care/shampoo', 'waitrose_rating': None, 'waitrose_unit_price': '(70p/100ml)', 'waitrose_new_flag': None, 'waitrose_prod_name': 'DGJ Kids Lice Repel Shampoo 250ml', 'images': []}
DEBUG: Scraped from <200 https://www.waitrose.com/ecom/shop/browse/groceries/toiletries_health_and_beauty/hair_care/shampoo>
{'client': 'Waitrose', 'time': datetime.datetime(2020, 8, 29, 18, 48, 20, 676662), 'category': 'Shampoo', 'id': 'tPp810201-352482-352483', 'prod_name': 'Essential Daily Care 2 in 1', 'waitrose_Qty': '300ml', 'waitrose_discounted_price': '80p', 'waitrose_offer_desc': None, 'waitrose_url': 'https://www.waitrose.com/ecom/shop/browse/groceries/toiletries_health_and_beauty/hair_care/shampoo', 'waitrose_rating': '4.3', 'waitrose_unit_price': '(26.7p/100ml)', 'waitrose_new_flag': None, 'waitrose_prod_name': 'Essential Daily Care 2 in 1 300ml', 'images': []}
DEBUG: Scraped from <200 https://www.waitrose.com/ecom/shop/browse/groceries/toiletries_health_and_beauty/hair_care/shampoo>
{'client': 'Waitrose', 'time': datetime.datetime(2020, 8, 29, 18, 48, 20, 676662), 'category': 'Shampoo', 'id': 'tPp435635-694165-694166', 'prod_name': 'Pantene Classic Clean Shampoo', 'waitrose_Qty': '500ml', 'waitrose_discounted_price': '£5.15', 'waitrose_offer_desc': None, 'waitrose_url': 'https://www.waitrose.com/ecom/shop/browse/groceries/toiletries_health_and_beauty/hair_care/shampoo', 'waitrose_rating': None, 'waitrose_unit_price': '(£1.03/100ml)', 'waitrose_new_flag': None, 'waitrose_prod_name': 'Pantene Classic Clean Shampoo 500ml', 'images': []}
DEBUG: Scraped from <200 https://www.waitrose.com/ecom/shop/browse/groceries/toiletries_health_and_beauty/hair_care/shampoo>
{'client': 'Waitrose', 'time': datetime.datetime(2020, 8, 29, 18, 48, 20, 676662), 'category': 'Shampoo', 'id': 'tPp425124-59787-59788', 'prod_name': 'Brilliant Brunette Protecting Shampoo', 'waitrose_Qty': '250ml', 'waitrose_discounted_price': '£3.99', 'waitrose_offer_desc': 'Save 1/3.', 'waitrose_url': 'https://www.waitrose.com/ecom/shop/browse/groceries/toiletries_health_and_beauty/hair_care/shampoo', 'waitrose_rating': None, 'waitrose_unit_price': '(£1.60/100ml)', 'waitrose_new_flag': None, 'waitrose_prod_name': 'Brilliant Brunette Protecting Shampoo 250ml', 'images': []}
DEBUG: Scraped from <200 https://www.waitrose.com/ecom/shop/browse/groceries/toiletries_health_and_beauty/hair_care/shampoo>
{'client': 'Waitrose', 'time': datetime.datetime(2020, 8, 29, 18, 48, 20, 676662), 'category': 'Shampoo', 'id': 'tPp871494-495182-495183', 'prod_name': 'DGJ Hairjuice Shampoo', 'waitrose_Qty': '250ml', 'waitrose_discounted_price': '£2.50', 'waitrose_offer_desc': 'Half Price.', 'waitrose_url': 'https://www.waitrose.com/ecom/shop/browse/groceries/toiletries_health_and_beauty/hair_care/shampoo', 'waitrose_rating': '5', 'waitrose_unit_price': '(£1/100ml)', 'waitrose_new_flag': None, 'waitrose_prod_name': 'DGJ Hairjuice Shampoo 250ml', 'images': []}
DEBUG: Scraped from <200 https://www.waitrose.com/ecom/shop/browse/groceries/toiletries_health_and_beauty/hair_care/shampoo>
{'client': 'Waitrose', 'time': datetime.datetime(2020, 8, 29, 18, 48, 20, 676662), 'category': 'Shampoo', 'id': 'tPp824583-694195-694196', 'prod_name': 'Pantene Repair & Protect Shampoo', 'waitrose_Qty': '500ml', 'waitrose_discounted_price': '£3.75', 'waitrose_offer_desc': None, 'waitrose_url': 'https://www.waitrose.com/ecom/shop/browse/groceries/toiletries_health_and_beauty/hair_care/shampoo', 'waitrose_rating': None, 'waitrose_unit_price': '(75p/100ml)', 'waitrose_new_flag': None, 'waitrose_prod_name': 'Pantene Repair & Protect Shampoo 500ml', 'images': []}
DEBUG: Scraped from <200 https://www.waitrose.com/ecom/shop/browse/groceries/toiletries_health_and_beauty/hair_care/shampoo>
{'client': 'Waitrose', 'time': datetime.datetime(2020, 8, 29, 18, 48, 20, 676662), 'category': 'Shampoo', 'id': 'tPp819563-729788-729789', 'prod_name': 'Aussie Blonde Purple Shampoo', 'waitrose_Qty': '290ml', 'waitrose_discounted_price': '£2.99', 'waitrose_offer_desc': 'Half Price.', 'waitrose_url': 'https://www.waitrose.com/ecom/shop/browse/groceries/toiletries_health_and_beauty/hair_care/shampoo', 'waitrose_rating': None, 'waitrose_unit_price': '(£1.04/100ml)', 'waitrose_new_flag': 'NEW', 'waitrose_prod_name': 'Aussie Blonde Purple Shampoo 290ml', 'images': []}
DEBUG: Scraped from <200 https://www.waitrose.com/ecom/shop/browse/groceries/toiletries_health_and_beauty/hair_care/shampoo>
{'client': 'Waitrose', 'time': datetime.datetime(2020, 8, 29, 18, 48, 20, 676662), 'category': 'Shampoo', 'id': 'tPp563832-295347-295348', 'prod_name': 'Argan + Argan Oil 5Oil Miracle Shampoo', 'waitrose_Qty': '300ml', 'waitrose_discounted_price': '£4.00', 'waitrose_offer_desc': 'Save 1/3.', 'waitrose_url': 'https://www.waitrose.com/ecom/shop/browse/groceries/toiletries_health_and_beauty/hair_care/shampoo', 'waitrose_rating': '5', 'waitrose_unit_price': '(£1.34/100ml)', 'waitrose_new_flag': None, 'waitrose_prod_name': 'Argan + Argan Oil 5Oil Miracle Shampoo 300ml', 'images': []}
DEBUG: Scraped from <200 https://www.waitrose.com/ecom/shop/browse/groceries/toiletries_health_and_beauty/hair_care/shampoo>
{'client': 'Waitrose', 'time': datetime.datetime(2020, 8, 29, 18, 48, 20, 676662), 'category': 'Shampoo', 'id': 'tPp425163-526469-526470', 'prod_name': 'Frizz Ease Shampoo Miraculous Recovery', 'waitrose_Qty': '250ml', 'waitrose_discounted_price': '£3.99', 'waitrose_offer_desc': 'Save 1/3.', 'waitrose_url': 'https://www.waitrose.com/ecom/shop/browse/groceries/toiletries_health_and_beauty/hair_care/shampoo', 'waitrose_rating': None, 'waitrose_unit_price': '(£1.60/100ml)', 'waitrose_new_flag': None, 'waitrose_prod_name': 'Frizz Ease Shampoo Miraculous Recovery 250ml', 'images': []}
DEBUG: Scraped from <200 https://www.waitrose.com/ecom/shop/browse/groceries/toiletries_health_and_beauty/hair_care/shampoo>
{'client': 'Waitrose', 'time': datetime.datetime(2020, 8, 29, 18, 48, 20, 676662), 'category': 'Shampoo', 'id': 'tPp757780-107799-107800', 'prod_name': 'Head & Shoulders 2in1 Classic Clean', 'waitrose_Qty': '450ml', 'waitrose_discounted_price': '£5.15', 'waitrose_offer_desc': None, 'waitrose_url': 'https://www.waitrose.com/ecom/shop/browse/groceries/toiletries_health_and_beauty/hair_care/shampoo', 'waitrose_rating': '4', 'waitrose_unit_price': '(£1.15/100ml)', 'waitrose_new_flag': None, 'waitrose_prod_name': 'Head & Shoulders 2in1 Classic Clean 450ml', 'images': []}
DEBUG: Scraped from <200 https://www.waitrose.com/ecom/shop/browse/groceries/toiletries_health_and_beauty/hair_care/shampoo>
{'client': 'Waitrose', 'time': datetime.datetime(2020, 8, 29, 18, 48, 20, 676662), 'category': 'Shampoo', 'id': 'tPp538896-720173-720174', 'prod_name': 'Herbal Essences Argan Oil Shampoo', 'waitrose_Qty': '250ml', 'waitrose_discounted_price': '£2.00', 'waitrose_offer_desc': 'Save 1/3.', 'waitrose_url': 'https://www.waitrose.com/ecom/shop/browse/groceries/toiletries_health_and_beauty/hair_care/shampoo', 'waitrose_rating': None, 'waitrose_unit_price': '(80p/100ml)', 'waitrose_new_flag': None, 'waitrose_prod_name': 'Herbal Essences Argan Oil Shampoo 250ml', 'images': []}
DEBUG: Scraped from <200 https://www.waitrose.com/ecom/shop/browse/groceries/toiletries_health_and_beauty/hair_care/shampoo>
{'client': 'Waitrose', 'time': datetime.datetime(2020, 8, 29, 18, 48, 20, 676662), 'category': 'Shampoo', 'id': 'tPp747801-683764-683765', 'prod_name': 'Aussie Shampoo Scent-sational', 'waitrose_Qty': '300ml', 'waitrose_discounted_price': '£2.00', 'waitrose_offer_desc': 'Half Price.', 'waitrose_url': 'https://www.waitrose.com/ecom/shop/browse/groceries/toiletries_health_and_beauty/hair_care/shampoo', 'waitrose_rating': '5', 'waitrose_unit_price': '(66.7p/100ml)', 'waitrose_new_flag': None, 'waitrose_prod_name': 'Aussie Shampoo Scent-sational 300ml', 'images': []}
DEBUG: Scraped from <200 https://www.waitrose.com/ecom/shop/browse/groceries/toiletries_health_and_beauty/hair_care/shampoo>
{'client': 'Waitrose', 'time': datetime.datetime(2020, 8, 29, 18, 48, 20, 676662), 'category': 'Shampoo', 'id': 'tPp819340-720339-720340', 'prod_name': 'Head & Shoulders Supreme Shampoo', 'waitrose_Qty': '400ml', 'waitrose_discounted_price': '£3.33', 'waitrose_offer_desc': 'Save 1/3.', 'waitrose_url': 'https://www.waitrose.com/ecom/shop/browse/groceries/toiletries_health_and_beauty/hair_care/shampoo', 'waitrose_rating': None, 'waitrose_unit_price': '(83.3p/100ml)', 'waitrose_new_flag': None, 'waitrose_prod_name': 'Head & Shoulders Supreme Shampoo 400ml', 'images': []}
DEBUG: Scraped from <200 https://www.waitrose.com/ecom/shop/browse/groceries/toiletries_health_and_beauty/hair_care/shampoo>
{'client': 'Waitrose', 'time': datetime.datetime(2020, 8, 29, 18, 48, 20, 676662), 'category': 'Shampoo', 'id': 'tPp455905-591789-591790', 'prod_name': 'Herbal Essences clean Shampoo', 'waitrose_Qty': '400ml', 'waitrose_discounted_price': '£4.50', 'waitrose_offer_desc': None, 'waitrose_url': 'https://www.waitrose.com/ecom/shop/browse/groceries/toiletries_health_and_beauty/hair_care/shampoo', 'waitrose_rating': None, 'waitrose_unit_price': '(£1.13/100ml)', 'waitrose_new_flag': None, 'waitrose_prod_name': 'Herbal Essences clean Shampoo 400ml', 'images': []}
DEBUG: Scraped from <200 https://www.waitrose.com/ecom/shop/browse/groceries/toiletries_health_and_beauty/hair_care/shampoo>
{'client': 'Waitrose', 'time': datetime.datetime(2020, 8, 29, 18, 48, 20, 676662), 'category': 'Shampoo', 'id': 'tPp657721-694179-694180', 'prod_name': 'Pantene 3 in 1 Classic Clean', 'waitrose_Qty': '450ml', 'waitrose_discounted_price': '£3.75', 'waitrose_offer_desc': None, 'waitrose_url': 'https://www.waitrose.com/ecom/shop/browse/groceries/toiletries_health_and_beauty/hair_care/shampoo', 'waitrose_rating': None, 'waitrose_unit_price': '(83.3p/100ml)', 'waitrose_new_flag': None, 'waitrose_prod_name': 'Pantene 3 in 1 Classic Clean 450ml', 'images': []}
DEBUG: Scraped from <200 https://www.waitrose.com/ecom/shop/browse/groceries/toiletries_health_and_beauty/hair_care/shampoo>
{'client': 'Waitrose', 'time': datetime.datetime(2020, 8, 29, 18, 48, 20, 676662), 'category': 'Shampoo', 'id': 'tPp836753-694201-694202', 'prod_name': 'Pantene Volume & Body Shampoo', 'waitrose_Qty': '500ml', 'waitrose_discounted_price': '£5.15', 'waitrose_offer_desc': None, 'waitrose_url': 'https://www.waitrose.com/ecom/shop/browse/groceries/toiletries_health_and_beauty/hair_care/shampoo', 'waitrose_rating': None, 'waitrose_unit_price': '(£1.03/100ml)', 'waitrose_new_flag': None, 'waitrose_prod_name': 'Pantene Volume & Body Shampoo 500ml', 'images': []}
DEBUG: Scraped from <200 https://www.waitrose.com/ecom/shop/browse/groceries/toiletries_health_and_beauty/hair_care/shampoo>
{'client': 'Waitrose', 'time': datetime.datetime(2020, 8, 29, 18, 48, 20, 676662), 'category': 'Shampoo', 'id': 'tPp847454-724141-724142', 'prod_name': 'Faith in Nature Grapefruit Shampoo', 'waitrose_Qty': '400ml', 'waitrose_discounted_price': '£3.86', 'waitrose_offer_desc': 'Save 1/3.', 'waitrose_url': 'https://www.waitrose.com/ecom/shop/browse/groceries/toiletries_health_and_beauty/hair_care/shampoo', 'waitrose_rating': None, 'waitrose_unit_price': '(96.5p/100ml)', 'waitrose_new_flag': None, 'waitrose_prod_name': 'Faith in Nature Grapefruit Shampoo 400ml', 'images': []}
DEBUG: Scraped from <200 https://www.waitrose.com/ecom/shop/browse/groceries/toiletries_health_and_beauty/hair_care/shampoo>
{'client': 'Waitrose', 'time': datetime.datetime(2020, 8, 29, 18, 48, 20, 676662), 'category': 'Shampoo', 'id': 'tPp895328-495224-495225', 'prod_name': 'DGJ Kids Detangle Shampoo', 'waitrose_Qty': '250ml', 'waitrose_discounted_price': '£1.75', 'waitrose_offer_desc': 'Half Price.', 'waitrose_url': 'https://www.waitrose.com/ecom/shop/browse/groceries/toiletries_health_and_beauty/hair_care/shampoo', 'waitrose_rating': None, 'waitrose_unit_price': '(70p/100ml)', 'waitrose_new_flag': None, 'waitrose_prod_name': 'DGJ Kids Detangle Shampoo 250ml', 'images': []}
DEBUG: Scraped from <200 https://www.waitrose.com/ecom/shop/browse/groceries/toiletries_health_and_beauty/hair_care/shampoo>
{'client': 'Waitrose', 'time': datetime.datetime(2020, 8, 29, 18, 48, 20, 676662), 'category': 'Shampoo', 'id': 'tPp065299-33095-33096', 'prod_name': 'Frizz Ease Dream Curls Shampoo', 'waitrose_Qty': '250ml', 'waitrose_discounted_price': '£3.99', 'waitrose_offer_desc': 'Save 1/3.', 'waitrose_url': 'https://www.waitrose.com/ecom/shop/browse/groceries/toiletries_health_and_beauty/hair_care/shampoo', 'waitrose_rating': '5', 'waitrose_unit_price': '(£1.60/100ml)', 'waitrose_new_flag': None, 'waitrose_prod_name': 'Frizz Ease Dream Curls Shampoo 250ml', 'images': []}
DEBUG: Scraped from <200 https://www.waitrose.com/ecom/shop/browse/groceries/toiletries_health_and_beauty/hair_care/shampoo>
{'client': 'Waitrose', 'time': datetime.datetime(2020, 8, 29, 18, 48, 20, 676662), 'category': 'Shampoo', 'id': 'tPp472240-591833-591834', 'prod_name': 'Herbal Essences Repair Shampoo', 'waitrose_Qty': '400ml', 'waitrose_discounted_price': '£4.50', 'waitrose_offer_desc': None, 'waitrose_url': 'https://www.waitrose.com/ecom/shop/browse/groceries/toiletries_health_and_beauty/hair_care/shampoo', 'waitrose_rating': '5', 'waitrose_unit_price': '(£1.13/100ml)', 'waitrose_new_flag': None, 'waitrose_prod_name': 'Herbal Essences Repair Shampoo 400ml', 'images': []}
DEBUG: Scraped from <200 https://www.waitrose.com/ecom/shop/browse/groceries/toiletries_health_and_beauty/hair_care/shampoo>
{'client': 'Waitrose', 'time': datetime.datetime(2020, 8, 29, 18, 48, 20, 676662), 'category': 'Shampoo', 'id': 'tPp582132-472091-472092', 'prod_name': 'Ogx Argan Oil Morocco Shampoo', 'waitrose_Qty': '385ml', 'waitrose_discounted_price': '£7.00', 'waitrose_offer_desc': None, 'waitrose_url': 'https://www.waitrose.com/ecom/shop/browse/groceries/toiletries_health_and_beauty/hair_care/shampoo', 'waitrose_rating': '4', 'waitrose_unit_price': '(£1.82/100ml)', 'waitrose_new_flag': None, 'waitrose_prod_name': 'Ogx Argan Oil Morocco Shampoo 385ml', 'images': []}
DEBUG: Scraped from <200 https://www.waitrose.com/ecom/shop/browse/groceries/toiletries_health_and_beauty/hair_care/shampoo>
{'client': 'Waitrose', 'time': datetime.datetime(2020, 8, 29, 18, 48, 20, 676662), 'category': 'Shampoo', 'id': 'tPp464815-154487-154488', 'prod_name': 'Batiste original dry shampoo', 'waitrose_Qty': '200ml', 'waitrose_discounted_price': '£3.00', 'waitrose_offer_desc': None, 'waitrose_url': 'https://www.waitrose.com/ecom/shop/browse/groceries/toiletries_health_and_beauty/hair_care/shampoo', 'waitrose_rating': '5', 'waitrose_unit_price': '(£1.50/100ml)', 'waitrose_new_flag': None, 'waitrose_prod_name': 'Batiste original dry shampoo 200ml', 'images': []}
DEBUG: Scraped from <200 https://www.waitrose.com/ecom/shop/browse/groceries/toiletries_health_and_beauty/hair_care/shampoo>
{'client': 'Waitrose', 'time': datetime.datetime(2020, 8, 29, 18, 48, 20, 676662), 'category': 'Shampoo', 'id': 'tPp502437-720153-720154', 'prod_name': 'Aussie Calm The Frizz Shampoo', 'waitrose_Qty': '300ml', 'waitrose_discounted_price': '£2.00', 'waitrose_offer_desc': 'Half Price.', 'waitrose_url': 'https://www.waitrose.com/ecom/shop/browse/groceries/toiletries_health_and_beauty/hair_care/shampoo', 'waitrose_rating': None, 'waitrose_unit_price': '(66.7p/100ml)', 'waitrose_new_flag': None, 'waitrose_prod_name': 'Aussie Calm The Frizz Shampoo 300ml', 'images': []}
DEBUG: Scraped from <200 https://www.waitrose.com/ecom/shop/browse/groceries/toiletries_health_and_beauty/hair_care/shampoo>
{'client': 'Waitrose', 'time': datetime.datetime(2020, 8, 29, 18, 48, 20, 676662), 'category': 'Shampoo', 'id': 'tPp839781-154875-154876', 'prod_name': 'Aussie miracle moist shampoo', 'waitrose_Qty': '500ml', 'waitrose_discounted_price': '£6.15', 'waitrose_offer_desc': None, 'waitrose_url': 'https://www.waitrose.com/ecom/shop/browse/groceries/toiletries_health_and_beauty/hair_care/shampoo', 'waitrose_rating': None, 'waitrose_unit_price': '(£1.23/100ml)', 'waitrose_new_flag': None, 'waitrose_prod_name': 'Aussie miracle moist shampoo 500ml', 'images': []}
DEBUG: Scraped from <200 https://www.waitrose.com/ecom/shop/browse/groceries/toiletries_health_and_beauty/hair_care/shampoo>
{'client': 'Waitrose', 'time': datetime.datetime(2020, 8, 29, 18, 48, 20, 676662), 'category': 'Shampoo', 'id': 'tPp882824-154983-154984', 'prod_name': 'Head & Shoulders itchy scalp shampoo', 'waitrose_Qty': '500ml', 'waitrose_discounted_price': '£5.15', 'waitrose_offer_desc': None, 'waitrose_url': 'https://www.waitrose.com/ecom/shop/browse/groceries/toiletries_health_and_beauty/hair_care/shampoo', 'waitrose_rating': '5', 'waitrose_unit_price': '(£1.03/100ml)', 'waitrose_new_flag': None, 'waitrose_prod_name': 'Head & Shoulders itchy scalp shampoo 500ml', 'images': []}
DEBUG: Scraped from <200 https://www.waitrose.com/ecom/shop/browse/groceries/toiletries_health_and_beauty/hair_care/shampoo>
{'client': 'Waitrose', 'time': datetime.datetime(2020, 8, 29, 18, 48, 20, 676662), 'category': 'Shampoo', 'id': 'tPp407453-471203-471204', 'prod_name': 'Ogx Biotin & Collagen Shampoo', 'waitrose_Qty': '385ml', 'waitrose_discounted_price': '£7.00', 'waitrose_offer_desc': None, 'waitrose_url': 'https://www.waitrose.com/ecom/shop/browse/groceries/toiletries_health_and_beauty/hair_care/shampoo', 'waitrose_rating': None, 'waitrose_unit_price': '(£1.82/100ml)', 'waitrose_new_flag': None, 'waitrose_prod_name': 'Ogx Biotin & Collagen Shampoo 385ml', 'images': []}
DEBUG: Scraped from <200 https://www.waitrose.com/ecom/shop/browse/groceries/toiletries_health_and_beauty/hair_care/shampoo>
{'client': 'Waitrose', 'time': datetime.datetime(2020, 8, 29, 18, 48, 20, 676662), 'category': 'Shampoo', 'id': 'tPp725068-723986-723987', 'prod_name': 'Faith in Nature Lavender Shampoo', 'waitrose_Qty': '400ml', 'waitrose_discounted_price': '£3.86', 'waitrose_offer_desc': 'Save 1/3.', 'waitrose_url': 'https://www.waitrose.com/ecom/shop/browse/groceries/toiletries_health_and_beauty/hair_care/shampoo', 'waitrose_rating': None, 'waitrose_unit_price': '(96.5p/100ml)', 'waitrose_new_flag': None, 'waitrose_prod_name': 'Faith in Nature Lavender Shampoo 400ml', 'images': []}
DEBUG: Scraped from <200 https://www.waitrose.com/ecom/shop/browse/groceries/toiletries_health_and_beauty/hair_care/shampoo>
{'client': 'Waitrose', 'time': datetime.datetime(2020, 8, 29, 18, 48, 20, 676662), 'category': 'Shampoo', 'id': 'tPp821139-694191-694192', 'prod_name': 'Pantene Smooth & Sleek Shampoo', 'waitrose_Qty': '500ml', 'waitrose_discounted_price': '£5.15', 'waitrose_offer_desc': None, 'waitrose_url': 'https://www.waitrose.com/ecom/shop/browse/groceries/toiletries_health_and_beauty/hair_care/shampoo', 'waitrose_rating': None, 'waitrose_unit_price': '(£1.03/100ml)', 'waitrose_new_flag': None, 'waitrose_prod_name': 'Pantene Smooth & Sleek Shampoo 500ml', 'images': []}
DEBUG: Scraped from <200 https://www.waitrose.com/ecom/shop/browse/groceries/toiletries_health_and_beauty/hair_care/shampoo>
{'client': 'Waitrose', 'time': datetime.datetime(2020, 8, 29, 18, 48, 20, 676662), 'category': 'Shampoo', 'id': 'tPp755349-720291-720292', 'prod_name': 'Herbal Essences Aloe & Mango Shampoo', 'waitrose_Qty': '380ml', 'waitrose_discounted_price': '£4.50', 'waitrose_offer_desc': None, 'waitrose_url': 'https://www.waitrose.com/ecom/shop/browse/groceries/toiletries_health_and_beauty/hair_care/shampoo', 'waitrose_rating': None, 'waitrose_unit_price': '(£1.19/100ml)', 'waitrose_new_flag': None, 'waitrose_prod_name': 'Herbal Essences Aloe & Mango Shampoo 380ml', 'images': []}
DEBUG: Scraped from <200 https://www.waitrose.com/ecom/shop/browse/groceries/toiletries_health_and_beauty/hair_care/shampoo>
{'client': 'Waitrose', 'time': datetime.datetime(2020, 8, 29, 18, 48, 20, 676662), 'category': 'Shampoo', 'id': 'tPp740653-352034-352035', 'prod_name': 'essential Waitrose Anti-Dandruff 2 in 1', 'waitrose_Qty': '300ml', 'waitrose_discounted_price': '£1.00', 'waitrose_offer_desc': None, 'waitrose_url': 'https://www.waitrose.com/ecom/shop/browse/groceries/toiletries_health_and_beauty/hair_care/shampoo', 'waitrose_rating': '4', 'waitrose_unit_price': '(33.3p/100ml)', 'waitrose_new_flag': None, 'waitrose_prod_name': 'essential Waitrose Anti-Dandruff 2 in 1 300ml', 'images': []}
DEBUG: Scraped from <200 https://www.waitrose.com/ecom/shop/browse/groceries/toiletries_health_and_beauty/hair_care/shampoo>
{'client': 'Waitrose', 'time': datetime.datetime(2020, 8, 29, 18, 48, 20, 676662), 'category': 'Shampoo', 'id': 'tPp502050-631293-631294', 'prod_name': 'Hask Argan Oil Repairing Shampoo', 'waitrose_Qty': '355ml', 'waitrose_discounted_price': '£4.66', 'waitrose_offer_desc': 'Save 1/3.', 'waitrose_url': 'https://www.waitrose.com/ecom/shop/browse/groceries/toiletries_health_and_beauty/hair_care/shampoo', 'waitrose_rating': '3.7', 'waitrose_unit_price': '(£1.32/100ml)', 'waitrose_new_flag': None, 'waitrose_prod_name': 'Hask Argan Oil Repairing Shampoo 355ml', 'images': []}
DEBUG: Scraped from <200 https://www.waitrose.com/ecom/shop/browse/groceries/toiletries_health_and_beauty/hair_care/shampoo>
{'client': 'Waitrose', 'time': datetime.datetime(2020, 8, 29, 18, 48, 20, 676662), 'category': 'Shampoo', 'id': 'tPp402915-526384-526385', 'prod_name': 'John Frieda Violet Crush Shampoo', 'waitrose_Qty': '250ml', 'waitrose_discounted_price': '£3.99', 'waitrose_offer_desc': 'Save 1/3.', 'waitrose_url': 'https://www.waitrose.com/ecom/shop/browse/groceries/toiletries_health_and_beauty/hair_care/shampoo', 'waitrose_rating': '5', 'waitrose_unit_price': '(£1.60/100ml)', 'waitrose_new_flag': None, 'waitrose_prod_name': 'John Frieda Violet Crush Shampoo 250ml', 'images': []}
DEBUG: Scraped from <200 https://www.waitrose.com/ecom/shop/browse/groceries/toiletries_health_and_beauty/hair_care/shampoo>
{'client': 'Waitrose', 'time': datetime.datetime(2020, 8, 29, 18, 48, 20, 676662), 'category': 'Shampoo', 'id': 'tPp490113-591883-591884', 'prod_name': 'Herbal Essences Volume Shampoo', 'waitrose_Qty': '400ml', 'waitrose_discounted_price': '£4.50', 'waitrose_offer_desc': None, 'waitrose_url': 'https://www.waitrose.com/ecom/shop/browse/groceries/toiletries_health_and_beauty/hair_care/shampoo', 'waitrose_rating': '5', 'waitrose_unit_price': '(£1.13/100ml)', 'waitrose_new_flag': None, 'waitrose_prod_name': 'Herbal Essences Volume Shampoo 400ml', 'images': []}
DEBUG: Scraped from <200 https://www.waitrose.com/ecom/shop/browse/groceries/toiletries_health_and_beauty/hair_care/shampoo>
{'client': 'Waitrose', 'time': datetime.datetime(2020, 8, 29, 18, 48, 20, 676662), 'category': 'Shampoo', 'id': 'tPp884562-720413-720414', 'prod_name': 'Maui Moisture Shea Butter Shampoo', 'waitrose_Qty': '385ml', 'waitrose_discounted_price': '£6.00', 'waitrose_offer_desc': 'Save 1/3.', 'waitrose_url': 'https://www.waitrose.com/ecom/shop/browse/groceries/toiletries_health_and_beauty/hair_care/shampoo', 'waitrose_rating': None, 'waitrose_unit_price': '(£1.56/100ml)', 'waitrose_new_flag': None, 'waitrose_prod_name': 'Maui Moisture Shea Butter Shampoo 385ml', 'images': []}
DEBUG: Scraped from <200 https://www.waitrose.com/ecom/shop/browse/groceries/toiletries_health_and_beauty/hair_care/shampoo>
{'client': 'Waitrose', 'time': datetime.datetime(2020, 8, 29, 18, 48, 20, 676662), 'category': 'Shampoo', 'id': 'tPp687186-337057-337058', 'prod_name': 'Argan + Argan Oil Rejuvenating Shampoo', 'waitrose_Qty': '300ml', 'waitrose_discounted_price': '£4.00', 'waitrose_offer_desc': 'Save 1/3.', 'waitrose_url': 'https://www.waitrose.com/ecom/shop/browse/groceries/toiletries_health_and_beauty/hair_care/shampoo', 'waitrose_rating': '5', 'waitrose_unit_price': '(£1.34/100ml)', 'waitrose_new_flag': None, 'waitrose_prod_name': 'Argan + Argan Oil Rejuvenating Shampoo 300ml', 'images': []}
DEBUG: Scraped from <200 https://www.waitrose.com/ecom/shop/browse/groceries/toiletries_health_and_beauty/hair_care/shampoo>
{'client': 'Waitrose', 'time': datetime.datetime(2020, 8, 29, 18, 48, 20, 676662), 'category': 'Shampoo', 'id': 'tPp486943-68769-68770', 'prod_name': 'Head & Shoulders 2in1 classic clean', 'waitrose_Qty': '225ml', 'waitrose_discounted_price': '£3.00', 'waitrose_offer_desc': None, 'waitrose_url': 'https://www.waitrose.com/ecom/shop/browse/groceries/toiletries_health_and_beauty/hair_care/shampoo', 'waitrose_rating': '4', 'waitrose_unit_price': '(£1.34/100ml)', 'waitrose_new_flag': None, 'waitrose_prod_name': 'Head & Shoulders 2in1 classic clean 225ml', 'images': []}
DEBUG: Scraped from <200 https://www.waitrose.com/ecom/shop/browse/groceries/toiletries_health_and_beauty/hair_care/shampoo>
{'client': 'Waitrose', 'time': datetime.datetime(2020, 8, 29, 18, 48, 20, 676662), 'category': 'Shampoo', 'id': 'tPp583946-82773-82774', 'prod_name': "Neal's Yard Lavender Shampoo", 'waitrose_Qty': '200ml', 'waitrose_discounted_price': '£7.66', 'waitrose_offer_desc': 'Save 1/3.', 'waitrose_url': 'https://www.waitrose.com/ecom/shop/browse/groceries/toiletries_health_and_beauty/hair_care/shampoo', 'waitrose_rating': '2.3', 'waitrose_unit_price': '(£3.83/100ml)', 'waitrose_new_flag': None, 'waitrose_prod_name': "Neal's Yard Lavender Shampoo 200ml", 'images': []}
DEBUG: Scraped from <200 https://www.waitrose.com/ecom/shop/browse/groceries/toiletries_health_and_beauty/hair_care/shampoo>
{'client': 'Waitrose', 'time': datetime.datetime(2020, 8, 29, 18, 48, 20, 676662), 'category': 'Shampoo', 'id': 'tPp711086-652694-652695', 'prod_name': 'Head & Shoulders Supreme Moisture', 'waitrose_Qty': '400ml', 'waitrose_discounted_price': '£3.43', 'waitrose_offer_desc': 'Save 1/3.', 'waitrose_url': 'https://www.waitrose.com/ecom/shop/browse/groceries/toiletries_health_and_beauty/hair_care/shampoo', 'waitrose_rating': None, 'waitrose_unit_price': '(85.8p/100ml)', 'waitrose_new_flag': None, 'waitrose_prod_name': 'Head & Shoulders Supreme Moisture 400ml', 'images': []}
DEBUG: Scraped from <200 https://www.waitrose.com/ecom/shop/browse/groceries/toiletries_health_and_beauty/hair_care/shampoo>
{'client': 'Waitrose', 'time': datetime.datetime(2020, 8, 29, 18, 48, 20, 676662), 'category': 'Shampoo', 'id': 'tPp895244-495222-495223', 'prod_name': 'DGJ Clarifying Shampoo', 'waitrose_Qty': '250ml', 'waitrose_discounted_price': '£2.50', 'waitrose_offer_desc': 'Half Price.', 'waitrose_url': 'https://www.waitrose.com/ecom/shop/browse/groceries/toiletries_health_and_beauty/hair_care/shampoo', 'waitrose_rating': None, 'waitrose_unit_price': '(£1/100ml)', 'waitrose_new_flag': None, 'waitrose_prod_name': 'DGJ Clarifying Shampoo 250ml', 'images': []}
DEBUG: Scraped from <200 https://www.waitrose.com/ecom/shop/browse/groceries/toiletries_health_and_beauty/hair_care/shampoo>
{'client': 'Waitrose', 'time': datetime.datetime(2020, 8, 29, 18, 48, 20, 676662), 'category': 'Shampoo', 'id': 'tPp702159-494964-494965', 'prod_name': 'DGJ Argan Oil Shampoo', 'waitrose_Qty': '250ml', 'waitrose_discounted_price': '£2.50', 'waitrose_offer_desc': 'Half Price.', 'waitrose_url': 'https://www.waitrose.com/ecom/shop/browse/groceries/toiletries_health_and_beauty/hair_care/shampoo', 'waitrose_rating': None, 'waitrose_unit_price': '(£1/100ml)', 'waitrose_new_flag': None, 'waitrose_prod_name': 'DGJ Argan Oil Shampoo 250ml', 'images': []}
DEBUG: Scraped from <200 https://www.waitrose.com/ecom/shop/browse/groceries/toiletries_health_and_beauty/hair_care/shampoo>
{'client': 'Waitrose', 'time': datetime.datetime(2020, 8, 29, 18, 48, 20, 676662), 'category': 'Shampoo', 'id': 'tPp868154-695990-695991', 'prod_name': 'Hair Biology Purple Shampoo', 'waitrose_Qty': '250ml', 'waitrose_discounted_price': '£4.50', 'waitrose_offer_desc': None, 'waitrose_url': 'https://www.waitrose.com/ecom/shop/browse/groceries/toiletries_health_and_beauty/hair_care/shampoo', 'waitrose_rating': None, 'waitrose_unit_price': '(£1.80/100ml)', 'waitrose_new_flag': None, 'waitrose_prod_name': 'Hair Biology Purple Shampoo 250ml', 'images': []}
DEBUG: Scraped from <200 https://www.waitrose.com/ecom/shop/browse/groceries/toiletries_health_and_beauty/hair_care/shampoo>
{'client': 'Waitrose', 'time': datetime.datetime(2020, 8, 29, 18, 48, 20, 676662), 'category': 'Shampoo', 'id': 'tPp062495-31737-31738', 'prod_name': 'Neutrogena T/Gel shampoo dry hair', 'waitrose_Qty': '125ml', 'waitrose_discounted_price': '£5.15', 'waitrose_offer_desc': None, 'waitrose_url': 'https://www.waitrose.com/ecom/shop/browse/groceries/toiletries_health_and_beauty/hair_care/shampoo', 'waitrose_rating': None, 'waitrose_unit_price': '(£4.12/100ml)', 'waitrose_new_flag': None, 'waitrose_prod_name': 'Neutrogena T/Gel shampoo dry hair 125ml', 'images': []}
DEBUG: Scraped from <200 https://www.waitrose.com/ecom/shop/browse/groceries/toiletries_health_and_beauty/hair_care/shampoo>
{'client': 'Waitrose', 'time': datetime.datetime(2020, 8, 29, 18, 48, 20, 676662), 'category': 'Shampoo', 'id': 'tPp581617-694173-694174', 'prod_name': 'Pantene Colour Protect Shampoo', 'waitrose_Qty': '500ml', 'waitrose_discounted_price': '£5.15', 'waitrose_offer_desc': None, 'waitrose_url': 'https://www.waitrose.com/ecom/shop/browse/groceries/toiletries_health_and_beauty/hair_care/shampoo', 'waitrose_rating': None, 'waitrose_unit_price': '(£1.03/100ml)', 'waitrose_new_flag': None, 'waitrose_prod_name': 'Pantene Colour Protect Shampoo 500ml', 'images': []}
DEBUG: Scraped from <200 https://www.waitrose.com/ecom/shop/browse/groceries/toiletries_health_and_beauty/hair_care/shampoo>
{'client': 'Waitrose', 'time': datetime.datetime(2020, 8, 29, 18, 48, 20, 676662), 'category': 'Shampoo', 'id': 'tPp047805-23664-23665', 'prod_name': 'Avalon Organics tea tree shampoo', 'waitrose_Qty': '325ml', 'waitrose_discounted_price': '£7.00', 'waitrose_offer_desc': None, 'waitrose_url': 'https://www.waitrose.com/ecom/shop/browse/groceries/toiletries_health_and_beauty/hair_care/shampoo', 'waitrose_rating': '4.9', 'waitrose_unit_price': '(£2.16/100ml)', 'waitrose_new_flag': None, 'waitrose_prod_name': 'Avalon Organics tea tree shampoo 325ml', 'images': []}
DEBUG: Scraped from <200 https://www.waitrose.com/ecom/shop/browse/groceries/toiletries_health_and_beauty/hair_care/shampoo>
{'client': 'Waitrose', 'time': datetime.datetime(2020, 8, 29, 18, 48, 20, 676662), 'category': 'Shampoo', 'id': 'tPp627460-154629-154630', 'prod_name': 'Aussie mega shampoo', 'waitrose_Qty': '500ml', 'waitrose_discounted_price': '£6.15', 'waitrose_offer_desc': None, 'waitrose_url': 'https://www.waitrose.com/ecom/shop/browse/groceries/toiletries_health_and_beauty/hair_care/shampoo', 'waitrose_rating': '3.8', 'waitrose_unit_price': '(£1.23/100ml)', 'waitrose_new_flag': None, 'waitrose_prod_name': 'Aussie mega shampoo 500ml', 'images': []}
DEBUG: Scraped from <200 https://www.waitrose.com/ecom/shop/browse/groceries/toiletries_health_and_beauty/hair_care/shampoo>
{'client': 'Waitrose', 'time': datetime.datetime(2020, 8, 29, 18, 48, 20, 676662), 'category': 'Shampoo', 'id': 'tPp855140-216863-216864', 'prod_name': 'Ogx Coconut Milk Shampoo', 'waitrose_Qty': '385ml', 'waitrose_discounted_price': '£7.00', 'waitrose_offer_desc': None, 'waitrose_url': 'https://www.waitrose.com/ecom/shop/browse/groceries/toiletries_health_and_beauty/hair_care/shampoo', 'waitrose_rating': '5', 'waitrose_unit_price': '(£1.82/100ml)', 'waitrose_new_flag': None, 'waitrose_prod_name': 'Ogx Coconut Milk Shampoo 385ml', 'images': []}
DEBUG: Scraped from <200 https://www.waitrose.com/ecom/shop/browse/groceries/toiletries_health_and_beauty/hair_care/shampoo>
{'client': 'Waitrose', 'time': datetime.datetime(2020, 8, 29, 18, 48, 20, 676662), 'category': 'Shampoo', 'id': 'tPp756229-563906-563907', 'prod_name': 'Head & Shoulders 2 in 1 Total Care', 'waitrose_Qty': '225ml', 'waitrose_discounted_price': '£3.00', 'waitrose_offer_desc': None, 'waitrose_url': 'https://www.waitrose.com/ecom/shop/browse/groceries/toiletries_health_and_beauty/hair_care/shampoo', 'waitrose_rating': None, 'waitrose_unit_price': '(£1.34/100ml)', 'waitrose_new_flag': None, 'waitrose_prod_name': 'Head & Shoulders 2 in 1 Total Care 225ml', 'images': []}
DEBUG: Scraped from <200 https://www.waitrose.com/ecom/shop/browse/groceries/toiletries_health_and_beauty/hair_care/shampoo>
{'client': 'Waitrose', 'time': datetime.datetime(2020, 8, 29, 18, 48, 20, 676662), 'category': 'Shampoo', 'id': 'tPp865734-216867-216868', 'prod_name': 'Ogx Argan Oil of Morocco Shampoo', 'waitrose_Qty': '385ml', 'waitrose_discounted_price': '£7.00', 'waitrose_offer_desc': None, 'waitrose_url': 'https://www.waitrose.com/ecom/shop/browse/groceries/toiletries_health_and_beauty/hair_care/shampoo', 'waitrose_rating': '3.4', 'waitrose_unit_price': '(£1.82/100ml)', 'waitrose_new_flag': None, 'waitrose_prod_name': 'Ogx Argan Oil of Morocco Shampoo 385ml', 'images': []}
DEBUG: Scraped from <200 https://www.waitrose.com/ecom/shop/browse/groceries/toiletries_health_and_beauty/hair_care/shampoo>
{'client': 'Waitrose', 'time': datetime.datetime(2020, 8, 29, 18, 48, 20, 676662), 'category': 'Shampoo', 'id': 'tPp414862-695397-695398', 'prod_name': 'Noughty Wave Hello Shampoo', 'waitrose_Qty': '250ml', 'waitrose_discounted_price': '£4.66', 'waitrose_offer_desc': 'Save 1/3.', 'waitrose_url': 'https://www.waitrose.com/ecom/shop/browse/groceries/toiletries_health_and_beauty/hair_care/shampoo', 'waitrose_rating': None, 'waitrose_unit_price': '(£1.87/100ml)', 'waitrose_new_flag': None, 'waitrose_prod_name': 'Noughty Wave Hello Shampoo 250ml', 'images': []}
DEBUG: Scraped from <200 https://www.waitrose.com/ecom/shop/browse/groceries/toiletries_health_and_beauty/hair_care/shampoo>
{'client': 'Waitrose', 'time': datetime.datetime(2020, 8, 29, 18, 48, 20, 676662), 'category': 'Shampoo', 'id': 'tPp886458-216893-216894', 'prod_name': 'Ogx Brazilian Keratin Shampoo', 'waitrose_Qty': '385ml', 'waitrose_discounted_price': '£7.00', 'waitrose_offer_desc': None, 'waitrose_url': 'https://www.waitrose.com/ecom/shop/browse/groceries/toiletries_health_and_beauty/hair_care/shampoo', 'waitrose_rating': '5', 'waitrose_unit_price': '(£1.82/100ml)', 'waitrose_new_flag': None, 'waitrose_prod_name': 'Ogx Brazilian Keratin Shampoo 385ml', 'images': []}
DEBUG: Scraped from <200 https://www.waitrose.com/ecom/shop/browse/groceries/toiletries_health_and_beauty/hair_care/shampoo>
{'client': 'Waitrose', 'time': datetime.datetime(2020, 8, 29, 18, 48, 20, 676662), 'category': 'Shampoo', 'id': 'tPp432893-216691-216692', 'prod_name': 'Head & Shoulders Shampoo Apple Fresh', 'waitrose_Qty': '500ml', 'waitrose_discounted_price': '£5.15', 'waitrose_offer_desc': None, 'waitrose_url': 'https://www.waitrose.com/ecom/shop/browse/groceries/toiletries_health_and_beauty/hair_care/shampoo', 'waitrose_rating': None, 'waitrose_unit_price': '(£1.03/100ml)', 'waitrose_new_flag': None, 'waitrose_prod_name': 'Head & Shoulders Shampoo Apple Fresh 500ml', 'images': []}
DEBUG: Scraped from <200 https://www.waitrose.com/ecom/shop/browse/groceries/toiletries_health_and_beauty/hair_care/shampoo>
{'client': 'Waitrose', 'time': datetime.datetime(2020, 8, 29, 18, 48, 20, 676662), 'category': 'Shampoo', 'id': 'tPp852396-695857-695858', 'prod_name': 'BECO. Honey Blossom Shampoo Bar', 'waitrose_Qty': '90g', 'waitrose_discounted_price': '£4.00', 'waitrose_offer_desc': None, 'waitrose_url': 'https://www.waitrose.com/ecom/shop/browse/groceries/toiletries_health_and_beauty/hair_care/shampoo', 'waitrose_rating': '4.9', 'waitrose_unit_price': '(£4.45/100g)', 'waitrose_new_flag': None, 'waitrose_prod_name': 'BECO. Honey Blossom Shampoo Bar 90g', 'images': []}
DEBUG: Scraped from <200 https://www.waitrose.com/ecom/shop/browse/groceries/toiletries_health_and_beauty/hair_care/shampoo>
{'client': 'Waitrose', 'time': datetime.datetime(2020, 8, 29, 18, 48, 20, 676662), 'category': 'Shampoo', 'id': 'tPp427668-591713-591714', 'prod_name': 'Herbal Essences Hydrate Shampoo', 'waitrose_Qty': '400ml', 'waitrose_discounted_price': '£4.50', 'waitrose_offer_desc': None, 'waitrose_url': 'https://www.waitrose.com/ecom/shop/browse/groceries/toiletries_health_and_beauty/hair_care/shampoo', 'waitrose_rating': '5', 'waitrose_unit_price': '(£1.13/100ml)', 'waitrose_new_flag': None, 'waitrose_prod_name': 'Herbal Essences Hydrate Shampoo 400ml', 'images': []}
DEBUG: Scraped from <200 https://www.waitrose.com/ecom/shop/browse/groceries/toiletries_health_and_beauty/hair_care/shampoo>
{'client': 'Waitrose', 'time': datetime.datetime(2020, 8, 29, 18, 48, 20, 676662), 'category': 'Shampoo', 'id': 'tPp844892-695845-695846', 'prod_name': 'Head & Shoulders Colour Protect', 'waitrose_Qty': '400ml', 'waitrose_discounted_price': '£3.33', 'waitrose_offer_desc': 'Save 1/3.', 'waitrose_url': 'https://www.waitrose.com/ecom/shop/browse/groceries/toiletries_health_and_beauty/hair_care/shampoo', 'waitrose_rating': None, 'waitrose_unit_price': '(83.3p/100ml)', 'waitrose_new_flag': None, 'waitrose_prod_name': 'Head & Shoulders Colour Protect 400ml', 'images': []}
DEBUG: Scraped from <200 https://www.waitrose.com/ecom/shop/browse/groceries/toiletries_health_and_beauty/hair_care/shampoo>
{'client': 'Waitrose', 'time': datetime.datetime(2020, 8, 29, 18, 48, 20, 676662), 'category': 'Shampoo', 'id': 'tPp645178-695617-695618', 'prod_name': 'John Frieda Shampoo Weightless Wonder', 'waitrose_Qty': '250ml', 'waitrose_discounted_price': '£3.99', 'waitrose_offer_desc': 'Save 1/3.', 'waitrose_url': 'https://www.waitrose.com/ecom/shop/browse/groceries/toiletries_health_and_beauty/hair_care/shampoo', 'waitrose_rating': '4.6', 'waitrose_unit_price': '(£1.60/100ml)', 'waitrose_new_flag': None, 'waitrose_prod_name': 'John Frieda Shampoo Weightless Wonder 250ml', 'images': []}
DEBUG: Scraped from <200 https://www.waitrose.com/ecom/shop/browse/groceries/toiletries_health_and_beauty/hair_care/shampoo>
{'client': 'Waitrose', 'time': datetime.datetime(2020, 8, 29, 18, 48, 20, 676662), 'category': 'Shampoo', 'id': 'tPp530991-695493-695494', 'prod_name': 'John Frieda Shampoo Detox & Repair', 'waitrose_Qty': '250ml', 'waitrose_discounted_price': '£3.99', 'waitrose_offer_desc': 'Save 1/3.', 'waitrose_url': 'https://www.waitrose.com/ecom/shop/browse/groceries/toiletries_health_and_beauty/hair_care/shampoo', 'waitrose_rating': None, 'waitrose_unit_price': '(£1.60/100ml)', 'waitrose_new_flag': None, 'waitrose_prod_name': 'John Frieda Shampoo Detox & Repair 250ml', 'images': []}
DEBUG: Scraped from <200 https://www.waitrose.com/ecom/shop/browse/groceries/toiletries_health_and_beauty/hair_care/shampoo>
{'client': 'Waitrose', 'time': datetime.datetime(2020, 8, 29, 18, 48, 20, 676662), 'category': 'Shampoo', 'id': 'tPp051100-25409-25410', 'prod_name': 'Sheer Blonde Moisturising Shampoo', 'waitrose_Qty': '250ml', 'waitrose_discounted_price': '£3.99', 'waitrose_offer_desc': 'Save 1/3.', 'waitrose_url': 'https://www.waitrose.com/ecom/shop/browse/groceries/toiletries_health_and_beauty/hair_care/shampoo', 'waitrose_rating': '3', 'waitrose_unit_price': '(£1.60/100ml)', 'waitrose_new_flag': None, 'waitrose_prod_name': 'Sheer Blonde Moisturising Shampoo 250ml', 'images': []}
DEBUG: Scraped from <200 https://www.waitrose.com/ecom/shop/browse/groceries/toiletries_health_and_beauty/hair_care/shampoo>
{'client': 'Waitrose', 'time': datetime.datetime(2020, 8, 29, 18, 48, 20, 676662), 'category': 'Shampoo', 'id': 'tPp820157-724089-724090', 'prod_name': 'Eco Warrior Shampoo Bar', 'waitrose_Qty': '100g', 'waitrose_discounted_price': '£4.50', 'waitrose_offer_desc': None, 'waitrose_url': 'https://www.waitrose.com/ecom/shop/browse/groceries/toiletries_health_and_beauty/hair_care/shampoo', 'waitrose_rating': None, 'waitrose_unit_price': '(£4.50/100g)', 'waitrose_new_flag': None, 'waitrose_prod_name': 'Eco Warrior Shampoo Bar 100g', 'images': []}
DEBUG: Scraped from <200 https://www.waitrose.com/ecom/shop/browse/groceries/toiletries_health_and_beauty/hair_care/shampoo>
{'client': 'Waitrose', 'time': datetime.datetime(2020, 8, 29, 18, 48, 20, 676662), 'category': 'Shampoo', 'id': 'tPp752186-631541-631542', 'prod_name': 'Ogx Coconut OIl Shampoo', 'waitrose_Qty': '385ml', 'waitrose_discounted_price': '£7.00', 'waitrose_offer_desc': None, 'waitrose_url': 'https://www.waitrose.com/ecom/shop/browse/groceries/toiletries_health_and_beauty/hair_care/shampoo', 'waitrose_rating': None, 'waitrose_unit_price': '(£1.82/100ml)', 'waitrose_new_flag': None, 'waitrose_prod_name': 'Ogx Coconut OIl Shampoo 385ml', 'images': []}
DEBUG: Scraped from <200 https://www.waitrose.com/ecom/shop/browse/groceries/toiletries_health_and_beauty/hair_care/shampoo>
{'client': 'Waitrose', 'time': datetime.datetime(2020, 8, 29, 18, 48, 20, 676662), 'category': 'Shampoo', 'id': 'tPp721134-337091-337092', 'prod_name': 'Aussie miracle shine shampoo', 'waitrose_Qty': '500ml', 'waitrose_discounted_price': '£6.00', 'waitrose_offer_desc': None, 'waitrose_url': 'https://www.waitrose.com/ecom/shop/browse/groceries/toiletries_health_and_beauty/hair_care/shampoo', 'waitrose_rating': None, 'waitrose_unit_price': '(£1.20/100ml)', 'waitrose_new_flag': None, 'waitrose_prod_name': 'Aussie miracle shine shampoo 500ml', 'images': []}
DEBUG: Scraped from <200 https://www.waitrose.com/ecom/shop/browse/groceries/toiletries_health_and_beauty/hair_care/shampoo>
{'client': 'Waitrose', 'time': datetime.datetime(2020, 8, 29, 18, 48, 20, 676662), 'category': 'Shampoo', 'id': 'tPp735751-154731-154732', 'prod_name': 'Aussie aussome volume shampoo', 'waitrose_Qty': '500ml', 'waitrose_discounted_price': '£6.10', 'waitrose_offer_desc': None, 'waitrose_url': 'https://www.waitrose.com/ecom/shop/browse/groceries/toiletries_health_and_beauty/hair_care/shampoo', 'waitrose_rating': None, 'waitrose_unit_price': '(£1.22/100ml)', 'waitrose_new_flag': None, 'waitrose_prod_name': 'Aussie aussome volume shampoo 500ml', 'images': []}
DEBUG: Scraped from <200 https://www.waitrose.com/ecom/shop/browse/groceries/toiletries_health_and_beauty/hair_care/shampoo>
{'client': 'Waitrose', 'time': datetime.datetime(2020, 8, 29, 18, 48, 20, 676662), 'category': 'Shampoo', 'id': 'tPp778297-720309-720310', 'prod_name': 'Pantene Grow Strong Shampoo', 'waitrose_Qty': '400ml', 'waitrose_discounted_price': '£3.75', 'waitrose_offer_desc': None, 'waitrose_url': 'https://www.waitrose.com/ecom/shop/browse/groceries/toiletries_health_and_beauty/hair_care/shampoo', 'waitrose_rating': None, 'waitrose_unit_price': '(93.8p/100ml)', 'waitrose_new_flag': None, 'waitrose_prod_name': 'Pantene Grow Strong Shampoo 400ml', 'images': []}
DEBUG: Scraped from <200 https://www.waitrose.com/ecom/shop/browse/groceries/toiletries_health_and_beauty/hair_care/shampoo>
{'client': 'Waitrose', 'time': datetime.datetime(2020, 8, 29, 18, 48, 20, 676662), 'category': 'Shampoo', 'id': 'tPp791725-375655-375656', 'prod_name': 'Ogx Kukuí Oil Shampoo', 'waitrose_Qty': '385ml', 'waitrose_discounted_price': '£7.00', 'waitrose_offer_desc': None, 'waitrose_url': 'https://www.waitrose.com/ecom/shop/browse/groceries/toiletries_health_and_beauty/hair_care/shampoo', 'waitrose_rating': '5', 'waitrose_unit_price': '(£1.82/100ml)', 'waitrose_new_flag': None, 'waitrose_prod_name': 'Ogx Kukuí Oil Shampoo 385ml', 'images': []}
DEBUG: Scraped from <200 https://www.waitrose.com/ecom/shop/browse/groceries/toiletries_health_and_beauty/hair_care/shampoo>
{'client': 'Waitrose', 'time': datetime.datetime(2020, 8, 29, 18, 48, 20, 676662), 'category': 'Shampoo', 'id': 'tPp032765-16025-16026', 'prod_name': "L'Oréal kids shampoo berry strawberry", 'waitrose_Qty': '250ml', 'waitrose_discounted_price': '£2.00', 'waitrose_offer_desc': None, 'waitrose_url': 'https://www.waitrose.com/ecom/shop/browse/groceries/toiletries_health_and_beauty/hair_care/shampoo', 'waitrose_rating': None, 'waitrose_unit_price': '(80p/100ml)', 'waitrose_new_flag': None, 'waitrose_prod_name': "L'Oréal kids shampoo berry strawberry 250ml", 'images': []}
DEBUG: Scraped from <200 https://www.waitrose.com/ecom/shop/browse/groceries/toiletries_health_and_beauty/hair_care/shampoo>
{'client': 'Waitrose', 'time': datetime.datetime(2020, 8, 29, 18, 48, 20, 676662), 'category': 'Shampoo', 'id': 'tPp725372-631511-631512', 'prod_name': 'Hask Moni Coconut Oil Shampoo', 'waitrose_Qty': '355ml', 'waitrose_discounted_price': '£4.66', 'waitrose_offer_desc': 'Save 1/3.', 'waitrose_url': 'https://www.waitrose.com/ecom/shop/browse/groceries/toiletries_health_and_beauty/hair_care/shampoo', 'waitrose_rating': None, 'waitrose_unit_price': '(£1.32/100ml)', 'waitrose_new_flag': None, 'waitrose_prod_name': 'Hask Moni Coconut Oil Shampoo 355ml', 'images': []}
DEBUG: Scraped from <200 https://www.waitrose.com/ecom/shop/browse/groceries/toiletries_health_and_beauty/hair_care/shampoo>
{'client': 'Waitrose', 'time': datetime.datetime(2020, 8, 29, 18, 48, 20, 676662), 'category': 'Shampoo', 'id': 'tPp492466-631281-631282', 'prod_name': 'Hask Keratin Protein Smoothing Shampoo', 'waitrose_Qty': '355ml', 'waitrose_discounted_price': '£4.66', 'waitrose_offer_desc': 'Save 1/3.', 'waitrose_url': 'https://www.waitrose.com/ecom/shop/browse/groceries/toiletries_health_and_beauty/hair_care/shampoo', 'waitrose_rating': None, 'waitrose_unit_price': '(£1.32/100ml)', 'waitrose_new_flag': None, 'waitrose_prod_name': 'Hask Keratin Protein Smoothing Shampoo 355ml', 'images': []}
DEBUG: Scraped from <200 https://www.waitrose.com/ecom/shop/browse/groceries/toiletries_health_and_beauty/hair_care/shampoo>
{'client': 'Waitrose', 'time': datetime.datetime(2020, 8, 29, 18, 48, 20, 676662), 'category': 'Shampoo', 'id': 'tPp755186-495024-495025', 'prod_name': 'DGJ Colour Save Shampoo', 'waitrose_Qty': '250ml', 'waitrose_discounted_price': '£2.50', 'waitrose_offer_desc': 'Half Price.', 'waitrose_url': 'https://www.waitrose.com/ecom/shop/browse/groceries/toiletries_health_and_beauty/hair_care/shampoo', 'waitrose_rating': None, 'waitrose_unit_price': '(£1/100ml)', 'waitrose_new_flag': None, 'waitrose_prod_name': 'DGJ Colour Save Shampoo 250ml', 'images': []}
DEBUG: Scraped from <200 https://www.waitrose.com/ecom/shop/browse/groceries/toiletries_health_and_beauty/hair_care/shampoo>
{'client': 'Waitrose', 'time': datetime.datetime(2020, 8, 29, 18, 48, 20, 676662), 'category': 'Shampoo', 'id': 'tPp833802-337290-337291', 'prod_name': 'Aussie Miracle Moist Spray', 'waitrose_Qty': '250ml', 'waitrose_discounted_price': '£2.57', 'waitrose_offer_desc': 'Half Price.', 'waitrose_url': 'https://www.waitrose.com/ecom/shop/browse/groceries/toiletries_health_and_beauty/hair_care/shampoo', 'waitrose_rating': None, 'waitrose_unit_price': '(£1.03/100ml)', 'waitrose_new_flag': None, 'waitrose_prod_name': 'Aussie Miracle Moist Spray 250ml', 'images': []}
DEBUG: Scraped from <200 https://www.waitrose.com/ecom/shop/browse/groceries/toiletries_health_and_beauty/hair_care/shampoo>
{'client': 'Waitrose', 'time': datetime.datetime(2020, 8, 29, 18, 48, 20, 676662), 'category': 'Shampoo', 'id': 'tPp867514-720387-720388', 'prod_name': 'Head & Shoulders Coconut Shampoo', 'waitrose_Qty': '500ml', 'waitrose_discounted_price': '£5.00', 'waitrose_offer_desc': None, 'waitrose_url': 'https://www.waitrose.com/ecom/shop/browse/groceries/toiletries_health_and_beauty/hair_care/shampoo', 'waitrose_rating': None, 'waitrose_unit_price': '(£1/100ml)', 'waitrose_new_flag': None, 'waitrose_prod_name': 'Head & Shoulders Coconut Shampoo 500ml', 'images': []}
DEBUG: Scraped from <200 https://www.waitrose.com/ecom/shop/browse/groceries/toiletries_health_and_beauty/hair_care/shampoo>
{'client': 'Waitrose', 'time': datetime.datetime(2020, 8, 29, 18, 48, 20, 676662), 'category': 'Shampoo', 'id': 'tPp809690-337194-337195', 'prod_name': 'Head & Shoulders 2in1 Itchy Scalp', 'waitrose_Qty': '450ml', 'waitrose_discounted_price': '£5.15', 'waitrose_offer_desc': None, 'waitrose_url': 'https://www.waitrose.com/ecom/shop/browse/groceries/toiletries_health_and_beauty/hair_care/shampoo', 'waitrose_rating': '5', 'waitrose_unit_price': '(£1.15/100ml)', 'waitrose_new_flag': None, 'waitrose_prod_name': 'Head & Shoulders 2in1 Itchy Scalp 450ml', 'images': []}
DEBUG: Scraped from <200 https://www.waitrose.com/ecom/shop/browse/groceries/toiletries_health_and_beauty/hair_care/shampoo>
{'client': 'Waitrose', 'time': datetime.datetime(2020, 8, 29, 18, 48, 20, 676662), 'category': 'Shampoo', 'id': 'tPp853982-154925-154926', 'prod_name': 'Batiste blush dry shampoo', 'waitrose_Qty': '200ml', 'waitrose_discounted_price': '£3.00', 'waitrose_offer_desc': None, 'waitrose_url': 'https://www.waitrose.com/ecom/shop/browse/groceries/toiletries_health_and_beauty/hair_care/shampoo', 'waitrose_rating': '4', 'waitrose_unit_price': '(£1.50/100ml)', 'waitrose_new_flag': None, 'waitrose_prod_name': 'Batiste blush dry shampoo 200ml', 'images': []}
DEBUG: Scraped from <200 https://www.waitrose.com/ecom/shop/browse/groceries/toiletries_health_and_beauty/hair_care/shampoo>
{'client': 'Waitrose', 'time': datetime.datetime(2020, 8, 29, 18, 48, 20, 676662), 'category': 'Shampoo', 'id': 'tPp584599-695531-695532', 'prod_name': 'Batiste Dry Shampoo Volume', 'waitrose_Qty': '200ml', 'waitrose_discounted_price': '£4.25', 'waitrose_offer_desc': None, 'waitrose_url': 'https://www.waitrose.com/ecom/shop/browse/groceries/toiletries_health_and_beauty/hair_care/shampoo', 'waitrose_rating': None, 'waitrose_unit_price': '(£2.13/100ml)', 'waitrose_new_flag': None, 'waitrose_prod_name': 'Batiste Dry Shampoo Volume 200ml', 'images': []}
DEBUG: Scraped from <200 https://www.waitrose.com/ecom/shop/browse/groceries/toiletries_health_and_beauty/hair_care/shampoo>
{'client': 'Waitrose', 'time': datetime.datetime(2020, 8, 29, 18, 48, 20, 676662), 'category': 'Shampoo', 'id': 'tPp554742-695503-695504', 'prod_name': 'Umberto Giannini Violet Shampoo', 'waitrose_Qty': '250ml', 'waitrose_discounted_price': '£8.00', 'waitrose_offer_desc': 'Mix & Match Add 3 for 2 Cheapest Item Free', 'waitrose_url': 'https://www.waitrose.com/ecom/shop/browse/groceries/toiletries_health_and_beauty/hair_care/shampoo', 'waitrose_rating': None, 'waitrose_unit_price': '(£3.20/100ml)', 'waitrose_new_flag': None, 'waitrose_prod_name': 'Umberto Giannini Violet Shampoo 250ml', 'images': []}
DEBUG: Scraped from <200 https://www.waitrose.com/ecom/shop/browse/groceries/toiletries_health_and_beauty/hair_care/shampoo>
{'client': 'Waitrose', 'time': datetime.datetime(2020, 8, 29, 18, 48, 20, 676662), 'category': 'Shampoo', 'id': 'tPp816738-442231-442232', 'prod_name': 'SensSpa Nourishing Shampoo', 'waitrose_Qty': '250ml', 'waitrose_discounted_price': '£4.00', 'waitrose_offer_desc': 'Save 1/3.', 'waitrose_url': 'https://www.waitrose.com/ecom/shop/browse/groceries/toiletries_health_and_beauty/hair_care/shampoo', 'waitrose_rating': '2.6', 'waitrose_unit_price': '(£1.60/100ml)', 'waitrose_new_flag': None, 'waitrose_prod_name': 'SensSpa Nourishing Shampoo 250ml', 'images': []}
DEBUG: Scraped from <200 https://www.waitrose.com/ecom/shop/browse/groceries/toiletries_health_and_beauty/hair_care/shampoo>
{'client': 'Waitrose', 'time': datetime.datetime(2020, 8, 29, 18, 48, 20, 676662), 'category': 'Shampoo', 'id': 'tPp755068-720289-720290', 'prod_name': 'Herbal Essences Aloe Hemp Shampoo', 'waitrose_Qty': '380ml', 'waitrose_discounted_price': '£4.50', 'waitrose_offer_desc': None, 'waitrose_url': 'https://www.waitrose.com/ecom/shop/browse/groceries/toiletries_health_and_beauty/hair_care/shampoo', 'waitrose_rating': None, 'waitrose_unit_price': '(£1.19/100ml)', 'waitrose_new_flag': None, 'waitrose_prod_name': 'Herbal Essences Aloe Hemp Shampoo 380ml', 'images': []}
DEBUG: Scraped from <200 https://www.waitrose.com/ecom/shop/browse/groceries/toiletries_health_and_beauty/hair_care/shampoo>
{'client': 'Waitrose', 'time': datetime.datetime(2020, 8, 29, 18, 48, 20, 676662), 'category': 'Shampoo', 'id': 'tPp790782-694215-694216', 'prod_name': 'Pantene 3in1 Smooth & Sleek', 'waitrose_Qty': '450ml', 'waitrose_discounted_price': '£3.75', 'waitrose_offer_desc': None, 'waitrose_url': 'https://www.waitrose.com/ecom/shop/browse/groceries/toiletries_health_and_beauty/hair_care/shampoo', 'waitrose_rating': None, 'waitrose_unit_price': '(83.3p/100ml)', 'waitrose_new_flag': None, 'waitrose_prod_name': 'Pantene 3in1 Smooth & Sleek 450ml', 'images': []}
DEBUG: Scraped from <200 https://www.waitrose.com/ecom/shop/browse/groceries/toiletries_health_and_beauty/hair_care/shampoo>
{'client': 'Waitrose', 'time': datetime.datetime(2020, 8, 29, 18, 48, 20, 676662), 'category': 'Shampoo', 'id': 'tPp662395-154665-154666', 'prod_name': 'Aussie colour mate shampoo', 'waitrose_Qty': '500ml', 'waitrose_discounted_price': '£6.15', 'waitrose_offer_desc': None, 'waitrose_url': 'https://www.waitrose.com/ecom/shop/browse/groceries/toiletries_health_and_beauty/hair_care/shampoo', 'waitrose_rating': None, 'waitrose_unit_price': '(£1.23/100ml)', 'waitrose_new_flag': None, 'waitrose_prod_name': 'Aussie colour mate shampoo 500ml', 'images': []}
DEBUG: Scraped from <200 https://www.waitrose.com/ecom/shop/browse/groceries/toiletries_health_and_beauty/hair_care/shampoo>
{'client': 'Waitrose', 'time': datetime.datetime(2020, 8, 29, 18, 48, 20, 676662), 'category': 'Shampoo', 'id': 'tPp626001-88825-88826', 'prod_name': 'Head & Shoulders Shampoo Citrus Fresh', 'waitrose_Qty': '500ml', 'waitrose_discounted_price': '£5.15', 'waitrose_offer_desc': None, 'waitrose_url': 'https://www.waitrose.com/ecom/shop/browse/groceries/toiletries_health_and_beauty/hair_care/shampoo', 'waitrose_rating': None, 'waitrose_unit_price': '(£1.03/100ml)', 'waitrose_new_flag': None, 'waitrose_prod_name': 'Head & Shoulders Shampoo Citrus Fresh 500ml', 'images': []}
DEBUG: Scraped from <200 https://www.waitrose.com/ecom/shop/browse/groceries/toiletries_health_and_beauty/hair_care/shampoo>
{'client': 'Waitrose', 'time': datetime.datetime(2020, 8, 29, 18, 48, 20, 676662), 'category': 'Shampoo', 'id': 'tPp480888-154495-154496', 'prod_name': 'Head & Shoulders Smooth Shampoo', 'waitrose_Qty': '500ml', 'waitrose_discounted_price': '£5.15', 'waitrose_offer_desc': None, 'waitrose_url': 'https://www.waitrose.com/ecom/shop/browse/groceries/toiletries_health_and_beauty/hair_care/shampoo', 'waitrose_rating': None, 'waitrose_unit_price': '(£1.03/100ml)', 'waitrose_new_flag': None, 'waitrose_prod_name': 'Head & Shoulders Smooth Shampoo 500ml', 'images': []}
DEBUG: Scraped from <200 https://www.waitrose.com/ecom/shop/browse/groceries/toiletries_health_and_beauty/hair_care/shampoo>
{'client': 'Waitrose', 'time': datetime.datetime(2020, 8, 29, 18, 48, 20, 676662), 'category': 'Shampoo', 'id': 'tPp724972-694185-694186', 'prod_name': 'Pantene 3in1 Repair & Protect', 'waitrose_Qty': '450ml', 'waitrose_discounted_price': '£3.75', 'waitrose_offer_desc': None, 'waitrose_url': 'https://www.waitrose.com/ecom/shop/browse/groceries/toiletries_health_and_beauty/hair_care/shampoo', 'waitrose_rating': None, 'waitrose_unit_price': '(83.3p/100ml)', 'waitrose_new_flag': None, 'waitrose_prod_name': 'Pantene 3in1 Repair & Protect 450ml', 'images': []}
DEBUG: Scraped from <200 https://www.waitrose.com/ecom/shop/browse/groceries/toiletries_health_and_beauty/hair_care/shampoo>
{'client': 'Waitrose', 'time': datetime.datetime(2020, 8, 29, 18, 48, 20, 676662), 'category': 'Shampoo', 'id': 'tPp810302-683828-683829', 'prod_name': 'Herbal Essences Deep Repair Shampoo', 'waitrose_Qty': '400ml', 'waitrose_discounted_price': '£4.50', 'waitrose_offer_desc': None, 'waitrose_url': 'https://www.waitrose.com/ecom/shop/browse/groceries/toiletries_health_and_beauty/hair_care/shampoo', 'waitrose_rating': None, 'waitrose_unit_price': '(£1.13/100ml)', 'waitrose_new_flag': None, 'waitrose_prod_name': 'Herbal Essences Deep Repair Shampoo 400ml', 'images': []}
DEBUG: Scraped from <200 https://www.waitrose.com/ecom/shop/browse/groceries/toiletries_health_and_beauty/hair_care/shampoo>
{'client': 'Waitrose', 'time': datetime.datetime(2020, 8, 29, 18, 48, 20, 676662), 'category': 'Shampoo', 'id': 'tPp407272-440973-440974', 'prod_name': 'Richard Ward Chelsea Cleanse & Condition', 'waitrose_Qty': '250ml', 'waitrose_discounted_price': '£6.00', 'waitrose_offer_desc': None, 'waitrose_url': 'https://www.waitrose.com/ecom/shop/browse/groceries/toiletries_health_and_beauty/hair_care/shampoo', 'waitrose_rating': '3.9', 'waitrose_unit_price': '(£2.40/100ml)', 'waitrose_new_flag': None, 'waitrose_prod_name': 'Richard Ward Chelsea Cleanse & Condition 250ml', 'images': []}
DEBUG: Scraped from <200 https://www.waitrose.com/ecom/shop/browse/groceries/toiletries_health_and_beauty/hair_care/shampoo>
{'client': 'Waitrose', 'time': datetime.datetime(2020, 8, 29, 18, 48, 20, 676662), 'category': 'Shampoo', 'id': 'tPp076232-38732-38733', 'prod_name': 'AOrganic Lavender Shampoo', 'waitrose_Qty': '325ml', 'waitrose_discounted_price': '£7.00', 'waitrose_offer_desc': None, 'waitrose_url': 'https://www.waitrose.com/ecom/shop/browse/groceries/toiletries_health_and_beauty/hair_care/shampoo', 'waitrose_rating': '3.8', 'waitrose_unit_price': '(£2.16/100ml)', 'waitrose_new_flag': None, 'waitrose_prod_name': 'AOrganic Lavender Shampoo 325ml', 'images': []}
DEBUG: Scraped from <200 https://www.waitrose.com/ecom/shop/browse/groceries/toiletries_health_and_beauty/hair_care/shampoo>
{'client': 'Waitrose', 'time': datetime.datetime(2020, 8, 29, 18, 48, 20, 676662), 'category': 'Shampoo', 'id': 'tPp027940-13599-13600', 'prod_name': 'Avalon Organics lemon shampoo', 'waitrose_Qty': '325ml', 'waitrose_discounted_price': '£7.00', 'waitrose_offer_desc': None, 'waitrose_url': 'https://www.waitrose.com/ecom/shop/browse/groceries/toiletries_health_and_beauty/hair_care/shampoo', 'waitrose_rating': '3.6', 'waitrose_unit_price': '(£2.16/100ml)', 'waitrose_new_flag': None, 'waitrose_prod_name': 'Avalon Organics lemon shampoo 325ml', 'images': []}
DEBUG: Scraped from <200 https://www.waitrose.com/ecom/shop/browse/groceries/toiletries_health_and_beauty/hair_care/shampoo>
{'client': 'Waitrose', 'time': datetime.datetime(2020, 8, 29, 18, 48, 20, 676662), 'category': 'Shampoo', 'id': 'tPp808436-720325-720326', 'prod_name': 'Hask Biotin Boost Shampoo', 'waitrose_Qty': '355ml', 'waitrose_discounted_price': '£4.66', 'waitrose_offer_desc': 'Save 1/3.', 'waitrose_url': 'https://www.waitrose.com/ecom/shop/browse/groceries/toiletries_health_and_beauty/hair_care/shampoo', 'waitrose_rating': None, 'waitrose_unit_price': '(£1.32/100ml)', 'waitrose_new_flag': None, 'waitrose_prod_name': 'Hask Biotin Boost Shampoo 355ml', 'images': []}
DEBUG: Scraped from <200 https://www.waitrose.com/ecom/shop/browse/groceries/toiletries_health_and_beauty/hair_care/shampoo>
{'client': 'Waitrose', 'time': datetime.datetime(2020, 8, 29, 18, 48, 20, 676662), 'category': 'Shampoo', 'id': 'tPp547359-720175-720176', 'prod_name': 'Maui Moisture Bamboo Shampoo', 'waitrose_Qty': '385ml', 'waitrose_discounted_price': '£6.00', 'waitrose_offer_desc': 'Save 1/3.', 'waitrose_url': 'https://www.waitrose.com/ecom/shop/browse/groceries/toiletries_health_and_beauty/hair_care/shampoo', 'waitrose_rating': '5', 'waitrose_unit_price': '(£1.56/100ml)', 'waitrose_new_flag': None, 'waitrose_prod_name': 'Maui Moisture Bamboo Shampoo 385ml', 'images': []}
DEBUG: Scraped from <200 https://www.waitrose.com/ecom/shop/browse/groceries/toiletries_health_and_beauty/hair_care/shampoo>
{'client': 'Waitrose', 'time': datetime.datetime(2020, 8, 29, 18, 48, 20, 676662), 'category': 'Shampoo', 'id': 'tPp527154-720165-720166', 'prod_name': 'Maui Moisture Hibiscus Water', 'waitrose_Qty': '385ml', 'waitrose_discounted_price': '£6.00', 'waitrose_offer_desc': 'Save 1/3.', 'waitrose_url': 'https://www.waitrose.com/ecom/shop/browse/groceries/toiletries_health_and_beauty/hair_care/shampoo', 'waitrose_rating': None, 'waitrose_unit_price': '(£1.56/100ml)', 'waitrose_new_flag': None, 'waitrose_prod_name': 'Maui Moisture Hibiscus Water 385ml', 'images': []}
DEBUG: Scraped from <200 https://www.waitrose.com/ecom/shop/browse/groceries/toiletries_health_and_beauty/hair_care/shampoo>
{'client': 'Waitrose', 'time': datetime.datetime(2020, 8, 29, 18, 48, 20, 676662), 'category': 'Shampoo', 'id': 'tPp829437-695831-695832', 'prod_name': 'Umberto Giannini Grow Long Shampoo', 'waitrose_Qty': '250ml', 'waitrose_discounted_price': '£8.00', 'waitrose_offer_desc': 'Mix & Match Add 3 for 2 Cheapest Item Free', 'waitrose_url': 'https://www.waitrose.com/ecom/shop/browse/groceries/toiletries_health_and_beauty/hair_care/shampoo', 'waitrose_rating': '5', 'waitrose_unit_price': '(£3.20/100ml)', 'waitrose_new_flag': None, 'waitrose_prod_name': 'Umberto Giannini Grow Long Shampoo 250ml', 'images': []}
DEBUG: Scraped from <200 https://www.waitrose.com/ecom/shop/browse/groceries/toiletries_health_and_beauty/hair_care/shampoo>
{'client': 'Waitrose', 'time': datetime.datetime(2020, 8, 29, 18, 48, 20, 676662), 'category': 'Shampoo', 'id': 'tPp703131-695681-695682', 'prod_name': 'Head & Shoulders Repair Shampoo', 'waitrose_Qty': '400ml', 'waitrose_discounted_price': '£3.33', 'waitrose_offer_desc': 'Save 1/3.', 'waitrose_url': 'https://www.waitrose.com/ecom/shop/browse/groceries/toiletries_health_and_beauty/hair_care/shampoo', 'waitrose_rating': '4', 'waitrose_unit_price': '(83.3p/100ml)', 'waitrose_new_flag': None, 'waitrose_prod_name': 'Head & Shoulders Repair Shampoo 400ml', 'images': []}
DEBUG: Scraped from <200 https://www.waitrose.com/ecom/shop/browse/groceries/toiletries_health_and_beauty/hair_care/shampoo>
{'client': 'Waitrose', 'time': datetime.datetime(2020, 8, 29, 18, 48, 20, 676662), 'category': 'Shampoo', 'id': 'tPp657930-695639-695640', 'prod_name': 'Noughty Pumped Up Shampoo', 'waitrose_Qty': '250ml', 'waitrose_discounted_price': '£4.66', 'waitrose_offer_desc': 'Save 1/3.', 'waitrose_url': 'https://www.waitrose.com/ecom/shop/browse/groceries/toiletries_health_and_beauty/hair_care/shampoo', 'waitrose_rating': '5', 'waitrose_unit_price': '(£1.87/100ml)', 'waitrose_new_flag': None, 'waitrose_prod_name': 'Noughty Pumped Up Shampoo 250ml', 'images': []}
DEBUG: Scraped from <200 https://www.waitrose.com/ecom/shop/browse/groceries/toiletries_health_and_beauty/hair_care/shampoo>
{'client': 'Waitrose', 'time': datetime.datetime(2020, 8, 29, 18, 48, 20, 676662), 'category': 'Shampoo', 'id': 'tPp649492-695625-695626', 'prod_name': 'Vosene Kids 2in1 Melon Shampoo', 'waitrose_Qty': '250ml', 'waitrose_discounted_price': '£1.33', 'waitrose_offer_desc': 'Save 1/3.', 'waitrose_url': 'https://www.waitrose.com/ecom/shop/browse/groceries/toiletries_health_and_beauty/hair_care/shampoo', 'waitrose_rating': None, 'waitrose_unit_price': '(53.2p/100ml)', 'waitrose_new_flag': None, 'waitrose_prod_name': 'Vosene Kids 2in1 Melon Shampoo 250ml', 'images': []}
DEBUG: Scraped from <200 https://www.waitrose.com/ecom/shop/browse/groceries/toiletries_health_and_beauty/hair_care/shampoo>
{'client': 'Waitrose', 'time': datetime.datetime(2020, 8, 29, 18, 48, 20, 676662), 'category': 'Shampoo', 'id': 'tPp453160-695433-695434', 'prod_name': 'Argan+ Long & Strong Shampoo', 'waitrose_Qty': '300ml', 'waitrose_discounted_price': '£4.00', 'waitrose_offer_desc': 'Save 1/3.', 'waitrose_url': 'https://www.waitrose.com/ecom/shop/browse/groceries/toiletries_health_and_beauty/hair_care/shampoo', 'waitrose_rating': None, 'waitrose_unit_price': '(£1.34/100ml)', 'waitrose_new_flag': None, 'waitrose_prod_name': 'Argan+ Long & Strong Shampoo 300ml', 'images': []}
DEBUG: Scraped from <200 https://www.waitrose.com/ecom/shop/browse/groceries/toiletries_health_and_beauty/hair_care/shampoo>
{'client': 'Waitrose', 'time': datetime.datetime(2020, 8, 29, 18, 48, 20, 676662), 'category': 'Shampoo', 'id': 'tPp480728-631267-631268', 'prod_name': 'Ogx Orchid Oil Shampoo', 'waitrose_Qty': '385ml', 'waitrose_discounted_price': '£7.00', 'waitrose_offer_desc': None, 'waitrose_url': 'https://www.waitrose.com/ecom/shop/browse/groceries/toiletries_health_and_beauty/hair_care/shampoo', 'waitrose_rating': '5', 'waitrose_unit_price': '(£1.82/100ml)', 'waitrose_new_flag': None, 'waitrose_prod_name': 'Ogx Orchid Oil Shampoo 385ml', 'images': []}
DEBUG: Scraped from <200 https://www.waitrose.com/ecom/shop/browse/groceries/toiletries_health_and_beauty/hair_care/shampoo>
{'client': 'Waitrose', 'time': datetime.datetime(2020, 8, 29, 18, 48, 20, 676662), 'category': 'Shampoo', 'id': 'tPp889100-330444-330445', 'prod_name': 'AOrganic Rosemary Shampoo', 'waitrose_Qty': '325ml', 'waitrose_discounted_price': '£7.00', 'waitrose_offer_desc': None, 'waitrose_url': 'https://www.waitrose.com/ecom/shop/browse/groceries/toiletries_health_and_beauty/hair_care/shampoo', 'waitrose_rating': '2.5', 'waitrose_unit_price': '(£2.16/100ml)', 'waitrose_new_flag': None, 'waitrose_prod_name': 'AOrganic Rosemary Shampoo 325ml', 'images': []}
DEBUG: Scraped from <200 https://www.waitrose.com/ecom/shop/browse/groceries/toiletries_health_and_beauty/hair_care/shampoo>
{'client': 'Waitrose', 'time': datetime.datetime(2020, 8, 29, 18, 48, 20, 676662), 'category': 'Shampoo', 'id': 'tPp492090-729670-729671', 'prod_name': 'Percy & Reed Volumising Shampoo', 'waitrose_Qty': '250ml', 'waitrose_discounted_price': '£18.00', 'waitrose_offer_desc': None, 'waitrose_url': 'https://www.waitrose.com/ecom/shop/browse/groceries/toiletries_health_and_beauty/hair_care/shampoo', 'waitrose_rating': None, 'waitrose_unit_price': '(£7.20/100ml)', 'waitrose_new_flag': 'NEW', 'waitrose_prod_name': 'Percy & Reed Volumising Shampoo 250ml', 'images': []}
DEBUG: Scraped from <200 https://www.waitrose.com/ecom/shop/browse/groceries/toiletries_health_and_beauty/hair_care/shampoo>
{'client': 'Waitrose', 'time': datetime.datetime(2020, 8, 29, 18, 48, 20, 676662), 'category': 'Shampoo', 'id': 'tPp863078-695988-695989', 'prod_name': 'Pantene Hair Biology Full & Vibrant', 'waitrose_Qty': '250ml', 'waitrose_discounted_price': '£4.50', 'waitrose_offer_desc': None, 'waitrose_url': 'https://www.waitrose.com/ecom/shop/browse/groceries/toiletries_health_and_beauty/hair_care/shampoo', 'waitrose_rating': None, 'waitrose_unit_price': '(£1.80/100ml)', 'waitrose_new_flag': None, 'waitrose_prod_name': 'Pantene Hair Biology Full & Vibrant 250ml', 'images': []}
DEBUG: Scraped from <200 https://www.waitrose.com/ecom/shop/browse/groceries/toiletries_health_and_beauty/hair_care/shampoo>
{'client': 'Waitrose', 'time': datetime.datetime(2020, 8, 29, 18, 48, 20, 676662), 'category': 'Shampoo', 'id': 'tPp686838-346630-346631', 'prod_name': 'Richard Ward argan antiageing shampoo', 'waitrose_Qty': '250ml', 'waitrose_discounted_price': '£6.00', 'waitrose_offer_desc': None, 'waitrose_url': 'https://www.waitrose.com/ecom/shop/browse/groceries/toiletries_health_and_beauty/hair_care/shampoo', 'waitrose_rating': '4.1', 'waitrose_unit_price': '(£2.40/100ml)', 'waitrose_new_flag': None, 'waitrose_prod_name': 'Richard Ward argan antiageing shampoo 250ml', 'images': []}
DEBUG: Scraped from <200 https://www.waitrose.com/ecom/shop/browse/groceries/toiletries_health_and_beauty/hair_care/shampoo>
{'client': 'Waitrose', 'time': datetime.datetime(2020, 8, 29, 18, 48, 20, 676662), 'category': 'Shampoo', 'id': 'tPp888765-695909-695910', 'prod_name': 'Umberto Giannini Curl Jelly Wash', 'waitrose_Qty': '250ml', 'waitrose_discounted_price': '£8.00', 'waitrose_offer_desc': 'Mix & Match Add 3 for 2 Cheapest Item Free', 'waitrose_url': 'https://www.waitrose.com/ecom/shop/browse/groceries/toiletries_health_and_beauty/hair_care/shampoo', 'waitrose_rating': '2.5', 'waitrose_unit_price': '(£3.20/100ml)', 'waitrose_new_flag': None, 'waitrose_prod_name': 'Umberto Giannini Curl Jelly Wash 250ml', 'images': []}
DEBUG: Scraped from <200 https://www.waitrose.com/ecom/shop/browse/groceries/toiletries_health_and_beauty/hair_care/shampoo>
{'client': 'Waitrose', 'time': datetime.datetime(2020, 8, 29, 18, 48, 20, 676662), 'category': 'Shampoo', 'id': 'tPp631829-695597-695598', 'prod_name': 'Noughty Detox Dynamo Shampoo', 'waitrose_Qty': '250ml', 'waitrose_discounted_price': '£4.66', 'waitrose_offer_desc': 'Save 1/3.', 'waitrose_url': 'https://www.waitrose.com/ecom/shop/browse/groceries/toiletries_health_and_beauty/hair_care/shampoo', 'waitrose_rating': None, 'waitrose_unit_price': '(£1.87/100ml)', 'waitrose_new_flag': None, 'waitrose_prod_name': 'Noughty Detox Dynamo Shampoo 250ml', 'images': []}
DEBUG: Scraped from <200 https://www.waitrose.com/ecom/shop/browse/groceries/toiletries_health_and_beauty/hair_care/shampoo>
{'client': 'Waitrose', 'time': datetime.datetime(2020, 8, 29, 18, 48, 20, 676662), 'category': 'Shampoo', 'id': 'tPp603087-695555-695556', 'prod_name': 'Noughty Colour Bomb Shampoo', 'waitrose_Qty': '250ml', 'waitrose_discounted_price': '£4.66', 'waitrose_offer_desc': 'Save 1/3.', 'waitrose_url': 'https://www.waitrose.com/ecom/shop/browse/groceries/toiletries_health_and_beauty/hair_care/shampoo', 'waitrose_rating': '3', 'waitrose_unit_price': '(£1.87/100ml)', 'waitrose_new_flag': None, 'waitrose_prod_name': 'Noughty Colour Bomb Shampoo 250ml', 'images': []}
DEBUG: Scraped from <200 https://www.waitrose.com/ecom/shop/browse/groceries/toiletries_health_and_beauty/hair_care/shampoo>
{'client': 'Waitrose', 'time': datetime.datetime(2020, 8, 29, 18, 48, 20, 676662), 'category': 'Shampoo', 'id': 'tPp807825-473364-473365', 'prod_name': 'SenSpa Deep Cleanse Shampoo', 'waitrose_Qty': '250ml', 'waitrose_discounted_price': '£4.00', 'waitrose_offer_desc': 'Save 1/3.', 'waitrose_url': 'https://www.waitrose.com/ecom/shop/browse/groceries/toiletries_health_and_beauty/hair_care/shampoo', 'waitrose_rating': '3.7', 'waitrose_unit_price': '(£1.60/100ml)', 'waitrose_new_flag': None, 'waitrose_prod_name': 'SenSpa Deep Cleanse Shampoo 250ml', 'images': []}
DEBUG: Scraped from <200 https://www.waitrose.com/ecom/shop/browse/groceries/toiletries_health_and_beauty/hair_care/shampoo>
{'client': 'Waitrose', 'time': datetime.datetime(2020, 8, 29, 18, 48, 20, 676662), 'category': 'Shampoo', 'id': 'tPp711843-717497-717498', 'prod_name': "L'Oreal Elvive Colour Shampoo", 'waitrose_Qty': '400ml', 'waitrose_discounted_price': '£3.75', 'waitrose_offer_desc': None, 'waitrose_url': 'https://www.waitrose.com/ecom/shop/browse/groceries/toiletries_health_and_beauty/hair_care/shampoo', 'waitrose_rating': None, 'waitrose_unit_price': '(93.8p/100ml)', 'waitrose_new_flag': None, 'waitrose_prod_name': "L'Oreal Elvive Colour Shampoo 400ml", 'images': []}
DEBUG: Scraped from <200 https://www.waitrose.com/ecom/shop/browse/groceries/toiletries_health_and_beauty/hair_care/shampoo>
{'client': 'Waitrose', 'time': datetime.datetime(2020, 8, 29, 18, 48, 20, 676662), 'category': 'Shampoo', 'id': 'tPp812614-707138-707139', 'prod_name': 'Beco Spring Meadow Shampoo Bar', 'waitrose_Qty': '90g', 'waitrose_discounted_price': '£4.00', 'waitrose_offer_desc': None, 'waitrose_url': 'https://www.waitrose.com/ecom/shop/browse/groceries/toiletries_health_and_beauty/hair_care/shampoo', 'waitrose_rating': '3.3', 'waitrose_unit_price': '(£4.45/100g)', 'waitrose_new_flag': None, 'waitrose_prod_name': 'Beco Spring Meadow Shampoo Bar 90g', 'images': []}
DEBUG: Scraped from <200 https://www.waitrose.com/ecom/shop/browse/groceries/toiletries_health_and_beauty/hair_care/shampoo>
{'client': 'Waitrose', 'time': datetime.datetime(2020, 8, 29, 18, 48, 20, 676662), 'category': 'Shampoo', 'id': 'tPp426973-298983-298984', 'prod_name': 'Head & Shoulders 2in1 Apple Fresh', 'waitrose_Qty': '450ml', 'waitrose_discounted_price': '£5.00', 'waitrose_offer_desc': None, 'waitrose_url': 'https://www.waitrose.com/ecom/shop/browse/groceries/toiletries_health_and_beauty/hair_care/shampoo', 'waitrose_rating': None, 'waitrose_unit_price': '(£1.12/100ml)', 'waitrose_new_flag': None, 'waitrose_prod_name': 'Head & Shoulders 2in1 Apple Fresh 450ml', 'images': []}
DEBUG: Scraped from <200 https://www.waitrose.com/ecom/shop/browse/groceries/toiletries_health_and_beauty/hair_care/shampoo>
{'client': 'Waitrose', 'time': datetime.datetime(2020, 8, 29, 18, 48, 20, 676662), 'category': 'Shampoo', 'id': 'tPp836383-271490-271491', 'prod_name': 'Head & Shoulders 2in1 citrus care', 'waitrose_Qty': '450ml', 'waitrose_discounted_price': '£5.15', 'waitrose_offer_desc': None, 'waitrose_url': 'https://www.waitrose.com/ecom/shop/browse/groceries/toiletries_health_and_beauty/hair_care/shampoo', 'waitrose_rating': None, 'waitrose_unit_price': '(£1.15/100ml)', 'waitrose_new_flag': None, 'waitrose_prod_name': 'Head & Shoulders 2in1 citrus care 450ml', 'images': []}
DEBUG: Scraped from <200 https://www.waitrose.com/ecom/shop/browse/groceries/toiletries_health_and_beauty/hair_care/shampoo>
{'client': 'Waitrose', 'time': datetime.datetime(2020, 8, 29, 18, 48, 20, 676662), 'category': 'Shampoo', 'id': 'tPp861587-154949-154950', 'prod_name': 'Batiste dark & deep brown dry shampoo', 'waitrose_Qty': '200ml', 'waitrose_discounted_price': '£4.00', 'waitrose_offer_desc': None, 'waitrose_url': 'https://www.waitrose.com/ecom/shop/browse/groceries/toiletries_health_and_beauty/hair_care/shampoo', 'waitrose_rating': None, 'waitrose_unit_price': '(£2/100ml)', 'waitrose_new_flag': None, 'waitrose_prod_name': 'Batiste dark & deep brown dry shampoo 200ml', 'images': []}
DEBUG: Scraped from <200 https://www.waitrose.com/ecom/shop/browse/groceries/toiletries_health_and_beauty/hair_care/shampoo>
{'client': 'Waitrose', 'time': datetime.datetime(2020, 8, 29, 18, 48, 20, 676662), 'category': 'Shampoo', 'id': 'tPp405353-729640-729641', 'prod_name': 'Percy & Reed No-Fuss Dry Shampoo', 'waitrose_Qty': '200ml', 'waitrose_discounted_price': '£15.00', 'waitrose_offer_desc': None, 'waitrose_url': 'https://www.waitrose.com/ecom/shop/browse/groceries/toiletries_health_and_beauty/hair_care/shampoo', 'waitrose_rating': '3.8', 'waitrose_unit_price': '(£7.50/100ml)', 'waitrose_new_flag': 'NEW', 'waitrose_prod_name': 'Percy & Reed No-Fuss Dry Shampoo 200ml', 'images': []}
DEBUG: Scraped from <200 https://www.waitrose.com/ecom/shop/browse/groceries/toiletries_health_and_beauty/hair_care/shampoo>
{'client': 'Waitrose', 'time': datetime.datetime(2020, 8, 29, 18, 48, 20, 676662), 'category': 'Shampoo', 'id': 'tPp484035-715885-715886', 'prod_name': "L'Oreal Elvive Oil Nourishing Shampoo", 'waitrose_Qty': '400ml', 'waitrose_discounted_price': '£3.75', 'waitrose_offer_desc': None, 'waitrose_url': 'https://www.waitrose.com/ecom/shop/browse/groceries/toiletries_health_and_beauty/hair_care/shampoo', 'waitrose_rating': None, 'waitrose_unit_price': '(93.8p/100ml)', 'waitrose_new_flag': None, 'waitrose_prod_name': "L'Oreal Elvive Oil Nourishing Shampoo 400ml", 'images': []}
DEBUG: Scraped from <200 https://www.waitrose.com/ecom/shop/browse/groceries/toiletries_health_and_beauty/hair_care/shampoo>
{'client': 'Waitrose', 'time': datetime.datetime(2020, 8, 29, 18, 48, 20, 676662), 'category': 'Shampoo', 'id': 'tPp567427-683666-683667', 'prod_name': 'Ogx Charcoal Detox Shampoo', 'waitrose_Qty': '385ml', 'waitrose_discounted_price': '£7.00', 'waitrose_offer_desc': None, 'waitrose_url': 'https://www.waitrose.com/ecom/shop/browse/groceries/toiletries_health_and_beauty/hair_care/shampoo', 'waitrose_rating': None, 'waitrose_unit_price': '(£1.82/100ml)', 'waitrose_new_flag': None, 'waitrose_prod_name': 'Ogx Charcoal Detox Shampoo 385ml', 'images': []}
DEBUG: Scraped from <200 https://www.waitrose.com/ecom/shop/browse/groceries/toiletries_health_and_beauty/hair_care/shampoo>
{'client': 'Waitrose', 'time': datetime.datetime(2020, 8, 29, 18, 48, 20, 676662), 'category': 'Shampoo', 'id': 'tPp694392-98595-98596', 'prod_name': 'Head & Shoulders Shampoo Cool Menthol', 'waitrose_Qty': '500ml', 'waitrose_discounted_price': '£5.15', 'waitrose_offer_desc': None, 'waitrose_url': 'https://www.waitrose.com/ecom/shop/browse/groceries/toiletries_health_and_beauty/hair_care/shampoo', 'waitrose_rating': None, 'waitrose_unit_price': '(£1.03/100ml)', 'waitrose_new_flag': None, 'waitrose_prod_name': 'Head & Shoulders Shampoo Cool Menthol 500ml', 'images': []}
DEBUG: Scraped from <200 https://www.waitrose.com/ecom/shop/browse/groceries/toiletries_health_and_beauty/hair_care/shampoo>
{'client': 'Waitrose', 'time': datetime.datetime(2020, 8, 29, 18, 48, 20, 676662), 'category': 'Shampoo', 'id': 'tPp567431-729696-729697', 'prod_name': 'Batiste Dry Shampoo for Blondes', 'waitrose_Qty': '200ml', 'waitrose_discounted_price': '£4.00', 'waitrose_offer_desc': None, 'waitrose_url': 'https://www.waitrose.com/ecom/shop/browse/groceries/toiletries_health_and_beauty/hair_care/shampoo', 'waitrose_rating': None, 'waitrose_unit_price': '(£2/100ml)', 'waitrose_new_flag': 'NEW', 'waitrose_prod_name': 'Batiste Dry Shampoo for Blondes 200ml', 'images': []}
DEBUG: Scraped from <200 https://www.waitrose.com/ecom/shop/browse/groceries/toiletries_health_and_beauty/hair_care/shampoo>
{'client': 'Waitrose', 'time': datetime.datetime(2020, 8, 29, 18, 48, 20, 676662), 'category': 'Shampoo', 'id': 'tPp567481-719558-719559', 'prod_name': 'Fit Kit Gentle Shampoo &Conditioner', 'waitrose_Qty': '200ml', 'waitrose_discounted_price': '£3.99', 'waitrose_offer_desc': None, 'waitrose_url': 'https://www.waitrose.com/ecom/shop/browse/groceries/toiletries_health_and_beauty/hair_care/shampoo', 'waitrose_rating': '5', 'waitrose_unit_price': '(£2/100ml)', 'waitrose_new_flag': None, 'waitrose_prod_name': 'Fit Kit Gentle Shampoo &Conditioner 200ml', 'images': []}
DEBUG: Scraped from <200 https://www.waitrose.com/ecom/shop/browse/groceries/toiletries_health_and_beauty/hair_care/shampoo>
{'client': 'Waitrose', 'time': datetime.datetime(2020, 8, 29, 18, 48, 20, 676662), 'category': 'Shampoo', 'id': 'tPp803275-329016-329017', 'prod_name': 'AOrganic Peppermint Shampoo', 'waitrose_Qty': '325ml', 'waitrose_discounted_price': '£7.00', 'waitrose_offer_desc': None, 'waitrose_url': 'https://www.waitrose.com/ecom/shop/browse/groceries/toiletries_health_and_beauty/hair_care/shampoo', 'waitrose_rating': None, 'waitrose_unit_price': '(£2.16/100ml)', 'waitrose_new_flag': None, 'waitrose_prod_name': 'AOrganic Peppermint Shampoo 325ml', 'images': []}
DEBUG: Scraped from <200 https://www.waitrose.com/ecom/shop/browse/groceries/toiletries_health_and_beauty/hair_care/shampoo>
{'client': 'Waitrose', 'time': datetime.datetime(2020, 8, 29, 18, 48, 20, 676662), 'category': 'Shampoo', 'id': 'tPp834106-299691-299692', 'prod_name': 'Head & Shoulders 2in1 smooth & silky', 'waitrose_Qty': '450ml', 'waitrose_discounted_price': '£5.00', 'waitrose_offer_desc': None, 'waitrose_url': 'https://www.waitrose.com/ecom/shop/browse/groceries/toiletries_health_and_beauty/hair_care/shampoo', 'waitrose_rating': None, 'waitrose_unit_price': '(£1.12/100ml)', 'waitrose_new_flag': None, 'waitrose_prod_name': 'Head & Shoulders 2in1 smooth & silky 450ml', 'images': []}
DEBUG: Scraped from <200 https://www.waitrose.com/ecom/shop/browse/groceries/toiletries_health_and_beauty/hair_care/shampoo>
{'client': 'Waitrose', 'time': datetime.datetime(2020, 8, 29, 18, 48, 20, 676662), 'category': 'Shampoo', 'id': 'tPp714629-729752-729753', 'prod_name': 'OGX Keratin Oil Shampoo', 'waitrose_Qty': '385ml', 'waitrose_discounted_price': '£7.00', 'waitrose_offer_desc': None, 'waitrose_url': 'https://www.waitrose.com/ecom/shop/browse/groceries/toiletries_health_and_beauty/hair_care/shampoo', 'waitrose_rating': None, 'waitrose_unit_price': '(£1.82/100ml)', 'waitrose_new_flag': 'NEW', 'waitrose_prod_name': 'OGX Keratin Oil Shampoo 385ml', 'images': []}
DEBUG: Scraped from <200 https://www.waitrose.com/ecom/shop/browse/groceries/toiletries_health_and_beauty/hair_care/shampoo>
{'client': 'Waitrose', 'time': datetime.datetime(2020, 8, 29, 18, 48, 20, 676662), 'category': 'Shampoo', 'id': 'tPp855732-695986-695987', 'prod_name': 'Hair Biology De-Frizz Shampoo', 'waitrose_Qty': '250ml', 'waitrose_discounted_price': '£4.50', 'waitrose_offer_desc': None, 'waitrose_url': 'https://www.waitrose.com/ecom/shop/browse/groceries/toiletries_health_and_beauty/hair_care/shampoo', 'waitrose_rating': None, 'waitrose_unit_price': '(£1.80/100ml)', 'waitrose_new_flag': None, 'waitrose_prod_name': 'Hair Biology De-Frizz Shampoo 250ml', 'images': []}
DEBUG: Scraped from <200 https://www.waitrose.com/ecom/shop/browse/groceries/toiletries_health_and_beauty/hair_care/shampoo>
{'client': 'Waitrose', 'time': datetime.datetime(2020, 8, 29, 18, 48, 20, 676662), 'category': 'Shampoo', 'id': 'tPp581644-729702-729703', 'prod_name': 'Percy & Reed Hydrating Shampoo', 'waitrose_Qty': '250ml', 'waitrose_discounted_price': '£18.00', 'waitrose_offer_desc': None, 'waitrose_url': 'https://www.waitrose.com/ecom/shop/browse/groceries/toiletries_health_and_beauty/hair_care/shampoo', 'waitrose_rating': None, 'waitrose_unit_price': '(£7.20/100ml)', 'waitrose_new_flag': 'NEW', 'waitrose_prod_name': 'Percy & Reed Hydrating Shampoo 250ml', 'images': []}
DEBUG: Scraped from <200 https://www.waitrose.com/ecom/shop/browse/groceries/toiletries_health_and_beauty/hair_care/shampoo>
{'client': 'Waitrose', 'time': datetime.datetime(2020, 8, 29, 18, 48, 20, 676662), 'category': 'Shampoo', 'id': 'tPp734002-695705-695706', 'prod_name': 'Percy & Reed Wonder Wash Shampoo', 'waitrose_Qty': '250ml', 'waitrose_discounted_price': '£18.00', 'waitrose_offer_desc': None, 'waitrose_url': 'https://www.waitrose.com/ecom/shop/browse/groceries/toiletries_health_and_beauty/hair_care/shampoo', 'waitrose_rating': '4.1', 'waitrose_unit_price': '(£7.20/100ml)', 'waitrose_new_flag': None, 'waitrose_prod_name': 'Percy & Reed Wonder Wash Shampoo 250ml', 'images': []}
DEBUG: Scraped from <200 https://www.waitrose.com/ecom/shop/browse/groceries/toiletries_health_and_beauty/hair_care/shampoo>
{'client': 'Waitrose', 'time': datetime.datetime(2020, 8, 29, 18, 48, 20, 676662), 'category': 'Shampoo', 'id': 'tPp591666-681031-681032', 'prod_name': 'Pure Grace Shower Gel', 'waitrose_Qty': '480ml', 'waitrose_discounted_price': '£19.50', 'waitrose_offer_desc': None, 'waitrose_url': 'https://www.waitrose.com/ecom/shop/browse/groceries/toiletries_health_and_beauty/hair_care/shampoo', 'waitrose_rating': None, 'waitrose_unit_price': '(£4.07/100ml)', 'waitrose_new_flag': None, 'waitrose_prod_name': 'Pure Grace Shower Gel 480ml', 'images': []}
DEBUG: Scraped from <200 https://www.waitrose.com/ecom/shop/browse/groceries/toiletries_health_and_beauty/hair_care/shampoo>
{'client': 'Waitrose', 'time': datetime.datetime(2020, 8, 29, 18, 48, 20, 676662), 'category': 'Shampoo', 'id': 'tPp401660-588303-588304', 'prod_name': 'Richard Ward Brunette Shampoo', 'waitrose_Qty': '250ml', 'waitrose_discounted_price': '£6.00', 'waitrose_offer_desc': None, 'waitrose_url': 'https://www.waitrose.com/ecom/shop/browse/groceries/toiletries_health_and_beauty/hair_care/shampoo', 'waitrose_rating': '5', 'waitrose_unit_price': '(£2.40/100ml)', 'waitrose_new_flag': None, 'waitrose_prod_name': 'Richard Ward Brunette Shampoo 250ml', 'images': []}
INFO: Closing spider (finished)
INFO: Stored json feed (140 items) in: waitrose_082920.json
INFO: Dumping Scrapy stats:
{'downloader/request_bytes': 2590,
 'downloader/request_count': 1,
 'downloader/request_method_count/POST': 1,
 'downloader/response_bytes': 1663896,
 'downloader/response_count': 1,
 'downloader/response_status_count/200': 1,
 'finish_reason': 'finished',
 'finish_time': datetime.datetime(2020, 8, 29, 13, 19, 39, 803451),
 'item_scraped_count': 140,
 'log_count/DEBUG': 141,
 'log_count/INFO': 11,
 'log_count/WARNING': 1,
 'response_received_count': 1,
 'scheduler/dequeued': 2,
 'scheduler/dequeued/memory': 2,
 'scheduler/enqueued': 2,
 'scheduler/enqueued/memory': 2,
 'splash/execute/request_count': 1,
 'splash/execute/response_count/200': 1,
 'start_time': datetime.datetime(2020, 8, 29, 13, 18, 20, 944677)}
INFO: Spider closed (finished)
INFO: Scrapy 1.6.0 started (bot: waitrose)
INFO: Versions: lxml 4.5.1.0, libxml2 2.9.10, cssselect 1.1.0, parsel 1.6.0, w3lib 1.22.0, Twisted 20.3.0, Python 3.7.7 (default, May  6 2020, 11:45:54) [MSC v.1916 64 bit (AMD64)], pyOpenSSL 19.1.0 (OpenSSL 1.1.1g  21 Apr 2020), cryptography 2.9.2, Platform Windows-10-10.0.18362-SP0
INFO: Overridden settings: {'BOT_NAME': 'waitrose', 'DOWNLOAD_TIMEOUT': 1200, 'DUPEFILTER_CLASS': 'scrapy_splash.SplashAwareDupeFilter', 'FEED_EXPORT_ENCODING': 'utf-8', 'FEED_FORMAT': 'json', 'FEED_URI': 'waitrose_083020.json', 'NEWSPIDER_MODULE': 'waitrose.spiders', 'SPIDER_MODULES': ['waitrose.spiders']}
INFO: Telnet Password: 7d3416b9dff2acf1
INFO: Enabled extensions:
['scrapy.extensions.corestats.CoreStats',
 'scrapy.extensions.telnet.TelnetConsole',
 'scrapy.extensions.feedexport.FeedExporter',
 'scrapy.extensions.logstats.LogStats']
INFO: Enabled downloader middlewares:
['scrapy.downloadermiddlewares.httpauth.HttpAuthMiddleware',
 'scrapy.downloadermiddlewares.downloadtimeout.DownloadTimeoutMiddleware',
 'scrapy.downloadermiddlewares.defaultheaders.DefaultHeadersMiddleware',
 'scrapy.downloadermiddlewares.useragent.UserAgentMiddleware',
 'scrapy.downloadermiddlewares.retry.RetryMiddleware',
 'scrapy.downloadermiddlewares.redirect.MetaRefreshMiddleware',
 'scrapy.downloadermiddlewares.redirect.RedirectMiddleware',
 'scrapy.downloadermiddlewares.cookies.CookiesMiddleware',
 'scrapy_splash.SplashCookiesMiddleware',
 'scrapy_splash.SplashMiddleware',
 'scrapy.downloadermiddlewares.httpproxy.HttpProxyMiddleware',
 'scrapy.downloadermiddlewares.httpcompression.HttpCompressionMiddleware',
 'scrapy.downloadermiddlewares.stats.DownloaderStats']
INFO: Enabled spider middlewares:
['scrapy.spidermiddlewares.httperror.HttpErrorMiddleware',
 'scrapy_splash.SplashDeduplicateArgsMiddleware',
 'scrapy.spidermiddlewares.offsite.OffsiteMiddleware',
 'scrapy.spidermiddlewares.referer.RefererMiddleware',
 'scrapy.spidermiddlewares.urllength.UrlLengthMiddleware',
 'scrapy.spidermiddlewares.depth.DepthMiddleware']
INFO: Enabled item pipelines:
['waitrose.pipelines.ImageDownloaderPipeline',
 'waitrose.pipelines.SQLlitePipeline']
INFO: Spider opened
INFO: Crawled 0 pages (at 0 pages/min), scraped 0 items (at 0 items/min)
WARNING: C:\Users\sujithk\AppData\Local\Continuum\anaconda3\envs\Virtual_Env\lib\site-packages\scrapy\spidermiddlewares\offsite.py:61: URLWarning: allowed_domains accepts only domains, not URLs. Ignoring URL entry https://www.waitrose.com/ in allowed_domains.
  warnings.warn(message, URLWarning)

INFO: Telnet console listening on 127.0.0.1:6026
INFO: Crawled 0 pages (at 0 pages/min), scraped 0 items (at 0 items/min)
DEBUG: Crawled (200) <GET https://www.waitrose.com/ecom/shop/browse/groceries/toiletries_health_and_beauty/hair_care/shampoo via http://192.168.65.33:8050/execute> (referer: None)
DEBUG: Scraped from <200 https://www.waitrose.com/ecom/shop/browse/groceries/toiletries_health_and_beauty/hair_care/shampoo>
{'client': 'Waitrose', 'time': datetime.datetime(2020, 8, 30, 9, 55, 59, 619744), 'category': 'Shampoo', 'id': 'tPp096508-49364-49365', 'prod_name': 'Aussie Miracle Moist Shampoo', 'waitrose_Qty': '300ml', 'waitrose_discounted_price': '£2.05', 'waitrose_offer_desc': 'Half Price.', 'waitrose_url': 'https://www.waitrose.com/ecom/shop/browse/groceries/toiletries_health_and_beauty/hair_care/shampoo', 'waitrose_rating': '3.7', 'waitrose_unit_price': '(68.3p/100ml)', 'waitrose_new_flag': None, 'waitrose_prod_name': 'Aussie Miracle Moist Shampoo 300ml', 'images': []}
DEBUG: Scraped from <200 https://www.waitrose.com/ecom/shop/browse/groceries/toiletries_health_and_beauty/hair_care/shampoo>
{'client': 'Waitrose', 'time': datetime.datetime(2020, 8, 30, 9, 55, 59, 619744), 'category': 'Shampoo', 'id': 'tPp799806-683814-683815', 'prod_name': 'Tresemmé Shampoo Moisture Rich', 'waitrose_Qty': '800ml', 'waitrose_discounted_price': '£2.75', 'waitrose_offer_desc': 'Half Price.', 'waitrose_url': 'https://www.waitrose.com/ecom/shop/browse/groceries/toiletries_health_and_beauty/hair_care/shampoo', 'waitrose_rating': None, 'waitrose_unit_price': '(34.4p/100ml)', 'waitrose_new_flag': None, 'waitrose_prod_name': 'Tresemmé Shampoo Moisture Rich 800ml', 'images': []}
DEBUG: Scraped from <200 https://www.waitrose.com/ecom/shop/browse/groceries/toiletries_health_and_beauty/hair_care/shampoo>
{'client': 'Waitrose', 'time': datetime.datetime(2020, 8, 30, 9, 55, 59, 619744), 'category': 'Shampoo', 'id': 'tPp059421-29947-29948', 'prod_name': 'Aussie Aussome Volume Shampoo', 'waitrose_Qty': '300ml', 'waitrose_discounted_price': '£2.00', 'waitrose_offer_desc': 'Half Price.', 'waitrose_url': 'https://www.waitrose.com/ecom/shop/browse/groceries/toiletries_health_and_beauty/hair_care/shampoo', 'waitrose_rating': '5', 'waitrose_unit_price': '(66.7p/100ml)', 'waitrose_new_flag': None, 'waitrose_prod_name': 'Aussie Aussome Volume Shampoo 300ml', 'images': []}
DEBUG: Scraped from <200 https://www.waitrose.com/ecom/shop/browse/groceries/toiletries_health_and_beauty/hair_care/shampoo>
{'client': 'Waitrose', 'time': datetime.datetime(2020, 8, 30, 9, 55, 59, 619744), 'category': 'Shampoo', 'id': 'tPp092708-47659-47660', 'prod_name': 'Vosene Original Shampoo', 'waitrose_Qty': '250ml', 'waitrose_discounted_price': '£1.36', 'waitrose_offer_desc': 'Save 1/3.', 'waitrose_url': 'https://www.waitrose.com/ecom/shop/browse/groceries/toiletries_health_and_beauty/hair_care/shampoo', 'waitrose_rating': '5', 'waitrose_unit_price': '(54.4p/100ml)', 'waitrose_new_flag': None, 'waitrose_prod_name': 'Vosene Original Shampoo 250ml', 'images': []}
DEBUG: Scraped from <200 https://www.waitrose.com/ecom/shop/browse/groceries/toiletries_health_and_beauty/hair_care/shampoo>
{'client': 'Waitrose', 'time': datetime.datetime(2020, 8, 30, 9, 55, 59, 619744), 'category': 'Shampoo', 'id': 'tPp092708-47659-47660', 'prod_name': 'Vosene Original Shampoo', 'waitrose_Qty': '250ml', 'waitrose_discounted_price': '£1.36', 'waitrose_offer_desc': 'Save 1/3.', 'waitrose_url': 'https://www.waitrose.com/ecom/shop/browse/groceries/toiletries_health_and_beauty/hair_care/shampoo', 'waitrose_rating': '5', 'waitrose_unit_price': '(54.4p/100ml)', 'waitrose_new_flag': None, 'waitrose_prod_name': 'Vosene Original Shampoo 250ml', 'images': []}
DEBUG: Scraped from <200 https://www.waitrose.com/ecom/shop/browse/groceries/toiletries_health_and_beauty/hair_care/shampoo>
{'client': 'Waitrose', 'time': datetime.datetime(2020, 8, 30, 9, 55, 59, 619744), 'category': 'Shampoo', 'id': 'tPp083596-42439-42440', 'prod_name': 'Aussie Colour Mate Shampoo', 'waitrose_Qty': '300ml', 'waitrose_discounted_price': '£2.05', 'waitrose_offer_desc': 'Half Price.', 'waitrose_url': 'https://www.waitrose.com/ecom/shop/browse/groceries/toiletries_health_and_beauty/hair_care/shampoo', 'waitrose_rating': '5', 'waitrose_unit_price': '(68.3p/100ml)', 'waitrose_new_flag': None, 'waitrose_prod_name': 'Aussie Colour Mate Shampoo 300ml', 'images': []}
DEBUG: Scraped from <200 https://www.waitrose.com/ecom/shop/browse/groceries/toiletries_health_and_beauty/hair_care/shampoo>
{'client': 'Waitrose', 'time': datetime.datetime(2020, 8, 30, 9, 55, 59, 619744), 'category': 'Shampoo', 'id': 'tPp096232-49248-49249', 'prod_name': 'Aussie Mega Shampoo', 'waitrose_Qty': '300ml', 'waitrose_discounted_price': '£2.05', 'waitrose_offer_desc': 'Half Price.', 'waitrose_url': 'https://www.waitrose.com/ecom/shop/browse/groceries/toiletries_health_and_beauty/hair_care/shampoo', 'waitrose_rating': '2.5', 'waitrose_unit_price': '(68.3p/100ml)', 'waitrose_new_flag': None, 'waitrose_prod_name': 'Aussie Mega Shampoo 300ml', 'images': []}
DEBUG: Scraped from <200 https://www.waitrose.com/ecom/shop/browse/groceries/toiletries_health_and_beauty/hair_care/shampoo>
{'client': 'Waitrose', 'time': datetime.datetime(2020, 8, 30, 9, 55, 59, 619744), 'category': 'Shampoo', 'id': 'tPp011495-5706-5707', 'prod_name': 'John Frieda Shampoo Touchably Full', 'waitrose_Qty': '250ml', 'waitrose_discounted_price': '£3.99', 'waitrose_offer_desc': 'Save 1/3.', 'waitrose_url': 'https://www.waitrose.com/ecom/shop/browse/groceries/toiletries_health_and_beauty/hair_care/shampoo', 'waitrose_rating': '4', 'waitrose_unit_price': '(£1.60/100ml)', 'waitrose_new_flag': None, 'waitrose_prod_name': 'John Frieda Shampoo Touchably Full 250ml', 'images': []}
DEBUG: Scraped from <200 https://www.waitrose.com/ecom/shop/browse/groceries/toiletries_health_and_beauty/hair_care/shampoo>
{'client': 'Waitrose', 'time': datetime.datetime(2020, 8, 30, 9, 55, 59, 619744), 'category': 'Shampoo', 'id': 'tPp639145-337007-337008', 'prod_name': 'Tresemmé Shampoo Deep Cleansing', 'waitrose_Qty': '800ml', 'waitrose_discounted_price': '£2.75', 'waitrose_offer_desc': 'Half Price.', 'waitrose_url': 'https://www.waitrose.com/ecom/shop/browse/groceries/toiletries_health_and_beauty/hair_care/shampoo', 'waitrose_rating': '5', 'waitrose_unit_price': '(34.4p/100ml)', 'waitrose_new_flag': None, 'waitrose_prod_name': 'Tresemmé Shampoo Deep Cleansing 800ml', 'images': []}
DEBUG: Scraped from <200 https://www.waitrose.com/ecom/shop/browse/groceries/toiletries_health_and_beauty/hair_care/shampoo>
{'client': 'Waitrose', 'time': datetime.datetime(2020, 8, 30, 9, 55, 59, 619744), 'category': 'Shampoo', 'id': 'tPp433216-720111-720112', 'prod_name': 'John Frieda Hydrate & Recharge Shampoo', 'waitrose_Qty': '250ml', 'waitrose_discounted_price': '£3.99', 'waitrose_offer_desc': 'Save 1/3.', 'waitrose_url': 'https://www.waitrose.com/ecom/shop/browse/groceries/toiletries_health_and_beauty/hair_care/shampoo', 'waitrose_rating': None, 'waitrose_unit_price': '(£1.60/100ml)', 'waitrose_new_flag': None, 'waitrose_prod_name': 'John Frieda Hydrate & Recharge Shampoo 250ml', 'images': []}
DEBUG: Scraped from <200 https://www.waitrose.com/ecom/shop/browse/groceries/toiletries_health_and_beauty/hair_care/shampoo>
{'client': 'Waitrose', 'time': datetime.datetime(2020, 8, 30, 9, 55, 59, 619744), 'category': 'Shampoo', 'id': 'tPp595050-720203-720204', 'prod_name': 'Herbal Essences Coconut Shampoo', 'waitrose_Qty': '250ml', 'waitrose_discounted_price': '£2.00', 'waitrose_offer_desc': 'Save 1/3.', 'waitrose_url': 'https://www.waitrose.com/ecom/shop/browse/groceries/toiletries_health_and_beauty/hair_care/shampoo', 'waitrose_rating': None, 'waitrose_unit_price': '(80p/100ml)', 'waitrose_new_flag': None, 'waitrose_prod_name': 'Herbal Essences Coconut Shampoo 250ml', 'images': []}
DEBUG: Scraped from <200 https://www.waitrose.com/ecom/shop/browse/groceries/toiletries_health_and_beauty/hair_care/shampoo>
{'client': 'Waitrose', 'time': datetime.datetime(2020, 8, 30, 9, 55, 59, 619744), 'category': 'Shampoo', 'id': 'tPp575547-494836-494837', 'prod_name': 'DGJ Thickening Shampoo', 'waitrose_Qty': '250ml', 'waitrose_discounted_price': '£2.50', 'waitrose_offer_desc': 'Half Price.', 'waitrose_url': 'https://www.waitrose.com/ecom/shop/browse/groceries/toiletries_health_and_beauty/hair_care/shampoo', 'waitrose_rating': '5', 'waitrose_unit_price': '(£1/100ml)', 'waitrose_new_flag': None, 'waitrose_prod_name': 'DGJ Thickening Shampoo 250ml', 'images': []}
DEBUG: Scraped from <200 https://www.waitrose.com/ecom/shop/browse/groceries/toiletries_health_and_beauty/hair_care/shampoo>
{'client': 'Waitrose', 'time': datetime.datetime(2020, 8, 30, 9, 55, 59, 619744), 'category': 'Shampoo', 'id': 'tPp639366-90822-90823', 'prod_name': 'Head & Shoulders Shampoo Classic', 'waitrose_Qty': '500ml', 'waitrose_discounted_price': '£5.15', 'waitrose_offer_desc': None, 'waitrose_url': 'https://www.waitrose.com/ecom/shop/browse/groceries/toiletries_health_and_beauty/hair_care/shampoo', 'waitrose_rating': '3.5', 'waitrose_unit_price': '(£1.03/100ml)', 'waitrose_new_flag': None, 'waitrose_prod_name': 'Head & Shoulders Shampoo Classic 500ml', 'images': []}
DEBUG: Scraped from <200 https://www.waitrose.com/ecom/shop/browse/groceries/toiletries_health_and_beauty/hair_care/shampoo>
{'client': 'Waitrose', 'time': datetime.datetime(2020, 8, 30, 9, 55, 59, 619744), 'category': 'Shampoo', 'id': 'tPp701301-99532-99533', 'prod_name': 'Essential Daily Care Shampoo', 'waitrose_Qty': '300ml', 'waitrose_discounted_price': '80p', 'waitrose_offer_desc': None, 'waitrose_url': 'https://www.waitrose.com/ecom/shop/browse/groceries/toiletries_health_and_beauty/hair_care/shampoo', 'waitrose_rating': '4.1', 'waitrose_unit_price': '(26.7p/100ml)', 'waitrose_new_flag': None, 'waitrose_prod_name': 'Essential Daily Care Shampoo 300ml', 'images': []}
DEBUG: Scraped from <200 https://www.waitrose.com/ecom/shop/browse/groceries/toiletries_health_and_beauty/hair_care/shampoo>
{'client': 'Waitrose', 'time': datetime.datetime(2020, 8, 30, 9, 55, 59, 619744), 'category': 'Shampoo', 'id': 'tPp364793-255761-255762', 'prod_name': 'Aussie Miracle Shine Shampoo', 'waitrose_Qty': '300ml', 'waitrose_discounted_price': '£2.00', 'waitrose_offer_desc': 'Half Price.', 'waitrose_url': 'https://www.waitrose.com/ecom/shop/browse/groceries/toiletries_health_and_beauty/hair_care/shampoo', 'waitrose_rating': None, 'waitrose_unit_price': '(66.7p/100ml)', 'waitrose_new_flag': None, 'waitrose_prod_name': 'Aussie Miracle Shine Shampoo 300ml', 'images': []}
DEBUG: Scraped from <200 https://www.waitrose.com/ecom/shop/browse/groceries/toiletries_health_and_beauty/hair_care/shampoo>
{'client': 'Waitrose', 'time': datetime.datetime(2020, 8, 30, 9, 55, 59, 619744), 'category': 'Shampoo', 'id': 'tPp610920-86669-86670', 'prod_name': 'Sheer Blonde Go Blonder Shampoo', 'waitrose_Qty': '250ml', 'waitrose_discounted_price': '£3.99', 'waitrose_offer_desc': 'Save 1/3.', 'waitrose_url': 'https://www.waitrose.com/ecom/shop/browse/groceries/toiletries_health_and_beauty/hair_care/shampoo', 'waitrose_rating': '3.5', 'waitrose_unit_price': '(£1.60/100ml)', 'waitrose_new_flag': None, 'waitrose_prod_name': 'Sheer Blonde Go Blonder Shampoo 250ml', 'images': []}
DEBUG: Scraped from <200 https://www.waitrose.com/ecom/shop/browse/groceries/toiletries_health_and_beauty/hair_care/shampoo>
{'client': 'Waitrose', 'time': datetime.datetime(2020, 8, 30, 9, 55, 59, 619744), 'category': 'Shampoo', 'id': 'tPp535961-75786-75787', 'prod_name': 'essential Waitrose Nourishing Shampoo', 'waitrose_Qty': '300ml', 'waitrose_discounted_price': '80p', 'waitrose_offer_desc': None, 'waitrose_url': 'https://www.waitrose.com/ecom/shop/browse/groceries/toiletries_health_and_beauty/hair_care/shampoo', 'waitrose_rating': '4.3', 'waitrose_unit_price': '(26.7p/100ml)', 'waitrose_new_flag': None, 'waitrose_prod_name': 'essential Waitrose Nourishing Shampoo 300ml', 'images': []}
DEBUG: Scraped from <200 https://www.waitrose.com/ecom/shop/browse/groceries/toiletries_health_and_beauty/hair_care/shampoo>
{'client': 'Waitrose', 'time': datetime.datetime(2020, 8, 30, 9, 55, 59, 619744), 'category': 'Shampoo', 'id': 'tPp494340-69860-69861', 'prod_name': "Neal's Yard Rose Shampoo", 'waitrose_Qty': '200ml', 'waitrose_discounted_price': '£7.66', 'waitrose_offer_desc': 'Save 1/3.', 'waitrose_url': 'https://www.waitrose.com/ecom/shop/browse/groceries/toiletries_health_and_beauty/hair_care/shampoo', 'waitrose_rating': '3.1', 'waitrose_unit_price': '(£3.83/100ml)', 'waitrose_new_flag': None, 'waitrose_prod_name': "Neal's Yard Rose Shampoo 200ml", 'images': []}
DEBUG: Scraped from <200 https://www.waitrose.com/ecom/shop/browse/groceries/toiletries_health_and_beauty/hair_care/shampoo>
{'client': 'Waitrose', 'time': datetime.datetime(2020, 8, 30, 9, 55, 59, 619744), 'category': 'Shampoo', 'id': 'tPp819563-729788-729789', 'prod_name': 'Aussie Blonde Purple Shampoo', 'waitrose_Qty': '290ml', 'waitrose_discounted_price': '£2.99', 'waitrose_offer_desc': 'Half Price.', 'waitrose_url': 'https://www.waitrose.com/ecom/shop/browse/groceries/toiletries_health_and_beauty/hair_care/shampoo', 'waitrose_rating': None, 'waitrose_unit_price': '(£1.04/100ml)', 'waitrose_new_flag': 'NEW', 'waitrose_prod_name': 'Aussie Blonde Purple Shampoo 290ml', 'images': []}
DEBUG: Scraped from <200 https://www.waitrose.com/ecom/shop/browse/groceries/toiletries_health_and_beauty/hair_care/shampoo>
{'client': 'Waitrose', 'time': datetime.datetime(2020, 8, 30, 9, 55, 59, 619744), 'category': 'Shampoo', 'id': 'tPp775870-724036-724037', 'prod_name': 'Faith in Nature Wild Rose Shampoo', 'waitrose_Qty': '400ml', 'waitrose_discounted_price': '£3.86', 'waitrose_offer_desc': 'Save 1/3.', 'waitrose_url': 'https://www.waitrose.com/ecom/shop/browse/groceries/toiletries_health_and_beauty/hair_care/shampoo', 'waitrose_rating': '5', 'waitrose_unit_price': '(96.5p/100ml)', 'waitrose_new_flag': None, 'waitrose_prod_name': 'Faith in Nature Wild Rose Shampoo 400ml', 'images': []}
DEBUG: Scraped from <200 https://www.waitrose.com/ecom/shop/browse/groceries/toiletries_health_and_beauty/hair_care/shampoo>
{'client': 'Waitrose', 'time': datetime.datetime(2020, 8, 30, 9, 55, 59, 619744), 'category': 'Shampoo', 'id': 'tPp735040-695707-695708', 'prod_name': 'Vosene Kids 3in1 Tea Tree Shampoo', 'waitrose_Qty': '250ml', 'waitrose_discounted_price': '£1.66', 'waitrose_offer_desc': 'Save 1/3.', 'waitrose_url': 'https://www.waitrose.com/ecom/shop/browse/groceries/toiletries_health_and_beauty/hair_care/shampoo', 'waitrose_rating': None, 'waitrose_unit_price': '(66.4p/100ml)', 'waitrose_new_flag': None, 'waitrose_prod_name': 'Vosene Kids 3in1 Tea Tree Shampoo 250ml', 'images': []}
DEBUG: Scraped from <200 https://www.waitrose.com/ecom/shop/browse/groceries/toiletries_health_and_beauty/hair_care/shampoo>
{'client': 'Waitrose', 'time': datetime.datetime(2020, 8, 30, 9, 55, 59, 619744), 'category': 'Shampoo', 'id': 'tPp871494-495182-495183', 'prod_name': 'DGJ Hairjuice Shampoo', 'waitrose_Qty': '250ml', 'waitrose_discounted_price': '£2.50', 'waitrose_offer_desc': 'Half Price.', 'waitrose_url': 'https://www.waitrose.com/ecom/shop/browse/groceries/toiletries_health_and_beauty/hair_care/shampoo', 'waitrose_rating': '5', 'waitrose_unit_price': '(£1/100ml)', 'waitrose_new_flag': None, 'waitrose_prod_name': 'DGJ Hairjuice Shampoo 250ml', 'images': []}
DEBUG: Scraped from <200 https://www.waitrose.com/ecom/shop/browse/groceries/toiletries_health_and_beauty/hair_care/shampoo>
{'client': 'Waitrose', 'time': datetime.datetime(2020, 8, 30, 9, 55, 59, 619744), 'category': 'Shampoo', 'id': 'tPp425163-526469-526470', 'prod_name': 'Frizz Ease Shampoo Miraculous Recovery', 'waitrose_Qty': '250ml', 'waitrose_discounted_price': '£3.99', 'waitrose_offer_desc': 'Save 1/3.', 'waitrose_url': 'https://www.waitrose.com/ecom/shop/browse/groceries/toiletries_health_and_beauty/hair_care/shampoo', 'waitrose_rating': None, 'waitrose_unit_price': '(£1.60/100ml)', 'waitrose_new_flag': None, 'waitrose_prod_name': 'Frizz Ease Shampoo Miraculous Recovery 250ml', 'images': []}
DEBUG: Scraped from <200 https://www.waitrose.com/ecom/shop/browse/groceries/toiletries_health_and_beauty/hair_care/shampoo>
{'client': 'Waitrose', 'time': datetime.datetime(2020, 8, 30, 9, 55, 59, 619744), 'category': 'Shampoo', 'id': 'tPp745828-495012-495013', 'prod_name': 'DGJ Kids Lice Repel Shampoo', 'waitrose_Qty': '250ml', 'waitrose_discounted_price': '£1.75', 'waitrose_offer_desc': 'Half Price.', 'waitrose_url': 'https://www.waitrose.com/ecom/shop/browse/groceries/toiletries_health_and_beauty/hair_care/shampoo', 'waitrose_rating': None, 'waitrose_unit_price': '(70p/100ml)', 'waitrose_new_flag': None, 'waitrose_prod_name': 'DGJ Kids Lice Repel Shampoo 250ml', 'images': []}
DEBUG: Scraped from <200 https://www.waitrose.com/ecom/shop/browse/groceries/toiletries_health_and_beauty/hair_care/shampoo>
{'client': 'Waitrose', 'time': datetime.datetime(2020, 8, 30, 9, 55, 59, 619744), 'category': 'Shampoo', 'id': 'tPp819340-720339-720340', 'prod_name': 'Head & Shoulders Supreme Shampoo', 'waitrose_Qty': '400ml', 'waitrose_discounted_price': '£3.33', 'waitrose_offer_desc': 'Save 1/3.', 'waitrose_url': 'https://www.waitrose.com/ecom/shop/browse/groceries/toiletries_health_and_beauty/hair_care/shampoo', 'waitrose_rating': None, 'waitrose_unit_price': '(83.3p/100ml)', 'waitrose_new_flag': None, 'waitrose_prod_name': 'Head & Shoulders Supreme Shampoo 400ml', 'images': []}
DEBUG: Scraped from <200 https://www.waitrose.com/ecom/shop/browse/groceries/toiletries_health_and_beauty/hair_care/shampoo>
{'client': 'Waitrose', 'time': datetime.datetime(2020, 8, 30, 9, 55, 59, 619744), 'category': 'Shampoo', 'id': 'tPp425124-59787-59788', 'prod_name': 'Brilliant Brunette Protecting Shampoo', 'waitrose_Qty': '250ml', 'waitrose_discounted_price': '£3.99', 'waitrose_offer_desc': 'Save 1/3.', 'waitrose_url': 'https://www.waitrose.com/ecom/shop/browse/groceries/toiletries_health_and_beauty/hair_care/shampoo', 'waitrose_rating': None, 'waitrose_unit_price': '(£1.60/100ml)', 'waitrose_new_flag': None, 'waitrose_prod_name': 'Brilliant Brunette Protecting Shampoo 250ml', 'images': []}
DEBUG: Scraped from <200 https://www.waitrose.com/ecom/shop/browse/groceries/toiletries_health_and_beauty/hair_care/shampoo>
{'client': 'Waitrose', 'time': datetime.datetime(2020, 8, 30, 9, 55, 59, 619744), 'category': 'Shampoo', 'id': 'tPp563832-295347-295348', 'prod_name': 'Argan + Argan Oil 5Oil Miracle Shampoo', 'waitrose_Qty': '300ml', 'waitrose_discounted_price': '£4.00', 'waitrose_offer_desc': 'Save 1/3.', 'waitrose_url': 'https://www.waitrose.com/ecom/shop/browse/groceries/toiletries_health_and_beauty/hair_care/shampoo', 'waitrose_rating': '5', 'waitrose_unit_price': '(£1.34/100ml)', 'waitrose_new_flag': None, 'waitrose_prod_name': 'Argan + Argan Oil 5Oil Miracle Shampoo 300ml', 'images': []}
DEBUG: Scraped from <200 https://www.waitrose.com/ecom/shop/browse/groceries/toiletries_health_and_beauty/hair_care/shampoo>
{'client': 'Waitrose', 'time': datetime.datetime(2020, 8, 30, 9, 55, 59, 619744), 'category': 'Shampoo', 'id': 'tPp810201-352482-352483', 'prod_name': 'Essential Daily Care 2 in 1', 'waitrose_Qty': '300ml', 'waitrose_discounted_price': '80p', 'waitrose_offer_desc': None, 'waitrose_url': 'https://www.waitrose.com/ecom/shop/browse/groceries/toiletries_health_and_beauty/hair_care/shampoo', 'waitrose_rating': '4.3', 'waitrose_unit_price': '(26.7p/100ml)', 'waitrose_new_flag': None, 'waitrose_prod_name': 'Essential Daily Care 2 in 1 300ml', 'images': []}
DEBUG: Scraped from <200 https://www.waitrose.com/ecom/shop/browse/groceries/toiletries_health_and_beauty/hair_care/shampoo>
{'client': 'Waitrose', 'time': datetime.datetime(2020, 8, 30, 9, 55, 59, 619744), 'category': 'Shampoo', 'id': 'tPp435635-694165-694166', 'prod_name': 'Pantene Classic Clean Shampoo', 'waitrose_Qty': '500ml', 'waitrose_discounted_price': '£5.15', 'waitrose_offer_desc': None, 'waitrose_url': 'https://www.waitrose.com/ecom/shop/browse/groceries/toiletries_health_and_beauty/hair_care/shampoo', 'waitrose_rating': None, 'waitrose_unit_price': '(£1.03/100ml)', 'waitrose_new_flag': None, 'waitrose_prod_name': 'Pantene Classic Clean Shampoo 500ml', 'images': []}
DEBUG: Scraped from <200 https://www.waitrose.com/ecom/shop/browse/groceries/toiletries_health_and_beauty/hair_care/shampoo>
{'client': 'Waitrose', 'time': datetime.datetime(2020, 8, 30, 9, 55, 59, 619744), 'category': 'Shampoo', 'id': 'tPp747801-683764-683765', 'prod_name': 'Aussie Shampoo Scent-sational', 'waitrose_Qty': '300ml', 'waitrose_discounted_price': '£2.00', 'waitrose_offer_desc': 'Half Price.', 'waitrose_url': 'https://www.waitrose.com/ecom/shop/browse/groceries/toiletries_health_and_beauty/hair_care/shampoo', 'waitrose_rating': '5', 'waitrose_unit_price': '(66.7p/100ml)', 'waitrose_new_flag': None, 'waitrose_prod_name': 'Aussie Shampoo Scent-sational 300ml', 'images': []}
DEBUG: Scraped from <200 https://www.waitrose.com/ecom/shop/browse/groceries/toiletries_health_and_beauty/hair_care/shampoo>
{'client': 'Waitrose', 'time': datetime.datetime(2020, 8, 30, 9, 55, 59, 619744), 'category': 'Shampoo', 'id': 'tPp824583-694195-694196', 'prod_name': 'Pantene Repair & Protect Shampoo', 'waitrose_Qty': '500ml', 'waitrose_discounted_price': '£3.75', 'waitrose_offer_desc': None, 'waitrose_url': 'https://www.waitrose.com/ecom/shop/browse/groceries/toiletries_health_and_beauty/hair_care/shampoo', 'waitrose_rating': None, 'waitrose_unit_price': '(75p/100ml)', 'waitrose_new_flag': None, 'waitrose_prod_name': 'Pantene Repair & Protect Shampoo 500ml', 'images': []}
DEBUG: Scraped from <200 https://www.waitrose.com/ecom/shop/browse/groceries/toiletries_health_and_beauty/hair_care/shampoo>
{'client': 'Waitrose', 'time': datetime.datetime(2020, 8, 30, 9, 55, 59, 619744), 'category': 'Shampoo', 'id': 'tPp895328-495224-495225', 'prod_name': 'DGJ Kids Detangle Shampoo', 'waitrose_Qty': '250ml', 'waitrose_discounted_price': '£1.75', 'waitrose_offer_desc': 'Half Price.', 'waitrose_url': 'https://www.waitrose.com/ecom/shop/browse/groceries/toiletries_health_and_beauty/hair_care/shampoo', 'waitrose_rating': None, 'waitrose_unit_price': '(70p/100ml)', 'waitrose_new_flag': None, 'waitrose_prod_name': 'DGJ Kids Detangle Shampoo 250ml', 'images': []}
DEBUG: Scraped from <200 https://www.waitrose.com/ecom/shop/browse/groceries/toiletries_health_and_beauty/hair_care/shampoo>
{'client': 'Waitrose', 'time': datetime.datetime(2020, 8, 30, 9, 55, 59, 619744), 'category': 'Shampoo', 'id': 'tPp757780-107799-107800', 'prod_name': 'Head & Shoulders 2in1 Classic Clean', 'waitrose_Qty': '450ml', 'waitrose_discounted_price': '£5.15', 'waitrose_offer_desc': None, 'waitrose_url': 'https://www.waitrose.com/ecom/shop/browse/groceries/toiletries_health_and_beauty/hair_care/shampoo', 'waitrose_rating': '4', 'waitrose_unit_price': '(£1.15/100ml)', 'waitrose_new_flag': None, 'waitrose_prod_name': 'Head & Shoulders 2in1 Classic Clean 450ml', 'images': []}
DEBUG: Scraped from <200 https://www.waitrose.com/ecom/shop/browse/groceries/toiletries_health_and_beauty/hair_care/shampoo>
{'client': 'Waitrose', 'time': datetime.datetime(2020, 8, 30, 9, 55, 59, 619744), 'category': 'Shampoo', 'id': 'tPp847454-724141-724142', 'prod_name': 'Faith in Nature Grapefruit Shampoo', 'waitrose_Qty': '400ml', 'waitrose_discounted_price': '£3.86', 'waitrose_offer_desc': 'Save 1/3.', 'waitrose_url': 'https://www.waitrose.com/ecom/shop/browse/groceries/toiletries_health_and_beauty/hair_care/shampoo', 'waitrose_rating': None, 'waitrose_unit_price': '(96.5p/100ml)', 'waitrose_new_flag': None, 'waitrose_prod_name': 'Faith in Nature Grapefruit Shampoo 400ml', 'images': []}
DEBUG: Scraped from <200 https://www.waitrose.com/ecom/shop/browse/groceries/toiletries_health_and_beauty/hair_care/shampoo>
{'client': 'Waitrose', 'time': datetime.datetime(2020, 8, 30, 9, 55, 59, 619744), 'category': 'Shampoo', 'id': 'tPp538896-720173-720174', 'prod_name': 'Herbal Essences Argan Oil Shampoo', 'waitrose_Qty': '250ml', 'waitrose_discounted_price': '£2.00', 'waitrose_offer_desc': 'Save 1/3.', 'waitrose_url': 'https://www.waitrose.com/ecom/shop/browse/groceries/toiletries_health_and_beauty/hair_care/shampoo', 'waitrose_rating': None, 'waitrose_unit_price': '(80p/100ml)', 'waitrose_new_flag': None, 'waitrose_prod_name': 'Herbal Essences Argan Oil Shampoo 250ml', 'images': []}
DEBUG: Scraped from <200 https://www.waitrose.com/ecom/shop/browse/groceries/toiletries_health_and_beauty/hair_care/shampoo>
{'client': 'Waitrose', 'time': datetime.datetime(2020, 8, 30, 9, 55, 59, 619744), 'category': 'Shampoo', 'id': 'tPp455905-591789-591790', 'prod_name': 'Herbal Essences clean Shampoo', 'waitrose_Qty': '400ml', 'waitrose_discounted_price': '£4.50', 'waitrose_offer_desc': None, 'waitrose_url': 'https://www.waitrose.com/ecom/shop/browse/groceries/toiletries_health_and_beauty/hair_care/shampoo', 'waitrose_rating': None, 'waitrose_unit_price': '(£1.13/100ml)', 'waitrose_new_flag': None, 'waitrose_prod_name': 'Herbal Essences clean Shampoo 400ml', 'images': []}
DEBUG: Scraped from <200 https://www.waitrose.com/ecom/shop/browse/groceries/toiletries_health_and_beauty/hair_care/shampoo>
{'client': 'Waitrose', 'time': datetime.datetime(2020, 8, 30, 9, 55, 59, 619744), 'category': 'Shampoo', 'id': 'tPp502437-720153-720154', 'prod_name': 'Aussie Calm The Frizz Shampoo', 'waitrose_Qty': '300ml', 'waitrose_discounted_price': '£2.00', 'waitrose_offer_desc': 'Half Price.', 'waitrose_url': 'https://www.waitrose.com/ecom/shop/browse/groceries/toiletries_health_and_beauty/hair_care/shampoo', 'waitrose_rating': None, 'waitrose_unit_price': '(66.7p/100ml)', 'waitrose_new_flag': None, 'waitrose_prod_name': 'Aussie Calm The Frizz Shampoo 300ml', 'images': []}
DEBUG: Scraped from <200 https://www.waitrose.com/ecom/shop/browse/groceries/toiletries_health_and_beauty/hair_care/shampoo>
{'client': 'Waitrose', 'time': datetime.datetime(2020, 8, 30, 9, 55, 59, 619744), 'category': 'Shampoo', 'id': 'tPp657721-694179-694180', 'prod_name': 'Pantene 3 in 1 Classic Clean', 'waitrose_Qty': '450ml', 'waitrose_discounted_price': '£3.75', 'waitrose_offer_desc': None, 'waitrose_url': 'https://www.waitrose.com/ecom/shop/browse/groceries/toiletries_health_and_beauty/hair_care/shampoo', 'waitrose_rating': None, 'waitrose_unit_price': '(83.3p/100ml)', 'waitrose_new_flag': None, 'waitrose_prod_name': 'Pantene 3 in 1 Classic Clean 450ml', 'images': []}
DEBUG: Scraped from <200 https://www.waitrose.com/ecom/shop/browse/groceries/toiletries_health_and_beauty/hair_care/shampoo>
{'client': 'Waitrose', 'time': datetime.datetime(2020, 8, 30, 9, 55, 59, 619744), 'category': 'Shampoo', 'id': 'tPp583946-82773-82774', 'prod_name': "Neal's Yard Lavender Shampoo", 'waitrose_Qty': '200ml', 'waitrose_discounted_price': '£7.66', 'waitrose_offer_desc': 'Save 1/3.', 'waitrose_url': 'https://www.waitrose.com/ecom/shop/browse/groceries/toiletries_health_and_beauty/hair_care/shampoo', 'waitrose_rating': '2.3', 'waitrose_unit_price': '(£3.83/100ml)', 'waitrose_new_flag': None, 'waitrose_prod_name': "Neal's Yard Lavender Shampoo 200ml", 'images': []}
DEBUG: Scraped from <200 https://www.waitrose.com/ecom/shop/browse/groceries/toiletries_health_and_beauty/hair_care/shampoo>
{'client': 'Waitrose', 'time': datetime.datetime(2020, 8, 30, 9, 55, 59, 619744), 'category': 'Shampoo', 'id': 'tPp065299-33095-33096', 'prod_name': 'Frizz Ease Dream Curls Shampoo', 'waitrose_Qty': '250ml', 'waitrose_discounted_price': '£3.99', 'waitrose_offer_desc': 'Save 1/3.', 'waitrose_url': 'https://www.waitrose.com/ecom/shop/browse/groceries/toiletries_health_and_beauty/hair_care/shampoo', 'waitrose_rating': '5', 'waitrose_unit_price': '(£1.60/100ml)', 'waitrose_new_flag': None, 'waitrose_prod_name': 'Frizz Ease Dream Curls Shampoo 250ml', 'images': []}
DEBUG: Scraped from <200 https://www.waitrose.com/ecom/shop/browse/groceries/toiletries_health_and_beauty/hair_care/shampoo>
{'client': 'Waitrose', 'time': datetime.datetime(2020, 8, 30, 9, 55, 59, 619744), 'category': 'Shampoo', 'id': 'tPp472240-591833-591834', 'prod_name': 'Herbal Essences Repair Shampoo', 'waitrose_Qty': '400ml', 'waitrose_discounted_price': '£4.50', 'waitrose_offer_desc': None, 'waitrose_url': 'https://www.waitrose.com/ecom/shop/browse/groceries/toiletries_health_and_beauty/hair_care/shampoo', 'waitrose_rating': '5', 'waitrose_unit_price': '(£1.13/100ml)', 'waitrose_new_flag': None, 'waitrose_prod_name': 'Herbal Essences Repair Shampoo 400ml', 'images': []}
DEBUG: Scraped from <200 https://www.waitrose.com/ecom/shop/browse/groceries/toiletries_health_and_beauty/hair_care/shampoo>
{'client': 'Waitrose', 'time': datetime.datetime(2020, 8, 30, 9, 55, 59, 619744), 'category': 'Shampoo', 'id': 'tPp464815-154487-154488', 'prod_name': 'Batiste original dry shampoo', 'waitrose_Qty': '200ml', 'waitrose_discounted_price': '£3.00', 'waitrose_offer_desc': None, 'waitrose_url': 'https://www.waitrose.com/ecom/shop/browse/groceries/toiletries_health_and_beauty/hair_care/shampoo', 'waitrose_rating': '5', 'waitrose_unit_price': '(£1.50/100ml)', 'waitrose_new_flag': None, 'waitrose_prod_name': 'Batiste original dry shampoo 200ml', 'images': []}
DEBUG: Scraped from <200 https://www.waitrose.com/ecom/shop/browse/groceries/toiletries_health_and_beauty/hair_care/shampoo>
{'client': 'Waitrose', 'time': datetime.datetime(2020, 8, 30, 9, 55, 59, 619744), 'category': 'Shampoo', 'id': 'tPp502050-631293-631294', 'prod_name': 'Hask Argan Oil Repairing Shampoo', 'waitrose_Qty': '355ml', 'waitrose_discounted_price': '£4.66', 'waitrose_offer_desc': 'Save 1/3.', 'waitrose_url': 'https://www.waitrose.com/ecom/shop/browse/groceries/toiletries_health_and_beauty/hair_care/shampoo', 'waitrose_rating': '3.7', 'waitrose_unit_price': '(£1.32/100ml)', 'waitrose_new_flag': None, 'waitrose_prod_name': 'Hask Argan Oil Repairing Shampoo 355ml', 'images': []}
DEBUG: Scraped from <200 https://www.waitrose.com/ecom/shop/browse/groceries/toiletries_health_and_beauty/hair_care/shampoo>
{'client': 'Waitrose', 'time': datetime.datetime(2020, 8, 30, 9, 55, 59, 619744), 'category': 'Shampoo', 'id': 'tPp740653-352034-352035', 'prod_name': 'essential Waitrose Anti-Dandruff 2 in 1', 'waitrose_Qty': '300ml', 'waitrose_discounted_price': '£1.00', 'waitrose_offer_desc': None, 'waitrose_url': 'https://www.waitrose.com/ecom/shop/browse/groceries/toiletries_health_and_beauty/hair_care/shampoo', 'waitrose_rating': '4', 'waitrose_unit_price': '(33.3p/100ml)', 'waitrose_new_flag': None, 'waitrose_prod_name': 'essential Waitrose Anti-Dandruff 2 in 1 300ml', 'images': []}
DEBUG: Scraped from <200 https://www.waitrose.com/ecom/shop/browse/groceries/toiletries_health_and_beauty/hair_care/shampoo>
{'client': 'Waitrose', 'time': datetime.datetime(2020, 8, 30, 9, 55, 59, 619744), 'category': 'Shampoo', 'id': 'tPp582132-472091-472092', 'prod_name': 'Ogx Argan Oil Morocco Shampoo', 'waitrose_Qty': '385ml', 'waitrose_discounted_price': '£7.00', 'waitrose_offer_desc': None, 'waitrose_url': 'https://www.waitrose.com/ecom/shop/browse/groceries/toiletries_health_and_beauty/hair_care/shampoo', 'waitrose_rating': '4', 'waitrose_unit_price': '(£1.82/100ml)', 'waitrose_new_flag': None, 'waitrose_prod_name': 'Ogx Argan Oil Morocco Shampoo 385ml', 'images': []}
DEBUG: Scraped from <200 https://www.waitrose.com/ecom/shop/browse/groceries/toiletries_health_and_beauty/hair_care/shampoo>
{'client': 'Waitrose', 'time': datetime.datetime(2020, 8, 30, 9, 55, 59, 619744), 'category': 'Shampoo', 'id': 'tPp402915-526384-526385', 'prod_name': 'John Frieda Violet Crush Shampoo', 'waitrose_Qty': '250ml', 'waitrose_discounted_price': '£3.99', 'waitrose_offer_desc': 'Save 1/3.', 'waitrose_url': 'https://www.waitrose.com/ecom/shop/browse/groceries/toiletries_health_and_beauty/hair_care/shampoo', 'waitrose_rating': '5', 'waitrose_unit_price': '(£1.60/100ml)', 'waitrose_new_flag': None, 'waitrose_prod_name': 'John Frieda Violet Crush Shampoo 250ml', 'images': []}
DEBUG: Scraped from <200 https://www.waitrose.com/ecom/shop/browse/groceries/toiletries_health_and_beauty/hair_care/shampoo>
{'client': 'Waitrose', 'time': datetime.datetime(2020, 8, 30, 9, 55, 59, 619744), 'category': 'Shampoo', 'id': 'tPp755186-495024-495025', 'prod_name': 'DGJ Colour Save Shampoo', 'waitrose_Qty': '250ml', 'waitrose_discounted_price': '£2.50', 'waitrose_offer_desc': 'Half Price.', 'waitrose_url': 'https://www.waitrose.com/ecom/shop/browse/groceries/toiletries_health_and_beauty/hair_care/shampoo', 'waitrose_rating': None, 'waitrose_unit_price': '(£1/100ml)', 'waitrose_new_flag': None, 'waitrose_prod_name': 'DGJ Colour Save Shampoo 250ml', 'images': []}
DEBUG: Scraped from <200 https://www.waitrose.com/ecom/shop/browse/groceries/toiletries_health_and_beauty/hair_care/shampoo>
{'client': 'Waitrose', 'time': datetime.datetime(2020, 8, 30, 9, 55, 59, 619744), 'category': 'Shampoo', 'id': 'tPp702159-494964-494965', 'prod_name': 'DGJ Argan Oil Shampoo', 'waitrose_Qty': '250ml', 'waitrose_discounted_price': '£2.50', 'waitrose_offer_desc': 'Half Price.', 'waitrose_url': 'https://www.waitrose.com/ecom/shop/browse/groceries/toiletries_health_and_beauty/hair_care/shampoo', 'waitrose_rating': None, 'waitrose_unit_price': '(£1/100ml)', 'waitrose_new_flag': None, 'waitrose_prod_name': 'DGJ Argan Oil Shampoo 250ml', 'images': []}
DEBUG: Scraped from <200 https://www.waitrose.com/ecom/shop/browse/groceries/toiletries_health_and_beauty/hair_care/shampoo>
{'client': 'Waitrose', 'time': datetime.datetime(2020, 8, 30, 9, 55, 59, 619744), 'category': 'Shampoo', 'id': 'tPp687186-337057-337058', 'prod_name': 'Argan + Argan Oil Rejuvenating Shampoo', 'waitrose_Qty': '300ml', 'waitrose_discounted_price': '£4.00', 'waitrose_offer_desc': 'Save 1/3.', 'waitrose_url': 'https://www.waitrose.com/ecom/shop/browse/groceries/toiletries_health_and_beauty/hair_care/shampoo', 'waitrose_rating': '5', 'waitrose_unit_price': '(£1.34/100ml)', 'waitrose_new_flag': None, 'waitrose_prod_name': 'Argan + Argan Oil Rejuvenating Shampoo 300ml', 'images': []}
DEBUG: Scraped from <200 https://www.waitrose.com/ecom/shop/browse/groceries/toiletries_health_and_beauty/hair_care/shampoo>
{'client': 'Waitrose', 'time': datetime.datetime(2020, 8, 30, 9, 55, 59, 619744), 'category': 'Shampoo', 'id': 'tPp836753-694201-694202', 'prod_name': 'Pantene Volume & Body Shampoo', 'waitrose_Qty': '500ml', 'waitrose_discounted_price': '£5.15', 'waitrose_offer_desc': None, 'waitrose_url': 'https://www.waitrose.com/ecom/shop/browse/groceries/toiletries_health_and_beauty/hair_care/shampoo', 'waitrose_rating': None, 'waitrose_unit_price': '(£1.03/100ml)', 'waitrose_new_flag': None, 'waitrose_prod_name': 'Pantene Volume & Body Shampoo 500ml', 'images': []}
DEBUG: Scraped from <200 https://www.waitrose.com/ecom/shop/browse/groceries/toiletries_health_and_beauty/hair_care/shampoo>
{'client': 'Waitrose', 'time': datetime.datetime(2020, 8, 30, 9, 55, 59, 619744), 'category': 'Shampoo', 'id': 'tPp711086-652694-652695', 'prod_name': 'Head & Shoulders Supreme Moisture', 'waitrose_Qty': '400ml', 'waitrose_discounted_price': '£3.43', 'waitrose_offer_desc': 'Save 1/3.', 'waitrose_url': 'https://www.waitrose.com/ecom/shop/browse/groceries/toiletries_health_and_beauty/hair_care/shampoo', 'waitrose_rating': None, 'waitrose_unit_price': '(85.8p/100ml)', 'waitrose_new_flag': None, 'waitrose_prod_name': 'Head & Shoulders Supreme Moisture 400ml', 'images': []}
DEBUG: Scraped from <200 https://www.waitrose.com/ecom/shop/browse/groceries/toiletries_health_and_beauty/hair_care/shampoo>
{'client': 'Waitrose', 'time': datetime.datetime(2020, 8, 30, 9, 55, 59, 619744), 'category': 'Shampoo', 'id': 'tPp882824-154983-154984', 'prod_name': 'Head & Shoulders itchy scalp shampoo', 'waitrose_Qty': '500ml', 'waitrose_discounted_price': '£5.15', 'waitrose_offer_desc': None, 'waitrose_url': 'https://www.waitrose.com/ecom/shop/browse/groceries/toiletries_health_and_beauty/hair_care/shampoo', 'waitrose_rating': '5', 'waitrose_unit_price': '(£1.03/100ml)', 'waitrose_new_flag': None, 'waitrose_prod_name': 'Head & Shoulders itchy scalp shampoo 500ml', 'images': []}
DEBUG: Scraped from <200 https://www.waitrose.com/ecom/shop/browse/groceries/toiletries_health_and_beauty/hair_care/shampoo>
{'client': 'Waitrose', 'time': datetime.datetime(2020, 8, 30, 9, 55, 59, 619744), 'category': 'Shampoo', 'id': 'tPp755349-720291-720292', 'prod_name': 'Herbal Essences Aloe & Mango Shampoo', 'waitrose_Qty': '380ml', 'waitrose_discounted_price': '£4.50', 'waitrose_offer_desc': None, 'waitrose_url': 'https://www.waitrose.com/ecom/shop/browse/groceries/toiletries_health_and_beauty/hair_care/shampoo', 'waitrose_rating': None, 'waitrose_unit_price': '(£1.19/100ml)', 'waitrose_new_flag': None, 'waitrose_prod_name': 'Herbal Essences Aloe & Mango Shampoo 380ml', 'images': []}
DEBUG: Scraped from <200 https://www.waitrose.com/ecom/shop/browse/groceries/toiletries_health_and_beauty/hair_care/shampoo>
{'client': 'Waitrose', 'time': datetime.datetime(2020, 8, 30, 9, 55, 59, 619744), 'category': 'Shampoo', 'id': 'tPp486943-68769-68770', 'prod_name': 'Head & Shoulders 2in1 classic clean', 'waitrose_Qty': '225ml', 'waitrose_discounted_price': '£3.00', 'waitrose_offer_desc': None, 'waitrose_url': 'https://www.waitrose.com/ecom/shop/browse/groceries/toiletries_health_and_beauty/hair_care/shampoo', 'waitrose_rating': '4', 'waitrose_unit_price': '(£1.34/100ml)', 'waitrose_new_flag': None, 'waitrose_prod_name': 'Head & Shoulders 2in1 classic clean 225ml', 'images': []}
DEBUG: Scraped from <200 https://www.waitrose.com/ecom/shop/browse/groceries/toiletries_health_and_beauty/hair_care/shampoo>
{'client': 'Waitrose', 'time': datetime.datetime(2020, 8, 30, 9, 55, 59, 619744), 'category': 'Shampoo', 'id': 'tPp407453-471203-471204', 'prod_name': 'Ogx Biotin & Collagen Shampoo', 'waitrose_Qty': '385ml', 'waitrose_discounted_price': '£7.00', 'waitrose_offer_desc': None, 'waitrose_url': 'https://www.waitrose.com/ecom/shop/browse/groceries/toiletries_health_and_beauty/hair_care/shampoo', 'waitrose_rating': None, 'waitrose_unit_price': '(£1.82/100ml)', 'waitrose_new_flag': None, 'waitrose_prod_name': 'Ogx Biotin & Collagen Shampoo 385ml', 'images': []}
DEBUG: Scraped from <200 https://www.waitrose.com/ecom/shop/browse/groceries/toiletries_health_and_beauty/hair_care/shampoo>
{'client': 'Waitrose', 'time': datetime.datetime(2020, 8, 30, 9, 55, 59, 619744), 'category': 'Shampoo', 'id': 'tPp725068-723986-723987', 'prod_name': 'Faith in Nature Lavender Shampoo', 'waitrose_Qty': '400ml', 'waitrose_discounted_price': '£3.86', 'waitrose_offer_desc': 'Save 1/3.', 'waitrose_url': 'https://www.waitrose.com/ecom/shop/browse/groceries/toiletries_health_and_beauty/hair_care/shampoo', 'waitrose_rating': None, 'waitrose_unit_price': '(96.5p/100ml)', 'waitrose_new_flag': None, 'waitrose_prod_name': 'Faith in Nature Lavender Shampoo 400ml', 'images': []}
DEBUG: Scraped from <200 https://www.waitrose.com/ecom/shop/browse/groceries/toiletries_health_and_beauty/hair_care/shampoo>
{'client': 'Waitrose', 'time': datetime.datetime(2020, 8, 30, 9, 55, 59, 619744), 'category': 'Shampoo', 'id': 'tPp051100-25409-25410', 'prod_name': 'Sheer Blonde Moisturising Shampoo', 'waitrose_Qty': '250ml', 'waitrose_discounted_price': '£3.99', 'waitrose_offer_desc': 'Save 1/3.', 'waitrose_url': 'https://www.waitrose.com/ecom/shop/browse/groceries/toiletries_health_and_beauty/hair_care/shampoo', 'waitrose_rating': '3', 'waitrose_unit_price': '(£1.60/100ml)', 'waitrose_new_flag': None, 'waitrose_prod_name': 'Sheer Blonde Moisturising Shampoo 250ml', 'images': []}
DEBUG: Scraped from <200 https://www.waitrose.com/ecom/shop/browse/groceries/toiletries_health_and_beauty/hair_care/shampoo>
{'client': 'Waitrose', 'time': datetime.datetime(2020, 8, 30, 9, 55, 59, 619744), 'category': 'Shampoo', 'id': 'tPp839781-154875-154876', 'prod_name': 'Aussie miracle moist shampoo', 'waitrose_Qty': '500ml', 'waitrose_discounted_price': '£6.15', 'waitrose_offer_desc': None, 'waitrose_url': 'https://www.waitrose.com/ecom/shop/browse/groceries/toiletries_health_and_beauty/hair_care/shampoo', 'waitrose_rating': None, 'waitrose_unit_price': '(£1.23/100ml)', 'waitrose_new_flag': None, 'waitrose_prod_name': 'Aussie miracle moist shampoo 500ml', 'images': []}
DEBUG: Scraped from <200 https://www.waitrose.com/ecom/shop/browse/groceries/toiletries_health_and_beauty/hair_care/shampoo>
{'client': 'Waitrose', 'time': datetime.datetime(2020, 8, 30, 9, 55, 59, 619744), 'category': 'Shampoo', 'id': 'tPp821139-694191-694192', 'prod_name': 'Pantene Smooth & Sleek Shampoo', 'waitrose_Qty': '500ml', 'waitrose_discounted_price': '£5.15', 'waitrose_offer_desc': None, 'waitrose_url': 'https://www.waitrose.com/ecom/shop/browse/groceries/toiletries_health_and_beauty/hair_care/shampoo', 'waitrose_rating': None, 'waitrose_unit_price': '(£1.03/100ml)', 'waitrose_new_flag': None, 'waitrose_prod_name': 'Pantene Smooth & Sleek Shampoo 500ml', 'images': []}
DEBUG: Scraped from <200 https://www.waitrose.com/ecom/shop/browse/groceries/toiletries_health_and_beauty/hair_care/shampoo>
{'client': 'Waitrose', 'time': datetime.datetime(2020, 8, 30, 9, 55, 59, 619744), 'category': 'Shampoo', 'id': 'tPp414862-695397-695398', 'prod_name': 'Noughty Wave Hello Shampoo', 'waitrose_Qty': '250ml', 'waitrose_discounted_price': '£4.66', 'waitrose_offer_desc': 'Save 1/3.', 'waitrose_url': 'https://www.waitrose.com/ecom/shop/browse/groceries/toiletries_health_and_beauty/hair_care/shampoo', 'waitrose_rating': None, 'waitrose_unit_price': '(£1.87/100ml)', 'waitrose_new_flag': None, 'waitrose_prod_name': 'Noughty Wave Hello Shampoo 250ml', 'images': []}
DEBUG: Scraped from <200 https://www.waitrose.com/ecom/shop/browse/groceries/toiletries_health_and_beauty/hair_care/shampoo>
{'client': 'Waitrose', 'time': datetime.datetime(2020, 8, 30, 9, 55, 59, 619744), 'category': 'Shampoo', 'id': 'tPp833802-337290-337291', 'prod_name': 'Aussie Miracle Moist Spray', 'waitrose_Qty': '250ml', 'waitrose_discounted_price': '£2.57', 'waitrose_offer_desc': 'Half Price.', 'waitrose_url': 'https://www.waitrose.com/ecom/shop/browse/groceries/toiletries_health_and_beauty/hair_care/shampoo', 'waitrose_rating': None, 'waitrose_unit_price': '(£1.03/100ml)', 'waitrose_new_flag': None, 'waitrose_prod_name': 'Aussie Miracle Moist Spray 250ml', 'images': []}
DEBUG: Scraped from <200 https://www.waitrose.com/ecom/shop/browse/groceries/toiletries_health_and_beauty/hair_care/shampoo>
{'client': 'Waitrose', 'time': datetime.datetime(2020, 8, 30, 9, 55, 59, 619744), 'category': 'Shampoo', 'id': 'tPp490113-591883-591884', 'prod_name': 'Herbal Essences Volume Shampoo', 'waitrose_Qty': '400ml', 'waitrose_discounted_price': '£4.50', 'waitrose_offer_desc': None, 'waitrose_url': 'https://www.waitrose.com/ecom/shop/browse/groceries/toiletries_health_and_beauty/hair_care/shampoo', 'waitrose_rating': '5', 'waitrose_unit_price': '(£1.13/100ml)', 'waitrose_new_flag': None, 'waitrose_prod_name': 'Herbal Essences Volume Shampoo 400ml', 'images': []}
DEBUG: Scraped from <200 https://www.waitrose.com/ecom/shop/browse/groceries/toiletries_health_and_beauty/hair_care/shampoo>
{'client': 'Waitrose', 'time': datetime.datetime(2020, 8, 30, 9, 55, 59, 619744), 'category': 'Shampoo', 'id': 'tPp062495-31737-31738', 'prod_name': 'Neutrogena T/Gel shampoo dry hair', 'waitrose_Qty': '125ml', 'waitrose_discounted_price': '£5.15', 'waitrose_offer_desc': None, 'waitrose_url': 'https://www.waitrose.com/ecom/shop/browse/groceries/toiletries_health_and_beauty/hair_care/shampoo', 'waitrose_rating': None, 'waitrose_unit_price': '(£4.12/100ml)', 'waitrose_new_flag': None, 'waitrose_prod_name': 'Neutrogena T/Gel shampoo dry hair 125ml', 'images': []}
DEBUG: Scraped from <200 https://www.waitrose.com/ecom/shop/browse/groceries/toiletries_health_and_beauty/hair_care/shampoo>
{'client': 'Waitrose', 'time': datetime.datetime(2020, 8, 30, 9, 55, 59, 619744), 'category': 'Shampoo', 'id': 'tPp868154-695990-695991', 'prod_name': 'Hair Biology Purple Shampoo', 'waitrose_Qty': '250ml', 'waitrose_discounted_price': '£4.50', 'waitrose_offer_desc': None, 'waitrose_url': 'https://www.waitrose.com/ecom/shop/browse/groceries/toiletries_health_and_beauty/hair_care/shampoo', 'waitrose_rating': None, 'waitrose_unit_price': '(£1.80/100ml)', 'waitrose_new_flag': None, 'waitrose_prod_name': 'Hair Biology Purple Shampoo 250ml', 'images': []}
DEBUG: Scraped from <200 https://www.waitrose.com/ecom/shop/browse/groceries/toiletries_health_and_beauty/hair_care/shampoo>
{'client': 'Waitrose', 'time': datetime.datetime(2020, 8, 30, 9, 55, 59, 619744), 'category': 'Shampoo', 'id': 'tPp756229-563906-563907', 'prod_name': 'Head & Shoulders 2 in 1 Total Care', 'waitrose_Qty': '225ml', 'waitrose_discounted_price': '£3.00', 'waitrose_offer_desc': None, 'waitrose_url': 'https://www.waitrose.com/ecom/shop/browse/groceries/toiletries_health_and_beauty/hair_care/shampoo', 'waitrose_rating': None, 'waitrose_unit_price': '(£1.34/100ml)', 'waitrose_new_flag': None, 'waitrose_prod_name': 'Head & Shoulders 2 in 1 Total Care 225ml', 'images': []}
DEBUG: Scraped from <200 https://www.waitrose.com/ecom/shop/browse/groceries/toiletries_health_and_beauty/hair_care/shampoo>
{'client': 'Waitrose', 'time': datetime.datetime(2020, 8, 30, 9, 55, 59, 619744), 'category': 'Shampoo', 'id': 'tPp844892-695845-695846', 'prod_name': 'Head & Shoulders Colour Protect', 'waitrose_Qty': '400ml', 'waitrose_discounted_price': '£3.33', 'waitrose_offer_desc': 'Save 1/3.', 'waitrose_url': 'https://www.waitrose.com/ecom/shop/browse/groceries/toiletries_health_and_beauty/hair_care/shampoo', 'waitrose_rating': None, 'waitrose_unit_price': '(83.3p/100ml)', 'waitrose_new_flag': None, 'waitrose_prod_name': 'Head & Shoulders Colour Protect 400ml', 'images': []}
DEBUG: Scraped from <200 https://www.waitrose.com/ecom/shop/browse/groceries/toiletries_health_and_beauty/hair_care/shampoo>
{'client': 'Waitrose', 'time': datetime.datetime(2020, 8, 30, 9, 55, 59, 619744), 'category': 'Shampoo', 'id': 'tPp645178-695617-695618', 'prod_name': 'John Frieda Shampoo Weightless Wonder', 'waitrose_Qty': '250ml', 'waitrose_discounted_price': '£3.99', 'waitrose_offer_desc': 'Save 1/3.', 'waitrose_url': 'https://www.waitrose.com/ecom/shop/browse/groceries/toiletries_health_and_beauty/hair_care/shampoo', 'waitrose_rating': '4.6', 'waitrose_unit_price': '(£1.60/100ml)', 'waitrose_new_flag': None, 'waitrose_prod_name': 'John Frieda Shampoo Weightless Wonder 250ml', 'images': []}
DEBUG: Scraped from <200 https://www.waitrose.com/ecom/shop/browse/groceries/toiletries_health_and_beauty/hair_care/shampoo>
{'client': 'Waitrose', 'time': datetime.datetime(2020, 8, 30, 9, 55, 59, 619744), 'category': 'Shampoo', 'id': 'tPp530991-695493-695494', 'prod_name': 'John Frieda Shampoo Detox & Repair', 'waitrose_Qty': '250ml', 'waitrose_discounted_price': '£3.99', 'waitrose_offer_desc': 'Save 1/3.', 'waitrose_url': 'https://www.waitrose.com/ecom/shop/browse/groceries/toiletries_health_and_beauty/hair_care/shampoo', 'waitrose_rating': None, 'waitrose_unit_price': '(£1.60/100ml)', 'waitrose_new_flag': None, 'waitrose_prod_name': 'John Frieda Shampoo Detox & Repair 250ml', 'images': []}
DEBUG: Scraped from <200 https://www.waitrose.com/ecom/shop/browse/groceries/toiletries_health_and_beauty/hair_care/shampoo>
{'client': 'Waitrose', 'time': datetime.datetime(2020, 8, 30, 9, 55, 59, 619744), 'category': 'Shampoo', 'id': 'tPp895244-495222-495223', 'prod_name': 'DGJ Clarifying Shampoo', 'waitrose_Qty': '250ml', 'waitrose_discounted_price': '£2.50', 'waitrose_offer_desc': 'Half Price.', 'waitrose_url': 'https://www.waitrose.com/ecom/shop/browse/groceries/toiletries_health_and_beauty/hair_care/shampoo', 'waitrose_rating': None, 'waitrose_unit_price': '(£1/100ml)', 'waitrose_new_flag': None, 'waitrose_prod_name': 'DGJ Clarifying Shampoo 250ml', 'images': []}
DEBUG: Scraped from <200 https://www.waitrose.com/ecom/shop/browse/groceries/toiletries_health_and_beauty/hair_care/shampoo>
{'client': 'Waitrose', 'time': datetime.datetime(2020, 8, 30, 9, 55, 59, 619744), 'category': 'Shampoo', 'id': 'tPp047805-23664-23665', 'prod_name': 'Avalon Organics tea tree shampoo', 'waitrose_Qty': '325ml', 'waitrose_discounted_price': '£7.00', 'waitrose_offer_desc': None, 'waitrose_url': 'https://www.waitrose.com/ecom/shop/browse/groceries/toiletries_health_and_beauty/hair_care/shampoo', 'waitrose_rating': '4.9', 'waitrose_unit_price': '(£2.16/100ml)', 'waitrose_new_flag': None, 'waitrose_prod_name': 'Avalon Organics tea tree shampoo 325ml', 'images': []}
DEBUG: Scraped from <200 https://www.waitrose.com/ecom/shop/browse/groceries/toiletries_health_and_beauty/hair_care/shampoo>
{'client': 'Waitrose', 'time': datetime.datetime(2020, 8, 30, 9, 55, 59, 619744), 'category': 'Shampoo', 'id': 'tPp627460-154629-154630', 'prod_name': 'Aussie mega shampoo', 'waitrose_Qty': '500ml', 'waitrose_discounted_price': '£6.15', 'waitrose_offer_desc': None, 'waitrose_url': 'https://www.waitrose.com/ecom/shop/browse/groceries/toiletries_health_and_beauty/hair_care/shampoo', 'waitrose_rating': '3.8', 'waitrose_unit_price': '(£1.23/100ml)', 'waitrose_new_flag': None, 'waitrose_prod_name': 'Aussie mega shampoo 500ml', 'images': []}
DEBUG: Scraped from <200 https://www.waitrose.com/ecom/shop/browse/groceries/toiletries_health_and_beauty/hair_care/shampoo>
{'client': 'Waitrose', 'time': datetime.datetime(2020, 8, 30, 9, 55, 59, 619744), 'category': 'Shampoo', 'id': 'tPp581617-694173-694174', 'prod_name': 'Pantene Colour Protect Shampoo', 'waitrose_Qty': '500ml', 'waitrose_discounted_price': '£5.15', 'waitrose_offer_desc': None, 'waitrose_url': 'https://www.waitrose.com/ecom/shop/browse/groceries/toiletries_health_and_beauty/hair_care/shampoo', 'waitrose_rating': None, 'waitrose_unit_price': '(£1.03/100ml)', 'waitrose_new_flag': None, 'waitrose_prod_name': 'Pantene Colour Protect Shampoo 500ml', 'images': []}
DEBUG: Scraped from <200 https://www.waitrose.com/ecom/shop/browse/groceries/toiletries_health_and_beauty/hair_care/shampoo>
{'client': 'Waitrose', 'time': datetime.datetime(2020, 8, 30, 9, 55, 59, 619744), 'category': 'Shampoo', 'id': 'tPp884562-720413-720414', 'prod_name': 'Maui Moisture Shea Butter Shampoo', 'waitrose_Qty': '385ml', 'waitrose_discounted_price': '£6.00', 'waitrose_offer_desc': 'Save 1/3.', 'waitrose_url': 'https://www.waitrose.com/ecom/shop/browse/groceries/toiletries_health_and_beauty/hair_care/shampoo', 'waitrose_rating': None, 'waitrose_unit_price': '(£1.56/100ml)', 'waitrose_new_flag': None, 'waitrose_prod_name': 'Maui Moisture Shea Butter Shampoo 385ml', 'images': []}
DEBUG: Scraped from <200 https://www.waitrose.com/ecom/shop/browse/groceries/toiletries_health_and_beauty/hair_care/shampoo>
{'client': 'Waitrose', 'time': datetime.datetime(2020, 8, 30, 9, 55, 59, 619744), 'category': 'Shampoo', 'id': 'tPp492466-631281-631282', 'prod_name': 'Hask Keratin Protein Smoothing Shampoo', 'waitrose_Qty': '355ml', 'waitrose_discounted_price': '£4.66', 'waitrose_offer_desc': 'Save 1/3.', 'waitrose_url': 'https://www.waitrose.com/ecom/shop/browse/groceries/toiletries_health_and_beauty/hair_care/shampoo', 'waitrose_rating': None, 'waitrose_unit_price': '(£1.32/100ml)', 'waitrose_new_flag': None, 'waitrose_prod_name': 'Hask Keratin Protein Smoothing Shampoo 355ml', 'images': []}
DEBUG: Scraped from <200 https://www.waitrose.com/ecom/shop/browse/groceries/toiletries_health_and_beauty/hair_care/shampoo>
{'client': 'Waitrose', 'time': datetime.datetime(2020, 8, 30, 9, 55, 59, 619744), 'category': 'Shampoo', 'id': 'tPp816738-442231-442232', 'prod_name': 'SensSpa Nourishing Shampoo', 'waitrose_Qty': '250ml', 'waitrose_discounted_price': '£4.00', 'waitrose_offer_desc': 'Save 1/3.', 'waitrose_url': 'https://www.waitrose.com/ecom/shop/browse/groceries/toiletries_health_and_beauty/hair_care/shampoo', 'waitrose_rating': '2.6', 'waitrose_unit_price': '(£1.60/100ml)', 'waitrose_new_flag': None, 'waitrose_prod_name': 'SensSpa Nourishing Shampoo 250ml', 'images': []}
DEBUG: Scraped from <200 https://www.waitrose.com/ecom/shop/browse/groceries/toiletries_health_and_beauty/hair_care/shampoo>
{'client': 'Waitrose', 'time': datetime.datetime(2020, 8, 30, 9, 55, 59, 619744), 'category': 'Shampoo', 'id': 'tPp852396-695857-695858', 'prod_name': 'BECO. Honey Blossom Shampoo Bar', 'waitrose_Qty': '90g', 'waitrose_discounted_price': '£4.00', 'waitrose_offer_desc': None, 'waitrose_url': 'https://www.waitrose.com/ecom/shop/browse/groceries/toiletries_health_and_beauty/hair_care/shampoo', 'waitrose_rating': '4.9', 'waitrose_unit_price': '(£4.45/100g)', 'waitrose_new_flag': None, 'waitrose_prod_name': 'BECO. Honey Blossom Shampoo Bar 90g', 'images': []}
DEBUG: Scraped from <200 https://www.waitrose.com/ecom/shop/browse/groceries/toiletries_health_and_beauty/hair_care/shampoo>
{'client': 'Waitrose', 'time': datetime.datetime(2020, 8, 30, 9, 55, 59, 619744), 'category': 'Shampoo', 'id': 'tPp865734-216867-216868', 'prod_name': 'Ogx Argan Oil of Morocco Shampoo', 'waitrose_Qty': '385ml', 'waitrose_discounted_price': '£7.00', 'waitrose_offer_desc': None, 'waitrose_url': 'https://www.waitrose.com/ecom/shop/browse/groceries/toiletries_health_and_beauty/hair_care/shampoo', 'waitrose_rating': '3.4', 'waitrose_unit_price': '(£1.82/100ml)', 'waitrose_new_flag': None, 'waitrose_prod_name': 'Ogx Argan Oil of Morocco Shampoo 385ml', 'images': []}
DEBUG: Scraped from <200 https://www.waitrose.com/ecom/shop/browse/groceries/toiletries_health_and_beauty/hair_care/shampoo>
{'client': 'Waitrose', 'time': datetime.datetime(2020, 8, 30, 9, 55, 59, 619744), 'category': 'Shampoo', 'id': 'tPp855140-216863-216864', 'prod_name': 'Ogx Coconut Milk Shampoo', 'waitrose_Qty': '385ml', 'waitrose_discounted_price': '£7.00', 'waitrose_offer_desc': None, 'waitrose_url': 'https://www.waitrose.com/ecom/shop/browse/groceries/toiletries_health_and_beauty/hair_care/shampoo', 'waitrose_rating': '5', 'waitrose_unit_price': '(£1.82/100ml)', 'waitrose_new_flag': None, 'waitrose_prod_name': 'Ogx Coconut Milk Shampoo 385ml', 'images': []}
DEBUG: Scraped from <200 https://www.waitrose.com/ecom/shop/browse/groceries/toiletries_health_and_beauty/hair_care/shampoo>
{'client': 'Waitrose', 'time': datetime.datetime(2020, 8, 30, 9, 55, 59, 619744), 'category': 'Shampoo', 'id': 'tPp427668-591713-591714', 'prod_name': 'Herbal Essences Hydrate Shampoo', 'waitrose_Qty': '400ml', 'waitrose_discounted_price': '£4.50', 'waitrose_offer_desc': None, 'waitrose_url': 'https://www.waitrose.com/ecom/shop/browse/groceries/toiletries_health_and_beauty/hair_care/shampoo', 'waitrose_rating': '5', 'waitrose_unit_price': '(£1.13/100ml)', 'waitrose_new_flag': None, 'waitrose_prod_name': 'Herbal Essences Hydrate Shampoo 400ml', 'images': []}
DEBUG: Scraped from <200 https://www.waitrose.com/ecom/shop/browse/groceries/toiletries_health_and_beauty/hair_care/shampoo>
{'client': 'Waitrose', 'time': datetime.datetime(2020, 8, 30, 9, 55, 59, 619744), 'category': 'Shampoo', 'id': 'tPp886458-216893-216894', 'prod_name': 'Ogx Brazilian Keratin Shampoo', 'waitrose_Qty': '385ml', 'waitrose_discounted_price': '£7.00', 'waitrose_offer_desc': None, 'waitrose_url': 'https://www.waitrose.com/ecom/shop/browse/groceries/toiletries_health_and_beauty/hair_care/shampoo', 'waitrose_rating': '5', 'waitrose_unit_price': '(£1.82/100ml)', 'waitrose_new_flag': None, 'waitrose_prod_name': 'Ogx Brazilian Keratin Shampoo 385ml', 'images': []}
DEBUG: Scraped from <200 https://www.waitrose.com/ecom/shop/browse/groceries/toiletries_health_and_beauty/hair_care/shampoo>
{'client': 'Waitrose', 'time': datetime.datetime(2020, 8, 30, 9, 55, 59, 619744), 'category': 'Shampoo', 'id': 'tPp735751-154731-154732', 'prod_name': 'Aussie aussome volume shampoo', 'waitrose_Qty': '500ml', 'waitrose_discounted_price': '£6.10', 'waitrose_offer_desc': None, 'waitrose_url': 'https://www.waitrose.com/ecom/shop/browse/groceries/toiletries_health_and_beauty/hair_care/shampoo', 'waitrose_rating': None, 'waitrose_unit_price': '(£1.22/100ml)', 'waitrose_new_flag': None, 'waitrose_prod_name': 'Aussie aussome volume shampoo 500ml', 'images': []}
DEBUG: Scraped from <200 https://www.waitrose.com/ecom/shop/browse/groceries/toiletries_health_and_beauty/hair_care/shampoo>
{'client': 'Waitrose', 'time': datetime.datetime(2020, 8, 30, 9, 55, 59, 619744), 'category': 'Shampoo', 'id': 'tPp820157-724089-724090', 'prod_name': 'Eco Warrior Shampoo Bar', 'waitrose_Qty': '100g', 'waitrose_discounted_price': '£4.50', 'waitrose_offer_desc': None, 'waitrose_url': 'https://www.waitrose.com/ecom/shop/browse/groceries/toiletries_health_and_beauty/hair_care/shampoo', 'waitrose_rating': None, 'waitrose_unit_price': '(£4.50/100g)', 'waitrose_new_flag': None, 'waitrose_prod_name': 'Eco Warrior Shampoo Bar 100g', 'images': []}
DEBUG: Scraped from <200 https://www.waitrose.com/ecom/shop/browse/groceries/toiletries_health_and_beauty/hair_care/shampoo>
{'client': 'Waitrose', 'time': datetime.datetime(2020, 8, 30, 9, 55, 59, 619744), 'category': 'Shampoo', 'id': 'tPp778297-720309-720310', 'prod_name': 'Pantene Grow Strong Shampoo', 'waitrose_Qty': '400ml', 'waitrose_discounted_price': '£3.75', 'waitrose_offer_desc': None, 'waitrose_url': 'https://www.waitrose.com/ecom/shop/browse/groceries/toiletries_health_and_beauty/hair_care/shampoo', 'waitrose_rating': None, 'waitrose_unit_price': '(93.8p/100ml)', 'waitrose_new_flag': None, 'waitrose_prod_name': 'Pantene Grow Strong Shampoo 400ml', 'images': []}
DEBUG: Scraped from <200 https://www.waitrose.com/ecom/shop/browse/groceries/toiletries_health_and_beauty/hair_care/shampoo>
{'client': 'Waitrose', 'time': datetime.datetime(2020, 8, 30, 9, 55, 59, 619744), 'category': 'Shampoo', 'id': 'tPp853982-154925-154926', 'prod_name': 'Batiste blush dry shampoo', 'waitrose_Qty': '200ml', 'waitrose_discounted_price': '£3.00', 'waitrose_offer_desc': None, 'waitrose_url': 'https://www.waitrose.com/ecom/shop/browse/groceries/toiletries_health_and_beauty/hair_care/shampoo', 'waitrose_rating': '4', 'waitrose_unit_price': '(£1.50/100ml)', 'waitrose_new_flag': None, 'waitrose_prod_name': 'Batiste blush dry shampoo 200ml', 'images': []}
DEBUG: Scraped from <200 https://www.waitrose.com/ecom/shop/browse/groceries/toiletries_health_and_beauty/hair_care/shampoo>
{'client': 'Waitrose', 'time': datetime.datetime(2020, 8, 30, 9, 55, 59, 619744), 'category': 'Shampoo', 'id': 'tPp867514-720387-720388', 'prod_name': 'Head & Shoulders Coconut Shampoo', 'waitrose_Qty': '500ml', 'waitrose_discounted_price': '£5.00', 'waitrose_offer_desc': None, 'waitrose_url': 'https://www.waitrose.com/ecom/shop/browse/groceries/toiletries_health_and_beauty/hair_care/shampoo', 'waitrose_rating': None, 'waitrose_unit_price': '(£1/100ml)', 'waitrose_new_flag': None, 'waitrose_prod_name': 'Head & Shoulders Coconut Shampoo 500ml', 'images': []}
DEBUG: Scraped from <200 https://www.waitrose.com/ecom/shop/browse/groceries/toiletries_health_and_beauty/hair_care/shampoo>
{'client': 'Waitrose', 'time': datetime.datetime(2020, 8, 30, 9, 55, 59, 619744), 'category': 'Shampoo', 'id': 'tPp791725-375655-375656', 'prod_name': 'Ogx Kukuí Oil Shampoo', 'waitrose_Qty': '385ml', 'waitrose_discounted_price': '£7.00', 'waitrose_offer_desc': None, 'waitrose_url': 'https://www.waitrose.com/ecom/shop/browse/groceries/toiletries_health_and_beauty/hair_care/shampoo', 'waitrose_rating': '5', 'waitrose_unit_price': '(£1.82/100ml)', 'waitrose_new_flag': None, 'waitrose_prod_name': 'Ogx Kukuí Oil Shampoo 385ml', 'images': []}
DEBUG: Scraped from <200 https://www.waitrose.com/ecom/shop/browse/groceries/toiletries_health_and_beauty/hair_care/shampoo>
{'client': 'Waitrose', 'time': datetime.datetime(2020, 8, 30, 9, 55, 59, 619744), 'category': 'Shampoo', 'id': 'tPp725372-631511-631512', 'prod_name': 'Hask Moni Coconut Oil Shampoo', 'waitrose_Qty': '355ml', 'waitrose_discounted_price': '£4.66', 'waitrose_offer_desc': 'Save 1/3.', 'waitrose_url': 'https://www.waitrose.com/ecom/shop/browse/groceries/toiletries_health_and_beauty/hair_care/shampoo', 'waitrose_rating': None, 'waitrose_unit_price': '(£1.32/100ml)', 'waitrose_new_flag': None, 'waitrose_prod_name': 'Hask Moni Coconut Oil Shampoo 355ml', 'images': []}
DEBUG: Scraped from <200 https://www.waitrose.com/ecom/shop/browse/groceries/toiletries_health_and_beauty/hair_care/shampoo>
{'client': 'Waitrose', 'time': datetime.datetime(2020, 8, 30, 9, 55, 59, 619744), 'category': 'Shampoo', 'id': 'tPp432893-216691-216692', 'prod_name': 'Head & Shoulders Shampoo Apple Fresh', 'waitrose_Qty': '500ml', 'waitrose_discounted_price': '£5.15', 'waitrose_offer_desc': None, 'waitrose_url': 'https://www.waitrose.com/ecom/shop/browse/groceries/toiletries_health_and_beauty/hair_care/shampoo', 'waitrose_rating': None, 'waitrose_unit_price': '(£1.03/100ml)', 'waitrose_new_flag': None, 'waitrose_prod_name': 'Head & Shoulders Shampoo Apple Fresh 500ml', 'images': []}
DEBUG: Scraped from <200 https://www.waitrose.com/ecom/shop/browse/groceries/toiletries_health_and_beauty/hair_care/shampoo>
{'client': 'Waitrose', 'time': datetime.datetime(2020, 8, 30, 9, 55, 59, 619744), 'category': 'Shampoo', 'id': 'tPp032765-16025-16026', 'prod_name': "L'Oréal kids shampoo berry strawberry", 'waitrose_Qty': '250ml', 'waitrose_discounted_price': '£2.00', 'waitrose_offer_desc': None, 'waitrose_url': 'https://www.waitrose.com/ecom/shop/browse/groceries/toiletries_health_and_beauty/hair_care/shampoo', 'waitrose_rating': None, 'waitrose_unit_price': '(80p/100ml)', 'waitrose_new_flag': None, 'waitrose_prod_name': "L'Oréal kids shampoo berry strawberry 250ml", 'images': []}
DEBUG: Scraped from <200 https://www.waitrose.com/ecom/shop/browse/groceries/toiletries_health_and_beauty/hair_care/shampoo>
{'client': 'Waitrose', 'time': datetime.datetime(2020, 8, 30, 9, 55, 59, 619744), 'category': 'Shampoo', 'id': 'tPp752186-631541-631542', 'prod_name': 'Ogx Coconut OIl Shampoo', 'waitrose_Qty': '385ml', 'waitrose_discounted_price': '£7.00', 'waitrose_offer_desc': None, 'waitrose_url': 'https://www.waitrose.com/ecom/shop/browse/groceries/toiletries_health_and_beauty/hair_care/shampoo', 'waitrose_rating': None, 'waitrose_unit_price': '(£1.82/100ml)', 'waitrose_new_flag': None, 'waitrose_prod_name': 'Ogx Coconut OIl Shampoo 385ml', 'images': []}
DEBUG: Scraped from <200 https://www.waitrose.com/ecom/shop/browse/groceries/toiletries_health_and_beauty/hair_care/shampoo>
{'client': 'Waitrose', 'time': datetime.datetime(2020, 8, 30, 9, 55, 59, 619744), 'category': 'Shampoo', 'id': 'tPp790782-694215-694216', 'prod_name': 'Pantene 3in1 Smooth & Sleek', 'waitrose_Qty': '450ml', 'waitrose_discounted_price': '£3.75', 'waitrose_offer_desc': None, 'waitrose_url': 'https://www.waitrose.com/ecom/shop/browse/groceries/toiletries_health_and_beauty/hair_care/shampoo', 'waitrose_rating': None, 'waitrose_unit_price': '(83.3p/100ml)', 'waitrose_new_flag': None, 'waitrose_prod_name': 'Pantene 3in1 Smooth & Sleek 450ml', 'images': []}
DEBUG: Scraped from <200 https://www.waitrose.com/ecom/shop/browse/groceries/toiletries_health_and_beauty/hair_care/shampoo>
{'client': 'Waitrose', 'time': datetime.datetime(2020, 8, 30, 9, 55, 59, 619744), 'category': 'Shampoo', 'id': 'tPp721134-337091-337092', 'prod_name': 'Aussie miracle shine shampoo', 'waitrose_Qty': '500ml', 'waitrose_discounted_price': '£6.00', 'waitrose_offer_desc': None, 'waitrose_url': 'https://www.waitrose.com/ecom/shop/browse/groceries/toiletries_health_and_beauty/hair_care/shampoo', 'waitrose_rating': None, 'waitrose_unit_price': '(£1.20/100ml)', 'waitrose_new_flag': None, 'waitrose_prod_name': 'Aussie miracle shine shampoo 500ml', 'images': []}
DEBUG: Scraped from <200 https://www.waitrose.com/ecom/shop/browse/groceries/toiletries_health_and_beauty/hair_care/shampoo>
{'client': 'Waitrose', 'time': datetime.datetime(2020, 8, 30, 9, 55, 59, 619744), 'category': 'Shampoo', 'id': 'tPp808436-720325-720326', 'prod_name': 'Hask Biotin Boost Shampoo', 'waitrose_Qty': '355ml', 'waitrose_discounted_price': '£4.66', 'waitrose_offer_desc': 'Save 1/3.', 'waitrose_url': 'https://www.waitrose.com/ecom/shop/browse/groceries/toiletries_health_and_beauty/hair_care/shampoo', 'waitrose_rating': None, 'waitrose_unit_price': '(£1.32/100ml)', 'waitrose_new_flag': None, 'waitrose_prod_name': 'Hask Biotin Boost Shampoo 355ml', 'images': []}
DEBUG: Scraped from <200 https://www.waitrose.com/ecom/shop/browse/groceries/toiletries_health_and_beauty/hair_care/shampoo>
{'client': 'Waitrose', 'time': datetime.datetime(2020, 8, 30, 9, 55, 59, 619744), 'category': 'Shampoo', 'id': 'tPp554742-695503-695504', 'prod_name': 'Umberto Giannini Violet Shampoo', 'waitrose_Qty': '250ml', 'waitrose_discounted_price': '£8.00', 'waitrose_offer_desc': 'Mix & Match Add 3 for 2 Cheapest Item Free', 'waitrose_url': 'https://www.waitrose.com/ecom/shop/browse/groceries/toiletries_health_and_beauty/hair_care/shampoo', 'waitrose_rating': None, 'waitrose_unit_price': '(£3.20/100ml)', 'waitrose_new_flag': None, 'waitrose_prod_name': 'Umberto Giannini Violet Shampoo 250ml', 'images': []}
DEBUG: Scraped from <200 https://www.waitrose.com/ecom/shop/browse/groceries/toiletries_health_and_beauty/hair_care/shampoo>
{'client': 'Waitrose', 'time': datetime.datetime(2020, 8, 30, 9, 55, 59, 619744), 'category': 'Shampoo', 'id': 'tPp755068-720289-720290', 'prod_name': 'Herbal Essences Aloe Hemp Shampoo', 'waitrose_Qty': '380ml', 'waitrose_discounted_price': '£4.50', 'waitrose_offer_desc': None, 'waitrose_url': 'https://www.waitrose.com/ecom/shop/browse/groceries/toiletries_health_and_beauty/hair_care/shampoo', 'waitrose_rating': None, 'waitrose_unit_price': '(£1.19/100ml)', 'waitrose_new_flag': None, 'waitrose_prod_name': 'Herbal Essences Aloe Hemp Shampoo 380ml', 'images': []}
DEBUG: Scraped from <200 https://www.waitrose.com/ecom/shop/browse/groceries/toiletries_health_and_beauty/hair_care/shampoo>
{'client': 'Waitrose', 'time': datetime.datetime(2020, 8, 30, 9, 55, 59, 619744), 'category': 'Shampoo', 'id': 'tPp584599-695531-695532', 'prod_name': 'Batiste Dry Shampoo Volume', 'waitrose_Qty': '200ml', 'waitrose_discounted_price': '£4.25', 'waitrose_offer_desc': None, 'waitrose_url': 'https://www.waitrose.com/ecom/shop/browse/groceries/toiletries_health_and_beauty/hair_care/shampoo', 'waitrose_rating': None, 'waitrose_unit_price': '(£2.13/100ml)', 'waitrose_new_flag': None, 'waitrose_prod_name': 'Batiste Dry Shampoo Volume 200ml', 'images': []}
DEBUG: Scraped from <200 https://www.waitrose.com/ecom/shop/browse/groceries/toiletries_health_and_beauty/hair_care/shampoo>
{'client': 'Waitrose', 'time': datetime.datetime(2020, 8, 30, 9, 55, 59, 619744), 'category': 'Shampoo', 'id': 'tPp626001-88825-88826', 'prod_name': 'Head & Shoulders Shampoo Citrus Fresh', 'waitrose_Qty': '500ml', 'waitrose_discounted_price': '£5.15', 'waitrose_offer_desc': None, 'waitrose_url': 'https://www.waitrose.com/ecom/shop/browse/groceries/toiletries_health_and_beauty/hair_care/shampoo', 'waitrose_rating': None, 'waitrose_unit_price': '(£1.03/100ml)', 'waitrose_new_flag': None, 'waitrose_prod_name': 'Head & Shoulders Shampoo Citrus Fresh 500ml', 'images': []}
DEBUG: Scraped from <200 https://www.waitrose.com/ecom/shop/browse/groceries/toiletries_health_and_beauty/hair_care/shampoo>
{'client': 'Waitrose', 'time': datetime.datetime(2020, 8, 30, 9, 55, 59, 619744), 'category': 'Shampoo', 'id': 'tPp662395-154665-154666', 'prod_name': 'Aussie colour mate shampoo', 'waitrose_Qty': '500ml', 'waitrose_discounted_price': '£6.15', 'waitrose_offer_desc': None, 'waitrose_url': 'https://www.waitrose.com/ecom/shop/browse/groceries/toiletries_health_and_beauty/hair_care/shampoo', 'waitrose_rating': None, 'waitrose_unit_price': '(£1.23/100ml)', 'waitrose_new_flag': None, 'waitrose_prod_name': 'Aussie colour mate shampoo 500ml', 'images': []}
DEBUG: Scraped from <200 https://www.waitrose.com/ecom/shop/browse/groceries/toiletries_health_and_beauty/hair_care/shampoo>
{'client': 'Waitrose', 'time': datetime.datetime(2020, 8, 30, 9, 55, 59, 619744), 'category': 'Shampoo', 'id': 'tPp809690-337194-337195', 'prod_name': 'Head & Shoulders 2in1 Itchy Scalp', 'waitrose_Qty': '450ml', 'waitrose_discounted_price': '£5.15', 'waitrose_offer_desc': None, 'waitrose_url': 'https://www.waitrose.com/ecom/shop/browse/groceries/toiletries_health_and_beauty/hair_care/shampoo', 'waitrose_rating': '5', 'waitrose_unit_price': '(£1.15/100ml)', 'waitrose_new_flag': None, 'waitrose_prod_name': 'Head & Shoulders 2in1 Itchy Scalp 450ml', 'images': []}
DEBUG: Scraped from <200 https://www.waitrose.com/ecom/shop/browse/groceries/toiletries_health_and_beauty/hair_care/shampoo>
{'client': 'Waitrose', 'time': datetime.datetime(2020, 8, 30, 9, 55, 59, 619744), 'category': 'Shampoo', 'id': 'tPp547359-720175-720176', 'prod_name': 'Maui Moisture Bamboo Shampoo', 'waitrose_Qty': '385ml', 'waitrose_discounted_price': '£6.00', 'waitrose_offer_desc': 'Save 1/3.', 'waitrose_url': 'https://www.waitrose.com/ecom/shop/browse/groceries/toiletries_health_and_beauty/hair_care/shampoo', 'waitrose_rating': '5', 'waitrose_unit_price': '(£1.56/100ml)', 'waitrose_new_flag': None, 'waitrose_prod_name': 'Maui Moisture Bamboo Shampoo 385ml', 'images': []}
DEBUG: Scraped from <200 https://www.waitrose.com/ecom/shop/browse/groceries/toiletries_health_and_beauty/hair_care/shampoo>
{'client': 'Waitrose', 'time': datetime.datetime(2020, 8, 30, 9, 55, 59, 619744), 'category': 'Shampoo', 'id': 'tPp703131-695681-695682', 'prod_name': 'Head & Shoulders Repair Shampoo', 'waitrose_Qty': '400ml', 'waitrose_discounted_price': '£3.33', 'waitrose_offer_desc': 'Save 1/3.', 'waitrose_url': 'https://www.waitrose.com/ecom/shop/browse/groceries/toiletries_health_and_beauty/hair_care/shampoo', 'waitrose_rating': '4', 'waitrose_unit_price': '(83.3p/100ml)', 'waitrose_new_flag': None, 'waitrose_prod_name': 'Head & Shoulders Repair Shampoo 400ml', 'images': []}
DEBUG: Scraped from <200 https://www.waitrose.com/ecom/shop/browse/groceries/toiletries_health_and_beauty/hair_care/shampoo>
{'client': 'Waitrose', 'time': datetime.datetime(2020, 8, 30, 9, 55, 59, 619744), 'category': 'Shampoo', 'id': 'tPp657930-695639-695640', 'prod_name': 'Noughty Pumped Up Shampoo', 'waitrose_Qty': '250ml', 'waitrose_discounted_price': '£4.66', 'waitrose_offer_desc': 'Save 1/3.', 'waitrose_url': 'https://www.waitrose.com/ecom/shop/browse/groceries/toiletries_health_and_beauty/hair_care/shampoo', 'waitrose_rating': '5', 'waitrose_unit_price': '(£1.87/100ml)', 'waitrose_new_flag': None, 'waitrose_prod_name': 'Noughty Pumped Up Shampoo 250ml', 'images': []}
DEBUG: Scraped from <200 https://www.waitrose.com/ecom/shop/browse/groceries/toiletries_health_and_beauty/hair_care/shampoo>
{'client': 'Waitrose', 'time': datetime.datetime(2020, 8, 30, 9, 55, 59, 619744), 'category': 'Shampoo', 'id': 'tPp649492-695625-695626', 'prod_name': 'Vosene Kids 2in1 Melon Shampoo', 'waitrose_Qty': '250ml', 'waitrose_discounted_price': '£1.33', 'waitrose_offer_desc': 'Save 1/3.', 'waitrose_url': 'https://www.waitrose.com/ecom/shop/browse/groceries/toiletries_health_and_beauty/hair_care/shampoo', 'waitrose_rating': None, 'waitrose_unit_price': '(53.2p/100ml)', 'waitrose_new_flag': None, 'waitrose_prod_name': 'Vosene Kids 2in1 Melon Shampoo 250ml', 'images': []}
DEBUG: Scraped from <200 https://www.waitrose.com/ecom/shop/browse/groceries/toiletries_health_and_beauty/hair_care/shampoo>
{'client': 'Waitrose', 'time': datetime.datetime(2020, 8, 30, 9, 55, 59, 619744), 'category': 'Shampoo', 'id': 'tPp453160-695433-695434', 'prod_name': 'Argan+ Long & Strong Shampoo', 'waitrose_Qty': '300ml', 'waitrose_discounted_price': '£4.00', 'waitrose_offer_desc': 'Save 1/3.', 'waitrose_url': 'https://www.waitrose.com/ecom/shop/browse/groceries/toiletries_health_and_beauty/hair_care/shampoo', 'waitrose_rating': None, 'waitrose_unit_price': '(£1.34/100ml)', 'waitrose_new_flag': None, 'waitrose_prod_name': 'Argan+ Long & Strong Shampoo 300ml', 'images': []}
DEBUG: Scraped from <200 https://www.waitrose.com/ecom/shop/browse/groceries/toiletries_health_and_beauty/hair_care/shampoo>
{'client': 'Waitrose', 'time': datetime.datetime(2020, 8, 30, 9, 55, 59, 619744), 'category': 'Shampoo', 'id': 'tPp484035-715885-715886', 'prod_name': "L'Oreal Elvive Oil Nourishing Shampoo", 'waitrose_Qty': '400ml', 'waitrose_discounted_price': '£3.75', 'waitrose_offer_desc': None, 'waitrose_url': 'https://www.waitrose.com/ecom/shop/browse/groceries/toiletries_health_and_beauty/hair_care/shampoo', 'waitrose_rating': None, 'waitrose_unit_price': '(93.8p/100ml)', 'waitrose_new_flag': None, 'waitrose_prod_name': "L'Oreal Elvive Oil Nourishing Shampoo 400ml", 'images': []}
DEBUG: Scraped from <200 https://www.waitrose.com/ecom/shop/browse/groceries/toiletries_health_and_beauty/hair_care/shampoo>
{'client': 'Waitrose', 'time': datetime.datetime(2020, 8, 30, 9, 55, 59, 619744), 'category': 'Shampoo', 'id': 'tPp863078-695988-695989', 'prod_name': 'Pantene Hair Biology Full & Vibrant', 'waitrose_Qty': '250ml', 'waitrose_discounted_price': '£4.50', 'waitrose_offer_desc': None, 'waitrose_url': 'https://www.waitrose.com/ecom/shop/browse/groceries/toiletries_health_and_beauty/hair_care/shampoo', 'waitrose_rating': None, 'waitrose_unit_price': '(£1.80/100ml)', 'waitrose_new_flag': None, 'waitrose_prod_name': 'Pantene Hair Biology Full & Vibrant 250ml', 'images': []}
DEBUG: Scraped from <200 https://www.waitrose.com/ecom/shop/browse/groceries/toiletries_health_and_beauty/hair_care/shampoo>
{'client': 'Waitrose', 'time': datetime.datetime(2020, 8, 30, 9, 55, 59, 619744), 'category': 'Shampoo', 'id': 'tPp724972-694185-694186', 'prod_name': 'Pantene 3in1 Repair & Protect', 'waitrose_Qty': '450ml', 'waitrose_discounted_price': '£3.75', 'waitrose_offer_desc': None, 'waitrose_url': 'https://www.waitrose.com/ecom/shop/browse/groceries/toiletries_health_and_beauty/hair_care/shampoo', 'waitrose_rating': None, 'waitrose_unit_price': '(83.3p/100ml)', 'waitrose_new_flag': None, 'waitrose_prod_name': 'Pantene 3in1 Repair & Protect 450ml', 'images': []}
DEBUG: Scraped from <200 https://www.waitrose.com/ecom/shop/browse/groceries/toiletries_health_and_beauty/hair_care/shampoo>
{'client': 'Waitrose', 'time': datetime.datetime(2020, 8, 30, 9, 55, 59, 619744), 'category': 'Shampoo', 'id': 'tPp810302-683828-683829', 'prod_name': 'Herbal Essences Deep Repair Shampoo', 'waitrose_Qty': '400ml', 'waitrose_discounted_price': '£4.50', 'waitrose_offer_desc': None, 'waitrose_url': 'https://www.waitrose.com/ecom/shop/browse/groceries/toiletries_health_and_beauty/hair_care/shampoo', 'waitrose_rating': None, 'waitrose_unit_price': '(£1.13/100ml)', 'waitrose_new_flag': None, 'waitrose_prod_name': 'Herbal Essences Deep Repair Shampoo 400ml', 'images': []}
DEBUG: Scraped from <200 https://www.waitrose.com/ecom/shop/browse/groceries/toiletries_health_and_beauty/hair_care/shampoo>
{'client': 'Waitrose', 'time': datetime.datetime(2020, 8, 30, 9, 55, 59, 619744), 'category': 'Shampoo', 'id': 'tPp407272-440973-440974', 'prod_name': 'Richard Ward Chelsea Cleanse & Condition', 'waitrose_Qty': '250ml', 'waitrose_discounted_price': '£6.00', 'waitrose_offer_desc': None, 'waitrose_url': 'https://www.waitrose.com/ecom/shop/browse/groceries/toiletries_health_and_beauty/hair_care/shampoo', 'waitrose_rating': '3.9', 'waitrose_unit_price': '(£2.40/100ml)', 'waitrose_new_flag': None, 'waitrose_prod_name': 'Richard Ward Chelsea Cleanse & Condition 250ml', 'images': []}
DEBUG: Scraped from <200 https://www.waitrose.com/ecom/shop/browse/groceries/toiletries_health_and_beauty/hair_care/shampoo>
{'client': 'Waitrose', 'time': datetime.datetime(2020, 8, 30, 9, 55, 59, 619744), 'category': 'Shampoo', 'id': 'tPp889100-330444-330445', 'prod_name': 'AOrganic Rosemary Shampoo', 'waitrose_Qty': '325ml', 'waitrose_discounted_price': '£7.00', 'waitrose_offer_desc': None, 'waitrose_url': 'https://www.waitrose.com/ecom/shop/browse/groceries/toiletries_health_and_beauty/hair_care/shampoo', 'waitrose_rating': '2.5', 'waitrose_unit_price': '(£2.16/100ml)', 'waitrose_new_flag': None, 'waitrose_prod_name': 'AOrganic Rosemary Shampoo 325ml', 'images': []}
DEBUG: Scraped from <200 https://www.waitrose.com/ecom/shop/browse/groceries/toiletries_health_and_beauty/hair_care/shampoo>
{'client': 'Waitrose', 'time': datetime.datetime(2020, 8, 30, 9, 55, 59, 619744), 'category': 'Shampoo', 'id': 'tPp426973-298983-298984', 'prod_name': 'Head & Shoulders 2in1 Apple Fresh', 'waitrose_Qty': '450ml', 'waitrose_discounted_price': '£5.00', 'waitrose_offer_desc': None, 'waitrose_url': 'https://www.waitrose.com/ecom/shop/browse/groceries/toiletries_health_and_beauty/hair_care/shampoo', 'waitrose_rating': None, 'waitrose_unit_price': '(£1.12/100ml)', 'waitrose_new_flag': None, 'waitrose_prod_name': 'Head & Shoulders 2in1 Apple Fresh 450ml', 'images': []}
DEBUG: Scraped from <200 https://www.waitrose.com/ecom/shop/browse/groceries/toiletries_health_and_beauty/hair_care/shampoo>
{'client': 'Waitrose', 'time': datetime.datetime(2020, 8, 30, 9, 55, 59, 619744), 'category': 'Shampoo', 'id': 'tPp480888-154495-154496', 'prod_name': 'Head & Shoulders Smooth Shampoo', 'waitrose_Qty': '500ml', 'waitrose_discounted_price': '£5.15', 'waitrose_offer_desc': None, 'waitrose_url': 'https://www.waitrose.com/ecom/shop/browse/groceries/toiletries_health_and_beauty/hair_care/shampoo', 'waitrose_rating': None, 'waitrose_unit_price': '(£1.03/100ml)', 'waitrose_new_flag': None, 'waitrose_prod_name': 'Head & Shoulders Smooth Shampoo 500ml', 'images': []}
DEBUG: Scraped from <200 https://www.waitrose.com/ecom/shop/browse/groceries/toiletries_health_and_beauty/hair_care/shampoo>
{'client': 'Waitrose', 'time': datetime.datetime(2020, 8, 30, 9, 55, 59, 619744), 'category': 'Shampoo', 'id': 'tPp027940-13599-13600', 'prod_name': 'Avalon Organics lemon shampoo', 'waitrose_Qty': '325ml', 'waitrose_discounted_price': '£7.00', 'waitrose_offer_desc': None, 'waitrose_url': 'https://www.waitrose.com/ecom/shop/browse/groceries/toiletries_health_and_beauty/hair_care/shampoo', 'waitrose_rating': '3.6', 'waitrose_unit_price': '(£2.16/100ml)', 'waitrose_new_flag': None, 'waitrose_prod_name': 'Avalon Organics lemon shampoo 325ml', 'images': []}
DEBUG: Scraped from <200 https://www.waitrose.com/ecom/shop/browse/groceries/toiletries_health_and_beauty/hair_care/shampoo>
{'client': 'Waitrose', 'time': datetime.datetime(2020, 8, 30, 9, 55, 59, 619744), 'category': 'Shampoo', 'id': 'tPp711843-717497-717498', 'prod_name': "L'Oreal Elvive Colour Shampoo", 'waitrose_Qty': '400ml', 'waitrose_discounted_price': '£3.75', 'waitrose_offer_desc': None, 'waitrose_url': 'https://www.waitrose.com/ecom/shop/browse/groceries/toiletries_health_and_beauty/hair_care/shampoo', 'waitrose_rating': None, 'waitrose_unit_price': '(93.8p/100ml)', 'waitrose_new_flag': None, 'waitrose_prod_name': "L'Oreal Elvive Colour Shampoo 400ml", 'images': []}
DEBUG: Scraped from <200 https://www.waitrose.com/ecom/shop/browse/groceries/toiletries_health_and_beauty/hair_care/shampoo>
{'client': 'Waitrose', 'time': datetime.datetime(2020, 8, 30, 9, 55, 59, 619744), 'category': 'Shampoo', 'id': 'tPp480728-631267-631268', 'prod_name': 'Ogx Orchid Oil Shampoo', 'waitrose_Qty': '385ml', 'waitrose_discounted_price': '£7.00', 'waitrose_offer_desc': None, 'waitrose_url': 'https://www.waitrose.com/ecom/shop/browse/groceries/toiletries_health_and_beauty/hair_care/shampoo', 'waitrose_rating': '5', 'waitrose_unit_price': '(£1.82/100ml)', 'waitrose_new_flag': None, 'waitrose_prod_name': 'Ogx Orchid Oil Shampoo 385ml', 'images': []}
DEBUG: Scraped from <200 https://www.waitrose.com/ecom/shop/browse/groceries/toiletries_health_and_beauty/hair_care/shampoo>
{'client': 'Waitrose', 'time': datetime.datetime(2020, 8, 30, 9, 55, 59, 619744), 'category': 'Shampoo', 'id': 'tPp076232-38732-38733', 'prod_name': 'AOrganic Lavender Shampoo', 'waitrose_Qty': '325ml', 'waitrose_discounted_price': '£7.00', 'waitrose_offer_desc': None, 'waitrose_url': 'https://www.waitrose.com/ecom/shop/browse/groceries/toiletries_health_and_beauty/hair_care/shampoo', 'waitrose_rating': '3.8', 'waitrose_unit_price': '(£2.16/100ml)', 'waitrose_new_flag': None, 'waitrose_prod_name': 'AOrganic Lavender Shampoo 325ml', 'images': []}
DEBUG: Scraped from <200 https://www.waitrose.com/ecom/shop/browse/groceries/toiletries_health_and_beauty/hair_care/shampoo>
{'client': 'Waitrose', 'time': datetime.datetime(2020, 8, 30, 9, 55, 59, 619744), 'category': 'Shampoo', 'id': 'tPp829437-695831-695832', 'prod_name': 'Umberto Giannini Grow Long Shampoo', 'waitrose_Qty': '250ml', 'waitrose_discounted_price': '£8.00', 'waitrose_offer_desc': 'Mix & Match Add 3 for 2 Cheapest Item Free', 'waitrose_url': 'https://www.waitrose.com/ecom/shop/browse/groceries/toiletries_health_and_beauty/hair_care/shampoo', 'waitrose_rating': '5', 'waitrose_unit_price': '(£3.20/100ml)', 'waitrose_new_flag': None, 'waitrose_prod_name': 'Umberto Giannini Grow Long Shampoo 250ml', 'images': []}
DEBUG: Scraped from <200 https://www.waitrose.com/ecom/shop/browse/groceries/toiletries_health_and_beauty/hair_care/shampoo>
{'client': 'Waitrose', 'time': datetime.datetime(2020, 8, 30, 9, 55, 59, 619744), 'category': 'Shampoo', 'id': 'tPp631829-695597-695598', 'prod_name': 'Noughty Detox Dynamo Shampoo', 'waitrose_Qty': '250ml', 'waitrose_discounted_price': '£4.66', 'waitrose_offer_desc': 'Save 1/3.', 'waitrose_url': 'https://www.waitrose.com/ecom/shop/browse/groceries/toiletries_health_and_beauty/hair_care/shampoo', 'waitrose_rating': None, 'waitrose_unit_price': '(£1.87/100ml)', 'waitrose_new_flag': None, 'waitrose_prod_name': 'Noughty Detox Dynamo Shampoo 250ml', 'images': []}
DEBUG: Scraped from <200 https://www.waitrose.com/ecom/shop/browse/groceries/toiletries_health_and_beauty/hair_care/shampoo>
{'client': 'Waitrose', 'time': datetime.datetime(2020, 8, 30, 9, 55, 59, 619744), 'category': 'Shampoo', 'id': 'tPp527154-720165-720166', 'prod_name': 'Maui Moisture Hibiscus Water', 'waitrose_Qty': '385ml', 'waitrose_discounted_price': '£6.00', 'waitrose_offer_desc': 'Save 1/3.', 'waitrose_url': 'https://www.waitrose.com/ecom/shop/browse/groceries/toiletries_health_and_beauty/hair_care/shampoo', 'waitrose_rating': None, 'waitrose_unit_price': '(£1.56/100ml)', 'waitrose_new_flag': None, 'waitrose_prod_name': 'Maui Moisture Hibiscus Water 385ml', 'images': []}
DEBUG: Scraped from <200 https://www.waitrose.com/ecom/shop/browse/groceries/toiletries_health_and_beauty/hair_care/shampoo>
{'client': 'Waitrose', 'time': datetime.datetime(2020, 8, 30, 9, 55, 59, 619744), 'category': 'Shampoo', 'id': 'tPp888765-695909-695910', 'prod_name': 'Umberto Giannini Curl Jelly Wash', 'waitrose_Qty': '250ml', 'waitrose_discounted_price': '£8.00', 'waitrose_offer_desc': 'Mix & Match Add 3 for 2 Cheapest Item Free', 'waitrose_url': 'https://www.waitrose.com/ecom/shop/browse/groceries/toiletries_health_and_beauty/hair_care/shampoo', 'waitrose_rating': '2.5', 'waitrose_unit_price': '(£3.20/100ml)', 'waitrose_new_flag': None, 'waitrose_prod_name': 'Umberto Giannini Curl Jelly Wash 250ml', 'images': []}
DEBUG: Scraped from <200 https://www.waitrose.com/ecom/shop/browse/groceries/toiletries_health_and_beauty/hair_care/shampoo>
{'client': 'Waitrose', 'time': datetime.datetime(2020, 8, 30, 9, 55, 59, 619744), 'category': 'Shampoo', 'id': 'tPp603087-695555-695556', 'prod_name': 'Noughty Colour Bomb Shampoo', 'waitrose_Qty': '250ml', 'waitrose_discounted_price': '£4.66', 'waitrose_offer_desc': 'Save 1/3.', 'waitrose_url': 'https://www.waitrose.com/ecom/shop/browse/groceries/toiletries_health_and_beauty/hair_care/shampoo', 'waitrose_rating': '3', 'waitrose_unit_price': '(£1.87/100ml)', 'waitrose_new_flag': None, 'waitrose_prod_name': 'Noughty Colour Bomb Shampoo 250ml', 'images': []}
DEBUG: Scraped from <200 https://www.waitrose.com/ecom/shop/browse/groceries/toiletries_health_and_beauty/hair_care/shampoo>
{'client': 'Waitrose', 'time': datetime.datetime(2020, 8, 30, 9, 55, 59, 619744), 'category': 'Shampoo', 'id': 'tPp807825-473364-473365', 'prod_name': 'SenSpa Deep Cleanse Shampoo', 'waitrose_Qty': '250ml', 'waitrose_discounted_price': '£4.00', 'waitrose_offer_desc': 'Save 1/3.', 'waitrose_url': 'https://www.waitrose.com/ecom/shop/browse/groceries/toiletries_health_and_beauty/hair_care/shampoo', 'waitrose_rating': '3.7', 'waitrose_unit_price': '(£1.60/100ml)', 'waitrose_new_flag': None, 'waitrose_prod_name': 'SenSpa Deep Cleanse Shampoo 250ml', 'images': []}
DEBUG: Scraped from <200 https://www.waitrose.com/ecom/shop/browse/groceries/toiletries_health_and_beauty/hair_care/shampoo>
{'client': 'Waitrose', 'time': datetime.datetime(2020, 8, 30, 9, 55, 59, 619744), 'category': 'Shampoo', 'id': 'tPp492090-729670-729671', 'prod_name': 'Percy & Reed Volumising Shampoo', 'waitrose_Qty': '250ml', 'waitrose_discounted_price': '£18.00', 'waitrose_offer_desc': None, 'waitrose_url': 'https://www.waitrose.com/ecom/shop/browse/groceries/toiletries_health_and_beauty/hair_care/shampoo', 'waitrose_rating': None, 'waitrose_unit_price': '(£7.20/100ml)', 'waitrose_new_flag': 'NEW', 'waitrose_prod_name': 'Percy & Reed Volumising Shampoo 250ml', 'images': []}
DEBUG: Scraped from <200 https://www.waitrose.com/ecom/shop/browse/groceries/toiletries_health_and_beauty/hair_care/shampoo>
{'client': 'Waitrose', 'time': datetime.datetime(2020, 8, 30, 9, 55, 59, 619744), 'category': 'Shampoo', 'id': 'tPp812614-707138-707139', 'prod_name': 'Beco Spring Meadow Shampoo Bar', 'waitrose_Qty': '90g', 'waitrose_discounted_price': '£4.00', 'waitrose_offer_desc': None, 'waitrose_url': 'https://www.waitrose.com/ecom/shop/browse/groceries/toiletries_health_and_beauty/hair_care/shampoo', 'waitrose_rating': '3.3', 'waitrose_unit_price': '(£4.45/100g)', 'waitrose_new_flag': None, 'waitrose_prod_name': 'Beco Spring Meadow Shampoo Bar 90g', 'images': []}
DEBUG: Scraped from <200 https://www.waitrose.com/ecom/shop/browse/groceries/toiletries_health_and_beauty/hair_care/shampoo>
{'client': 'Waitrose', 'time': datetime.datetime(2020, 8, 30, 9, 55, 59, 619744), 'category': 'Shampoo', 'id': 'tPp686838-346630-346631', 'prod_name': 'Richard Ward argan antiageing shampoo', 'waitrose_Qty': '250ml', 'waitrose_discounted_price': '£6.00', 'waitrose_offer_desc': None, 'waitrose_url': 'https://www.waitrose.com/ecom/shop/browse/groceries/toiletries_health_and_beauty/hair_care/shampoo', 'waitrose_rating': '4.1', 'waitrose_unit_price': '(£2.40/100ml)', 'waitrose_new_flag': None, 'waitrose_prod_name': 'Richard Ward argan antiageing shampoo 250ml', 'images': []}
DEBUG: Scraped from <200 https://www.waitrose.com/ecom/shop/browse/groceries/toiletries_health_and_beauty/hair_care/shampoo>
{'client': 'Waitrose', 'time': datetime.datetime(2020, 8, 30, 9, 55, 59, 619744), 'category': 'Shampoo', 'id': 'tPp861587-154949-154950', 'prod_name': 'Batiste dark & deep brown dry shampoo', 'waitrose_Qty': '200ml', 'waitrose_discounted_price': '£4.00', 'waitrose_offer_desc': None, 'waitrose_url': 'https://www.waitrose.com/ecom/shop/browse/groceries/toiletries_health_and_beauty/hair_care/shampoo', 'waitrose_rating': None, 'waitrose_unit_price': '(£2/100ml)', 'waitrose_new_flag': None, 'waitrose_prod_name': 'Batiste dark & deep brown dry shampoo 200ml', 'images': []}
DEBUG: Scraped from <200 https://www.waitrose.com/ecom/shop/browse/groceries/toiletries_health_and_beauty/hair_care/shampoo>
{'client': 'Waitrose', 'time': datetime.datetime(2020, 8, 30, 9, 55, 59, 619744), 'category': 'Shampoo', 'id': 'tPp405353-729640-729641', 'prod_name': 'Percy & Reed No-Fuss Dry Shampoo', 'waitrose_Qty': '200ml', 'waitrose_discounted_price': '£15.00', 'waitrose_offer_desc': None, 'waitrose_url': 'https://www.waitrose.com/ecom/shop/browse/groceries/toiletries_health_and_beauty/hair_care/shampoo', 'waitrose_rating': '3.8', 'waitrose_unit_price': '(£7.50/100ml)', 'waitrose_new_flag': 'NEW', 'waitrose_prod_name': 'Percy & Reed No-Fuss Dry Shampoo 200ml', 'images': []}
DEBUG: Scraped from <200 https://www.waitrose.com/ecom/shop/browse/groceries/toiletries_health_and_beauty/hair_care/shampoo>
{'client': 'Waitrose', 'time': datetime.datetime(2020, 8, 30, 9, 55, 59, 619744), 'category': 'Shampoo', 'id': 'tPp567427-683666-683667', 'prod_name': 'Ogx Charcoal Detox Shampoo', 'waitrose_Qty': '385ml', 'waitrose_discounted_price': '£7.00', 'waitrose_offer_desc': None, 'waitrose_url': 'https://www.waitrose.com/ecom/shop/browse/groceries/toiletries_health_and_beauty/hair_care/shampoo', 'waitrose_rating': None, 'waitrose_unit_price': '(£1.82/100ml)', 'waitrose_new_flag': None, 'waitrose_prod_name': 'Ogx Charcoal Detox Shampoo 385ml', 'images': []}
DEBUG: Scraped from <200 https://www.waitrose.com/ecom/shop/browse/groceries/toiletries_health_and_beauty/hair_care/shampoo>
{'client': 'Waitrose', 'time': datetime.datetime(2020, 8, 30, 9, 55, 59, 619744), 'category': 'Shampoo', 'id': 'tPp567431-729696-729697', 'prod_name': 'Batiste Dry Shampoo for Blondes', 'waitrose_Qty': '200ml', 'waitrose_discounted_price': '£4.00', 'waitrose_offer_desc': None, 'waitrose_url': 'https://www.waitrose.com/ecom/shop/browse/groceries/toiletries_health_and_beauty/hair_care/shampoo', 'waitrose_rating': None, 'waitrose_unit_price': '(£2/100ml)', 'waitrose_new_flag': 'NEW', 'waitrose_prod_name': 'Batiste Dry Shampoo for Blondes 200ml', 'images': []}
DEBUG: Scraped from <200 https://www.waitrose.com/ecom/shop/browse/groceries/toiletries_health_and_beauty/hair_care/shampoo>
{'client': 'Waitrose', 'time': datetime.datetime(2020, 8, 30, 9, 55, 59, 619744), 'category': 'Shampoo', 'id': 'tPp834106-299691-299692', 'prod_name': 'Head & Shoulders 2in1 smooth & silky', 'waitrose_Qty': '450ml', 'waitrose_discounted_price': '£5.00', 'waitrose_offer_desc': None, 'waitrose_url': 'https://www.waitrose.com/ecom/shop/browse/groceries/toiletries_health_and_beauty/hair_care/shampoo', 'waitrose_rating': None, 'waitrose_unit_price': '(£1.12/100ml)', 'waitrose_new_flag': None, 'waitrose_prod_name': 'Head & Shoulders 2in1 smooth & silky 450ml', 'images': []}
DEBUG: Scraped from <200 https://www.waitrose.com/ecom/shop/browse/groceries/toiletries_health_and_beauty/hair_care/shampoo>
{'client': 'Waitrose', 'time': datetime.datetime(2020, 8, 30, 9, 55, 59, 619744), 'category': 'Shampoo', 'id': 'tPp694392-98595-98596', 'prod_name': 'Head & Shoulders Shampoo Cool Menthol', 'waitrose_Qty': '500ml', 'waitrose_discounted_price': '£5.15', 'waitrose_offer_desc': None, 'waitrose_url': 'https://www.waitrose.com/ecom/shop/browse/groceries/toiletries_health_and_beauty/hair_care/shampoo', 'waitrose_rating': None, 'waitrose_unit_price': '(£1.03/100ml)', 'waitrose_new_flag': None, 'waitrose_prod_name': 'Head & Shoulders Shampoo Cool Menthol 500ml', 'images': []}
DEBUG: Scraped from <200 https://www.waitrose.com/ecom/shop/browse/groceries/toiletries_health_and_beauty/hair_care/shampoo>
{'client': 'Waitrose', 'time': datetime.datetime(2020, 8, 30, 9, 55, 59, 619744), 'category': 'Shampoo', 'id': 'tPp803275-329016-329017', 'prod_name': 'AOrganic Peppermint Shampoo', 'waitrose_Qty': '325ml', 'waitrose_discounted_price': '£7.00', 'waitrose_offer_desc': None, 'waitrose_url': 'https://www.waitrose.com/ecom/shop/browse/groceries/toiletries_health_and_beauty/hair_care/shampoo', 'waitrose_rating': None, 'waitrose_unit_price': '(£2.16/100ml)', 'waitrose_new_flag': None, 'waitrose_prod_name': 'AOrganic Peppermint Shampoo 325ml', 'images': []}
DEBUG: Scraped from <200 https://www.waitrose.com/ecom/shop/browse/groceries/toiletries_health_and_beauty/hair_care/shampoo>
{'client': 'Waitrose', 'time': datetime.datetime(2020, 8, 30, 9, 55, 59, 619744), 'category': 'Shampoo', 'id': 'tPp714629-729752-729753', 'prod_name': 'OGX Keratin Oil Shampoo', 'waitrose_Qty': '385ml', 'waitrose_discounted_price': '£7.00', 'waitrose_offer_desc': None, 'waitrose_url': 'https://www.waitrose.com/ecom/shop/browse/groceries/toiletries_health_and_beauty/hair_care/shampoo', 'waitrose_rating': None, 'waitrose_unit_price': '(£1.82/100ml)', 'waitrose_new_flag': 'NEW', 'waitrose_prod_name': 'OGX Keratin Oil Shampoo 385ml', 'images': []}
DEBUG: Scraped from <200 https://www.waitrose.com/ecom/shop/browse/groceries/toiletries_health_and_beauty/hair_care/shampoo>
{'client': 'Waitrose', 'time': datetime.datetime(2020, 8, 30, 9, 55, 59, 619744), 'category': 'Shampoo', 'id': 'tPp581644-729702-729703', 'prod_name': 'Percy & Reed Hydrating Shampoo', 'waitrose_Qty': '250ml', 'waitrose_discounted_price': '£18.00', 'waitrose_offer_desc': None, 'waitrose_url': 'https://www.waitrose.com/ecom/shop/browse/groceries/toiletries_health_and_beauty/hair_care/shampoo', 'waitrose_rating': None, 'waitrose_unit_price': '(£7.20/100ml)', 'waitrose_new_flag': 'NEW', 'waitrose_prod_name': 'Percy & Reed Hydrating Shampoo 250ml', 'images': []}
DEBUG: Scraped from <200 https://www.waitrose.com/ecom/shop/browse/groceries/toiletries_health_and_beauty/hair_care/shampoo>
{'client': 'Waitrose', 'time': datetime.datetime(2020, 8, 30, 9, 55, 59, 619744), 'category': 'Shampoo', 'id': 'tPp567481-719558-719559', 'prod_name': 'Fit Kit Gentle Shampoo &Conditioner', 'waitrose_Qty': '200ml', 'waitrose_discounted_price': '£3.99', 'waitrose_offer_desc': None, 'waitrose_url': 'https://www.waitrose.com/ecom/shop/browse/groceries/toiletries_health_and_beauty/hair_care/shampoo', 'waitrose_rating': '5', 'waitrose_unit_price': '(£2/100ml)', 'waitrose_new_flag': None, 'waitrose_prod_name': 'Fit Kit Gentle Shampoo &Conditioner 200ml', 'images': []}
DEBUG: Scraped from <200 https://www.waitrose.com/ecom/shop/browse/groceries/toiletries_health_and_beauty/hair_care/shampoo>
{'client': 'Waitrose', 'time': datetime.datetime(2020, 8, 30, 9, 55, 59, 619744), 'category': 'Shampoo', 'id': 'tPp855732-695986-695987', 'prod_name': 'Hair Biology De-Frizz Shampoo', 'waitrose_Qty': '250ml', 'waitrose_discounted_price': '£4.50', 'waitrose_offer_desc': None, 'waitrose_url': 'https://www.waitrose.com/ecom/shop/browse/groceries/toiletries_health_and_beauty/hair_care/shampoo', 'waitrose_rating': None, 'waitrose_unit_price': '(£1.80/100ml)', 'waitrose_new_flag': None, 'waitrose_prod_name': 'Hair Biology De-Frizz Shampoo 250ml', 'images': []}
DEBUG: Scraped from <200 https://www.waitrose.com/ecom/shop/browse/groceries/toiletries_health_and_beauty/hair_care/shampoo>
{'client': 'Waitrose', 'time': datetime.datetime(2020, 8, 30, 9, 55, 59, 619744), 'category': 'Shampoo', 'id': 'tPp734002-695705-695706', 'prod_name': 'Percy & Reed Wonder Wash Shampoo', 'waitrose_Qty': '250ml', 'waitrose_discounted_price': '£18.00', 'waitrose_offer_desc': None, 'waitrose_url': 'https://www.waitrose.com/ecom/shop/browse/groceries/toiletries_health_and_beauty/hair_care/shampoo', 'waitrose_rating': '4.1', 'waitrose_unit_price': '(£7.20/100ml)', 'waitrose_new_flag': None, 'waitrose_prod_name': 'Percy & Reed Wonder Wash Shampoo 250ml', 'images': []}
DEBUG: Scraped from <200 https://www.waitrose.com/ecom/shop/browse/groceries/toiletries_health_and_beauty/hair_care/shampoo>
{'client': 'Waitrose', 'time': datetime.datetime(2020, 8, 30, 9, 55, 59, 619744), 'category': 'Shampoo', 'id': 'tPp591666-681031-681032', 'prod_name': 'Pure Grace Shower Gel', 'waitrose_Qty': '480ml', 'waitrose_discounted_price': '£19.50', 'waitrose_offer_desc': None, 'waitrose_url': 'https://www.waitrose.com/ecom/shop/browse/groceries/toiletries_health_and_beauty/hair_care/shampoo', 'waitrose_rating': None, 'waitrose_unit_price': '(£4.07/100ml)', 'waitrose_new_flag': None, 'waitrose_prod_name': 'Pure Grace Shower Gel 480ml', 'images': []}
DEBUG: Scraped from <200 https://www.waitrose.com/ecom/shop/browse/groceries/toiletries_health_and_beauty/hair_care/shampoo>
{'client': 'Waitrose', 'time': datetime.datetime(2020, 8, 30, 9, 55, 59, 619744), 'category': 'Shampoo', 'id': 'tPp401660-588303-588304', 'prod_name': 'Richard Ward Brunette Shampoo', 'waitrose_Qty': '250ml', 'waitrose_discounted_price': '£6.00', 'waitrose_offer_desc': None, 'waitrose_url': 'https://www.waitrose.com/ecom/shop/browse/groceries/toiletries_health_and_beauty/hair_care/shampoo', 'waitrose_rating': '5', 'waitrose_unit_price': '(£2.40/100ml)', 'waitrose_new_flag': None, 'waitrose_prod_name': 'Richard Ward Brunette Shampoo 250ml', 'images': []}
DEBUG: Scraped from <200 https://www.waitrose.com/ecom/shop/browse/groceries/toiletries_health_and_beauty/hair_care/shampoo>
{'client': 'Waitrose', 'time': datetime.datetime(2020, 8, 30, 9, 55, 59, 619744), 'category': 'Shampoo', 'id': 'tPp836383-271490-271491', 'prod_name': 'Head & Shoulders 2in1 citrus care', 'waitrose_Qty': '450ml', 'waitrose_discounted_price': '£5.15', 'waitrose_offer_desc': None, 'waitrose_url': 'https://www.waitrose.com/ecom/shop/browse/groceries/toiletries_health_and_beauty/hair_care/shampoo', 'waitrose_rating': None, 'waitrose_unit_price': '(£1.15/100ml)', 'waitrose_new_flag': None, 'waitrose_prod_name': 'Head & Shoulders 2in1 citrus care 450ml', 'images': []}
INFO: Closing spider (finished)
INFO: Stored json feed (140 items) in: waitrose_083020.json
INFO: Dumping Scrapy stats:
{'downloader/request_bytes': 2590,
 'downloader/request_count': 1,
 'downloader/request_method_count/POST': 1,
 'downloader/response_bytes': 1648936,
 'downloader/response_count': 1,
 'downloader/response_status_count/200': 1,
 'finish_reason': 'finished',
 'finish_time': datetime.datetime(2020, 8, 30, 4, 27, 43, 565192),
 'item_scraped_count': 140,
 'log_count/DEBUG': 141,
 'log_count/INFO': 11,
 'log_count/WARNING': 1,
 'response_received_count': 1,
 'scheduler/dequeued': 2,
 'scheduler/dequeued/memory': 2,
 'scheduler/enqueued': 2,
 'scheduler/enqueued/memory': 2,
 'splash/execute/request_count': 1,
 'splash/execute/response_count/200': 1,
 'start_time': datetime.datetime(2020, 8, 30, 4, 25, 59, 901978)}
INFO: Spider closed (finished)
INFO: Scrapy 1.6.0 started (bot: waitrose)
INFO: Versions: lxml 4.5.1.0, libxml2 2.9.10, cssselect 1.1.0, parsel 1.6.0, w3lib 1.22.0, Twisted 20.3.0, Python 3.7.7 (default, May  6 2020, 11:45:54) [MSC v.1916 64 bit (AMD64)], pyOpenSSL 19.1.0 (OpenSSL 1.1.1g  21 Apr 2020), cryptography 2.9.2, Platform Windows-10-10.0.18362-SP0
INFO: Overridden settings: {'BOT_NAME': 'waitrose', 'DOWNLOAD_TIMEOUT': 1200, 'DUPEFILTER_CLASS': 'scrapy_splash.SplashAwareDupeFilter', 'FEED_EXPORT_ENCODING': 'utf-8', 'FEED_FORMAT': 'json', 'FEED_URI': 'waitrose_083120.json', 'NEWSPIDER_MODULE': 'waitrose.spiders', 'SPIDER_MODULES': ['waitrose.spiders']}
INFO: Telnet Password: b10118c39206c703
INFO: Enabled extensions:
['scrapy.extensions.corestats.CoreStats',
 'scrapy.extensions.telnet.TelnetConsole',
 'scrapy.extensions.feedexport.FeedExporter',
 'scrapy.extensions.logstats.LogStats']
INFO: Enabled downloader middlewares:
['scrapy.downloadermiddlewares.httpauth.HttpAuthMiddleware',
 'scrapy.downloadermiddlewares.downloadtimeout.DownloadTimeoutMiddleware',
 'scrapy.downloadermiddlewares.defaultheaders.DefaultHeadersMiddleware',
 'scrapy.downloadermiddlewares.useragent.UserAgentMiddleware',
 'scrapy.downloadermiddlewares.retry.RetryMiddleware',
 'scrapy.downloadermiddlewares.redirect.MetaRefreshMiddleware',
 'scrapy.downloadermiddlewares.redirect.RedirectMiddleware',
 'scrapy.downloadermiddlewares.cookies.CookiesMiddleware',
 'scrapy_splash.SplashCookiesMiddleware',
 'scrapy_splash.SplashMiddleware',
 'scrapy.downloadermiddlewares.httpproxy.HttpProxyMiddleware',
 'scrapy.downloadermiddlewares.httpcompression.HttpCompressionMiddleware',
 'scrapy.downloadermiddlewares.stats.DownloaderStats']
INFO: Enabled spider middlewares:
['scrapy.spidermiddlewares.httperror.HttpErrorMiddleware',
 'scrapy_splash.SplashDeduplicateArgsMiddleware',
 'scrapy.spidermiddlewares.offsite.OffsiteMiddleware',
 'scrapy.spidermiddlewares.referer.RefererMiddleware',
 'scrapy.spidermiddlewares.urllength.UrlLengthMiddleware',
 'scrapy.spidermiddlewares.depth.DepthMiddleware']
INFO: Enabled item pipelines:
['waitrose.pipelines.ImageDownloaderPipeline',
 'waitrose.pipelines.SQLlitePipeline']
INFO: Spider opened
INFO: Crawled 0 pages (at 0 pages/min), scraped 0 items (at 0 items/min)
WARNING: C:\Users\sujithk\AppData\Local\Continuum\anaconda3\envs\Virtual_Env\lib\site-packages\scrapy\spidermiddlewares\offsite.py:61: URLWarning: allowed_domains accepts only domains, not URLs. Ignoring URL entry https://www.waitrose.com/ in allowed_domains.
  warnings.warn(message, URLWarning)

INFO: Telnet console listening on 127.0.0.1:6026
INFO: Crawled 0 pages (at 0 pages/min), scraped 0 items (at 0 items/min)
DEBUG: Crawled (200) <GET https://www.waitrose.com/ecom/shop/browse/groceries/toiletries_health_and_beauty/hair_care/shampoo via http://192.168.65.33:8050/execute> (referer: None)
DEBUG: Scraped from <200 https://www.waitrose.com/ecom/shop/browse/groceries/toiletries_health_and_beauty/hair_care/shampoo>
{'client': 'Waitrose', 'time': datetime.datetime(2020, 8, 31, 7, 16, 36, 348277), 'category': 'Shampoo', 'id': 'tPp096508-49364-49365', 'prod_name': 'Aussie Miracle Moist Shampoo', 'waitrose_Qty': '300ml', 'waitrose_discounted_price': '£2.05', 'waitrose_offer_desc': 'Half Price.', 'waitrose_url': 'https://www.waitrose.com/ecom/shop/browse/groceries/toiletries_health_and_beauty/hair_care/shampoo', 'waitrose_rating': '3.7', 'waitrose_unit_price': '(68.3p/100ml)', 'waitrose_new_flag': None, 'waitrose_prod_name': 'Aussie Miracle Moist Shampoo 300ml', 'images': []}
DEBUG: Scraped from <200 https://www.waitrose.com/ecom/shop/browse/groceries/toiletries_health_and_beauty/hair_care/shampoo>
{'client': 'Waitrose', 'time': datetime.datetime(2020, 8, 31, 7, 16, 36, 348277), 'category': 'Shampoo', 'id': 'tPp799806-683814-683815', 'prod_name': 'Tresemmé Shampoo Moisture Rich', 'waitrose_Qty': '800ml', 'waitrose_discounted_price': '£2.75', 'waitrose_offer_desc': 'Half Price.', 'waitrose_url': 'https://www.waitrose.com/ecom/shop/browse/groceries/toiletries_health_and_beauty/hair_care/shampoo', 'waitrose_rating': None, 'waitrose_unit_price': '(34.4p/100ml)', 'waitrose_new_flag': None, 'waitrose_prod_name': 'Tresemmé Shampoo Moisture Rich 800ml', 'images': []}
DEBUG: Scraped from <200 https://www.waitrose.com/ecom/shop/browse/groceries/toiletries_health_and_beauty/hair_care/shampoo>
{'client': 'Waitrose', 'time': datetime.datetime(2020, 8, 31, 7, 16, 36, 348277), 'category': 'Shampoo', 'id': 'tPp059421-29947-29948', 'prod_name': 'Aussie Aussome Volume Shampoo', 'waitrose_Qty': '300ml', 'waitrose_discounted_price': '£2.00', 'waitrose_offer_desc': 'Half Price.', 'waitrose_url': 'https://www.waitrose.com/ecom/shop/browse/groceries/toiletries_health_and_beauty/hair_care/shampoo', 'waitrose_rating': '5', 'waitrose_unit_price': '(66.7p/100ml)', 'waitrose_new_flag': None, 'waitrose_prod_name': 'Aussie Aussome Volume Shampoo 300ml', 'images': []}
DEBUG: Scraped from <200 https://www.waitrose.com/ecom/shop/browse/groceries/toiletries_health_and_beauty/hair_care/shampoo>
{'client': 'Waitrose', 'time': datetime.datetime(2020, 8, 31, 7, 16, 36, 348277), 'category': 'Shampoo', 'id': 'tPp092708-47659-47660', 'prod_name': 'Vosene Original Shampoo', 'waitrose_Qty': '250ml', 'waitrose_discounted_price': '£1.36', 'waitrose_offer_desc': 'Save 1/3.', 'waitrose_url': 'https://www.waitrose.com/ecom/shop/browse/groceries/toiletries_health_and_beauty/hair_care/shampoo', 'waitrose_rating': '5', 'waitrose_unit_price': '(54.4p/100ml)', 'waitrose_new_flag': None, 'waitrose_prod_name': 'Vosene Original Shampoo 250ml', 'images': []}
DEBUG: Scraped from <200 https://www.waitrose.com/ecom/shop/browse/groceries/toiletries_health_and_beauty/hair_care/shampoo>
{'client': 'Waitrose', 'time': datetime.datetime(2020, 8, 31, 7, 16, 36, 348277), 'category': 'Shampoo', 'id': 'tPp092708-47659-47660', 'prod_name': 'Vosene Original Shampoo', 'waitrose_Qty': '250ml', 'waitrose_discounted_price': '£1.36', 'waitrose_offer_desc': 'Save 1/3.', 'waitrose_url': 'https://www.waitrose.com/ecom/shop/browse/groceries/toiletries_health_and_beauty/hair_care/shampoo', 'waitrose_rating': '5', 'waitrose_unit_price': '(54.4p/100ml)', 'waitrose_new_flag': None, 'waitrose_prod_name': 'Vosene Original Shampoo 250ml', 'images': []}
DEBUG: Scraped from <200 https://www.waitrose.com/ecom/shop/browse/groceries/toiletries_health_and_beauty/hair_care/shampoo>
{'client': 'Waitrose', 'time': datetime.datetime(2020, 8, 31, 7, 16, 36, 348277), 'category': 'Shampoo', 'id': 'tPp083596-42439-42440', 'prod_name': 'Aussie Colour Mate Shampoo', 'waitrose_Qty': '300ml', 'waitrose_discounted_price': '£2.05', 'waitrose_offer_desc': 'Half Price.', 'waitrose_url': 'https://www.waitrose.com/ecom/shop/browse/groceries/toiletries_health_and_beauty/hair_care/shampoo', 'waitrose_rating': '5', 'waitrose_unit_price': '(68.3p/100ml)', 'waitrose_new_flag': None, 'waitrose_prod_name': 'Aussie Colour Mate Shampoo 300ml', 'images': []}
DEBUG: Scraped from <200 https://www.waitrose.com/ecom/shop/browse/groceries/toiletries_health_and_beauty/hair_care/shampoo>
{'client': 'Waitrose', 'time': datetime.datetime(2020, 8, 31, 7, 16, 36, 348277), 'category': 'Shampoo', 'id': 'tPp096232-49248-49249', 'prod_name': 'Aussie Mega Shampoo', 'waitrose_Qty': '300ml', 'waitrose_discounted_price': '£2.05', 'waitrose_offer_desc': 'Half Price.', 'waitrose_url': 'https://www.waitrose.com/ecom/shop/browse/groceries/toiletries_health_and_beauty/hair_care/shampoo', 'waitrose_rating': '2.5', 'waitrose_unit_price': '(68.3p/100ml)', 'waitrose_new_flag': None, 'waitrose_prod_name': 'Aussie Mega Shampoo 300ml', 'images': []}
DEBUG: Scraped from <200 https://www.waitrose.com/ecom/shop/browse/groceries/toiletries_health_and_beauty/hair_care/shampoo>
{'client': 'Waitrose', 'time': datetime.datetime(2020, 8, 31, 7, 16, 36, 348277), 'category': 'Shampoo', 'id': 'tPp011495-5706-5707', 'prod_name': 'John Frieda Shampoo Touchably Full', 'waitrose_Qty': '250ml', 'waitrose_discounted_price': '£3.99', 'waitrose_offer_desc': 'Save 1/3.', 'waitrose_url': 'https://www.waitrose.com/ecom/shop/browse/groceries/toiletries_health_and_beauty/hair_care/shampoo', 'waitrose_rating': '4', 'waitrose_unit_price': '(£1.60/100ml)', 'waitrose_new_flag': None, 'waitrose_prod_name': 'John Frieda Shampoo Touchably Full 250ml', 'images': []}
DEBUG: Scraped from <200 https://www.waitrose.com/ecom/shop/browse/groceries/toiletries_health_and_beauty/hair_care/shampoo>
{'client': 'Waitrose', 'time': datetime.datetime(2020, 8, 31, 7, 16, 36, 348277), 'category': 'Shampoo', 'id': 'tPp639145-337007-337008', 'prod_name': 'Tresemmé Shampoo Deep Cleansing', 'waitrose_Qty': '800ml', 'waitrose_discounted_price': '£2.75', 'waitrose_offer_desc': 'Half Price.', 'waitrose_url': 'https://www.waitrose.com/ecom/shop/browse/groceries/toiletries_health_and_beauty/hair_care/shampoo', 'waitrose_rating': '5', 'waitrose_unit_price': '(34.4p/100ml)', 'waitrose_new_flag': None, 'waitrose_prod_name': 'Tresemmé Shampoo Deep Cleansing 800ml', 'images': []}
DEBUG: Scraped from <200 https://www.waitrose.com/ecom/shop/browse/groceries/toiletries_health_and_beauty/hair_care/shampoo>
{'client': 'Waitrose', 'time': datetime.datetime(2020, 8, 31, 7, 16, 36, 348277), 'category': 'Shampoo', 'id': 'tPp433216-720111-720112', 'prod_name': 'John Frieda Hydrate & Recharge Shampoo', 'waitrose_Qty': '250ml', 'waitrose_discounted_price': '£3.99', 'waitrose_offer_desc': 'Save 1/3.', 'waitrose_url': 'https://www.waitrose.com/ecom/shop/browse/groceries/toiletries_health_and_beauty/hair_care/shampoo', 'waitrose_rating': None, 'waitrose_unit_price': '(£1.60/100ml)', 'waitrose_new_flag': None, 'waitrose_prod_name': 'John Frieda Hydrate & Recharge Shampoo 250ml', 'images': []}
DEBUG: Scraped from <200 https://www.waitrose.com/ecom/shop/browse/groceries/toiletries_health_and_beauty/hair_care/shampoo>
{'client': 'Waitrose', 'time': datetime.datetime(2020, 8, 31, 7, 16, 36, 348277), 'category': 'Shampoo', 'id': 'tPp595050-720203-720204', 'prod_name': 'Herbal Essences Coconut Shampoo', 'waitrose_Qty': '250ml', 'waitrose_discounted_price': '£2.00', 'waitrose_offer_desc': 'Save 1/3.', 'waitrose_url': 'https://www.waitrose.com/ecom/shop/browse/groceries/toiletries_health_and_beauty/hair_care/shampoo', 'waitrose_rating': None, 'waitrose_unit_price': '(80p/100ml)', 'waitrose_new_flag': None, 'waitrose_prod_name': 'Herbal Essences Coconut Shampoo 250ml', 'images': []}
DEBUG: Scraped from <200 https://www.waitrose.com/ecom/shop/browse/groceries/toiletries_health_and_beauty/hair_care/shampoo>
{'client': 'Waitrose', 'time': datetime.datetime(2020, 8, 31, 7, 16, 36, 348277), 'category': 'Shampoo', 'id': 'tPp575547-494836-494837', 'prod_name': 'DGJ Thickening Shampoo', 'waitrose_Qty': '250ml', 'waitrose_discounted_price': '£2.50', 'waitrose_offer_desc': 'Half Price.', 'waitrose_url': 'https://www.waitrose.com/ecom/shop/browse/groceries/toiletries_health_and_beauty/hair_care/shampoo', 'waitrose_rating': '5', 'waitrose_unit_price': '(£1/100ml)', 'waitrose_new_flag': None, 'waitrose_prod_name': 'DGJ Thickening Shampoo 250ml', 'images': []}
DEBUG: Scraped from <200 https://www.waitrose.com/ecom/shop/browse/groceries/toiletries_health_and_beauty/hair_care/shampoo>
{'client': 'Waitrose', 'time': datetime.datetime(2020, 8, 31, 7, 16, 36, 348277), 'category': 'Shampoo', 'id': 'tPp639366-90822-90823', 'prod_name': 'Head & Shoulders Shampoo Classic', 'waitrose_Qty': '500ml', 'waitrose_discounted_price': '£5.15', 'waitrose_offer_desc': None, 'waitrose_url': 'https://www.waitrose.com/ecom/shop/browse/groceries/toiletries_health_and_beauty/hair_care/shampoo', 'waitrose_rating': '3.5', 'waitrose_unit_price': '(£1.03/100ml)', 'waitrose_new_flag': None, 'waitrose_prod_name': 'Head & Shoulders Shampoo Classic 500ml', 'images': []}
DEBUG: Scraped from <200 https://www.waitrose.com/ecom/shop/browse/groceries/toiletries_health_and_beauty/hair_care/shampoo>
{'client': 'Waitrose', 'time': datetime.datetime(2020, 8, 31, 7, 16, 36, 348277), 'category': 'Shampoo', 'id': 'tPp701301-99532-99533', 'prod_name': 'Essential Daily Care Shampoo', 'waitrose_Qty': '300ml', 'waitrose_discounted_price': '80p', 'waitrose_offer_desc': None, 'waitrose_url': 'https://www.waitrose.com/ecom/shop/browse/groceries/toiletries_health_and_beauty/hair_care/shampoo', 'waitrose_rating': '4.1', 'waitrose_unit_price': '(26.7p/100ml)', 'waitrose_new_flag': None, 'waitrose_prod_name': 'Essential Daily Care Shampoo 300ml', 'images': []}
DEBUG: Scraped from <200 https://www.waitrose.com/ecom/shop/browse/groceries/toiletries_health_and_beauty/hair_care/shampoo>
{'client': 'Waitrose', 'time': datetime.datetime(2020, 8, 31, 7, 16, 36, 348277), 'category': 'Shampoo', 'id': 'tPp364793-255761-255762', 'prod_name': 'Aussie Miracle Shine Shampoo', 'waitrose_Qty': '300ml', 'waitrose_discounted_price': '£2.00', 'waitrose_offer_desc': 'Half Price.', 'waitrose_url': 'https://www.waitrose.com/ecom/shop/browse/groceries/toiletries_health_and_beauty/hair_care/shampoo', 'waitrose_rating': None, 'waitrose_unit_price': '(66.7p/100ml)', 'waitrose_new_flag': None, 'waitrose_prod_name': 'Aussie Miracle Shine Shampoo 300ml', 'images': []}
DEBUG: Scraped from <200 https://www.waitrose.com/ecom/shop/browse/groceries/toiletries_health_and_beauty/hair_care/shampoo>
{'client': 'Waitrose', 'time': datetime.datetime(2020, 8, 31, 7, 16, 36, 348277), 'category': 'Shampoo', 'id': 'tPp610920-86669-86670', 'prod_name': 'Sheer Blonde Go Blonder Shampoo', 'waitrose_Qty': '250ml', 'waitrose_discounted_price': '£3.99', 'waitrose_offer_desc': 'Save 1/3.', 'waitrose_url': 'https://www.waitrose.com/ecom/shop/browse/groceries/toiletries_health_and_beauty/hair_care/shampoo', 'waitrose_rating': '3.5', 'waitrose_unit_price': '(£1.60/100ml)', 'waitrose_new_flag': None, 'waitrose_prod_name': 'Sheer Blonde Go Blonder Shampoo 250ml', 'images': []}
DEBUG: Scraped from <200 https://www.waitrose.com/ecom/shop/browse/groceries/toiletries_health_and_beauty/hair_care/shampoo>
{'client': 'Waitrose', 'time': datetime.datetime(2020, 8, 31, 7, 16, 36, 348277), 'category': 'Shampoo', 'id': 'tPp535961-75786-75787', 'prod_name': 'essential Waitrose Nourishing Shampoo', 'waitrose_Qty': '300ml', 'waitrose_discounted_price': '80p', 'waitrose_offer_desc': None, 'waitrose_url': 'https://www.waitrose.com/ecom/shop/browse/groceries/toiletries_health_and_beauty/hair_care/shampoo', 'waitrose_rating': '4.3', 'waitrose_unit_price': '(26.7p/100ml)', 'waitrose_new_flag': None, 'waitrose_prod_name': 'essential Waitrose Nourishing Shampoo 300ml', 'images': []}
DEBUG: Scraped from <200 https://www.waitrose.com/ecom/shop/browse/groceries/toiletries_health_and_beauty/hair_care/shampoo>
{'client': 'Waitrose', 'time': datetime.datetime(2020, 8, 31, 7, 16, 36, 348277), 'category': 'Shampoo', 'id': 'tPp494340-69860-69861', 'prod_name': "Neal's Yard Rose Shampoo", 'waitrose_Qty': '200ml', 'waitrose_discounted_price': '£7.66', 'waitrose_offer_desc': 'Save 1/3.', 'waitrose_url': 'https://www.waitrose.com/ecom/shop/browse/groceries/toiletries_health_and_beauty/hair_care/shampoo', 'waitrose_rating': '3.1', 'waitrose_unit_price': '(£3.83/100ml)', 'waitrose_new_flag': None, 'waitrose_prod_name': "Neal's Yard Rose Shampoo 200ml", 'images': []}
DEBUG: Scraped from <200 https://www.waitrose.com/ecom/shop/browse/groceries/toiletries_health_and_beauty/hair_care/shampoo>
{'client': 'Waitrose', 'time': datetime.datetime(2020, 8, 31, 7, 16, 36, 348277), 'category': 'Shampoo', 'id': 'tPp819563-729788-729789', 'prod_name': 'Aussie Blonde Purple Shampoo', 'waitrose_Qty': '290ml', 'waitrose_discounted_price': '£2.99', 'waitrose_offer_desc': 'Half Price.', 'waitrose_url': 'https://www.waitrose.com/ecom/shop/browse/groceries/toiletries_health_and_beauty/hair_care/shampoo', 'waitrose_rating': None, 'waitrose_unit_price': '(£1.04/100ml)', 'waitrose_new_flag': 'NEW', 'waitrose_prod_name': 'Aussie Blonde Purple Shampoo 290ml', 'images': []}
DEBUG: Scraped from <200 https://www.waitrose.com/ecom/shop/browse/groceries/toiletries_health_and_beauty/hair_care/shampoo>
{'client': 'Waitrose', 'time': datetime.datetime(2020, 8, 31, 7, 16, 36, 348277), 'category': 'Shampoo', 'id': 'tPp775870-724036-724037', 'prod_name': 'Faith in Nature Wild Rose Shampoo', 'waitrose_Qty': '400ml', 'waitrose_discounted_price': '£3.86', 'waitrose_offer_desc': 'Save 1/3.', 'waitrose_url': 'https://www.waitrose.com/ecom/shop/browse/groceries/toiletries_health_and_beauty/hair_care/shampoo', 'waitrose_rating': '5', 'waitrose_unit_price': '(96.5p/100ml)', 'waitrose_new_flag': None, 'waitrose_prod_name': 'Faith in Nature Wild Rose Shampoo 400ml', 'images': []}
DEBUG: Scraped from <200 https://www.waitrose.com/ecom/shop/browse/groceries/toiletries_health_and_beauty/hair_care/shampoo>
{'client': 'Waitrose', 'time': datetime.datetime(2020, 8, 31, 7, 16, 36, 348277), 'category': 'Shampoo', 'id': 'tPp735040-695707-695708', 'prod_name': 'Vosene Kids 3in1 Tea Tree Shampoo', 'waitrose_Qty': '250ml', 'waitrose_discounted_price': '£1.66', 'waitrose_offer_desc': 'Save 1/3.', 'waitrose_url': 'https://www.waitrose.com/ecom/shop/browse/groceries/toiletries_health_and_beauty/hair_care/shampoo', 'waitrose_rating': None, 'waitrose_unit_price': '(66.4p/100ml)', 'waitrose_new_flag': None, 'waitrose_prod_name': 'Vosene Kids 3in1 Tea Tree Shampoo 250ml', 'images': []}
DEBUG: Scraped from <200 https://www.waitrose.com/ecom/shop/browse/groceries/toiletries_health_and_beauty/hair_care/shampoo>
{'client': 'Waitrose', 'time': datetime.datetime(2020, 8, 31, 7, 16, 36, 348277), 'category': 'Shampoo', 'id': 'tPp871494-495182-495183', 'prod_name': 'DGJ Hairjuice Shampoo', 'waitrose_Qty': '250ml', 'waitrose_discounted_price': '£2.50', 'waitrose_offer_desc': 'Half Price.', 'waitrose_url': 'https://www.waitrose.com/ecom/shop/browse/groceries/toiletries_health_and_beauty/hair_care/shampoo', 'waitrose_rating': '5', 'waitrose_unit_price': '(£1/100ml)', 'waitrose_new_flag': None, 'waitrose_prod_name': 'DGJ Hairjuice Shampoo 250ml', 'images': []}
DEBUG: Scraped from <200 https://www.waitrose.com/ecom/shop/browse/groceries/toiletries_health_and_beauty/hair_care/shampoo>
{'client': 'Waitrose', 'time': datetime.datetime(2020, 8, 31, 7, 16, 36, 348277), 'category': 'Shampoo', 'id': 'tPp425163-526469-526470', 'prod_name': 'Frizz Ease Shampoo Miraculous Recovery', 'waitrose_Qty': '250ml', 'waitrose_discounted_price': '£3.99', 'waitrose_offer_desc': 'Save 1/3.', 'waitrose_url': 'https://www.waitrose.com/ecom/shop/browse/groceries/toiletries_health_and_beauty/hair_care/shampoo', 'waitrose_rating': None, 'waitrose_unit_price': '(£1.60/100ml)', 'waitrose_new_flag': None, 'waitrose_prod_name': 'Frizz Ease Shampoo Miraculous Recovery 250ml', 'images': []}
DEBUG: Scraped from <200 https://www.waitrose.com/ecom/shop/browse/groceries/toiletries_health_and_beauty/hair_care/shampoo>
{'client': 'Waitrose', 'time': datetime.datetime(2020, 8, 31, 7, 16, 36, 348277), 'category': 'Shampoo', 'id': 'tPp745828-495012-495013', 'prod_name': 'DGJ Kids Lice Repel Shampoo', 'waitrose_Qty': '250ml', 'waitrose_discounted_price': '£1.75', 'waitrose_offer_desc': 'Half Price.', 'waitrose_url': 'https://www.waitrose.com/ecom/shop/browse/groceries/toiletries_health_and_beauty/hair_care/shampoo', 'waitrose_rating': None, 'waitrose_unit_price': '(70p/100ml)', 'waitrose_new_flag': None, 'waitrose_prod_name': 'DGJ Kids Lice Repel Shampoo 250ml', 'images': []}
DEBUG: Scraped from <200 https://www.waitrose.com/ecom/shop/browse/groceries/toiletries_health_and_beauty/hair_care/shampoo>
{'client': 'Waitrose', 'time': datetime.datetime(2020, 8, 31, 7, 16, 36, 348277), 'category': 'Shampoo', 'id': 'tPp819340-720339-720340', 'prod_name': 'Head & Shoulders Supreme Shampoo', 'waitrose_Qty': '400ml', 'waitrose_discounted_price': '£3.33', 'waitrose_offer_desc': 'Save 1/3.', 'waitrose_url': 'https://www.waitrose.com/ecom/shop/browse/groceries/toiletries_health_and_beauty/hair_care/shampoo', 'waitrose_rating': None, 'waitrose_unit_price': '(83.3p/100ml)', 'waitrose_new_flag': None, 'waitrose_prod_name': 'Head & Shoulders Supreme Shampoo 400ml', 'images': []}
DEBUG: Scraped from <200 https://www.waitrose.com/ecom/shop/browse/groceries/toiletries_health_and_beauty/hair_care/shampoo>
{'client': 'Waitrose', 'time': datetime.datetime(2020, 8, 31, 7, 16, 36, 348277), 'category': 'Shampoo', 'id': 'tPp425124-59787-59788', 'prod_name': 'Brilliant Brunette Protecting Shampoo', 'waitrose_Qty': '250ml', 'waitrose_discounted_price': '£3.99', 'waitrose_offer_desc': 'Save 1/3.', 'waitrose_url': 'https://www.waitrose.com/ecom/shop/browse/groceries/toiletries_health_and_beauty/hair_care/shampoo', 'waitrose_rating': None, 'waitrose_unit_price': '(£1.60/100ml)', 'waitrose_new_flag': None, 'waitrose_prod_name': 'Brilliant Brunette Protecting Shampoo 250ml', 'images': []}
DEBUG: Scraped from <200 https://www.waitrose.com/ecom/shop/browse/groceries/toiletries_health_and_beauty/hair_care/shampoo>
{'client': 'Waitrose', 'time': datetime.datetime(2020, 8, 31, 7, 16, 36, 348277), 'category': 'Shampoo', 'id': 'tPp563832-295347-295348', 'prod_name': 'Argan + Argan Oil 5Oil Miracle Shampoo', 'waitrose_Qty': '300ml', 'waitrose_discounted_price': '£4.00', 'waitrose_offer_desc': 'Save 1/3.', 'waitrose_url': 'https://www.waitrose.com/ecom/shop/browse/groceries/toiletries_health_and_beauty/hair_care/shampoo', 'waitrose_rating': '5', 'waitrose_unit_price': '(£1.34/100ml)', 'waitrose_new_flag': None, 'waitrose_prod_name': 'Argan + Argan Oil 5Oil Miracle Shampoo 300ml', 'images': []}
DEBUG: Scraped from <200 https://www.waitrose.com/ecom/shop/browse/groceries/toiletries_health_and_beauty/hair_care/shampoo>
{'client': 'Waitrose', 'time': datetime.datetime(2020, 8, 31, 7, 16, 36, 348277), 'category': 'Shampoo', 'id': 'tPp810201-352482-352483', 'prod_name': 'Essential Daily Care 2 in 1', 'waitrose_Qty': '300ml', 'waitrose_discounted_price': '80p', 'waitrose_offer_desc': None, 'waitrose_url': 'https://www.waitrose.com/ecom/shop/browse/groceries/toiletries_health_and_beauty/hair_care/shampoo', 'waitrose_rating': '4.3', 'waitrose_unit_price': '(26.7p/100ml)', 'waitrose_new_flag': None, 'waitrose_prod_name': 'Essential Daily Care 2 in 1 300ml', 'images': []}
DEBUG: Scraped from <200 https://www.waitrose.com/ecom/shop/browse/groceries/toiletries_health_and_beauty/hair_care/shampoo>
{'client': 'Waitrose', 'time': datetime.datetime(2020, 8, 31, 7, 16, 36, 348277), 'category': 'Shampoo', 'id': 'tPp435635-694165-694166', 'prod_name': 'Pantene Classic Clean Shampoo', 'waitrose_Qty': '500ml', 'waitrose_discounted_price': '£5.15', 'waitrose_offer_desc': None, 'waitrose_url': 'https://www.waitrose.com/ecom/shop/browse/groceries/toiletries_health_and_beauty/hair_care/shampoo', 'waitrose_rating': None, 'waitrose_unit_price': '(£1.03/100ml)', 'waitrose_new_flag': None, 'waitrose_prod_name': 'Pantene Classic Clean Shampoo 500ml', 'images': []}
DEBUG: Scraped from <200 https://www.waitrose.com/ecom/shop/browse/groceries/toiletries_health_and_beauty/hair_care/shampoo>
{'client': 'Waitrose', 'time': datetime.datetime(2020, 8, 31, 7, 16, 36, 348277), 'category': 'Shampoo', 'id': 'tPp747801-683764-683765', 'prod_name': 'Aussie Shampoo Scent-sational', 'waitrose_Qty': '300ml', 'waitrose_discounted_price': '£2.00', 'waitrose_offer_desc': 'Half Price.', 'waitrose_url': 'https://www.waitrose.com/ecom/shop/browse/groceries/toiletries_health_and_beauty/hair_care/shampoo', 'waitrose_rating': '5', 'waitrose_unit_price': '(66.7p/100ml)', 'waitrose_new_flag': None, 'waitrose_prod_name': 'Aussie Shampoo Scent-sational 300ml', 'images': []}
DEBUG: Scraped from <200 https://www.waitrose.com/ecom/shop/browse/groceries/toiletries_health_and_beauty/hair_care/shampoo>
{'client': 'Waitrose', 'time': datetime.datetime(2020, 8, 31, 7, 16, 36, 348277), 'category': 'Shampoo', 'id': 'tPp824583-694195-694196', 'prod_name': 'Pantene Repair & Protect Shampoo', 'waitrose_Qty': '500ml', 'waitrose_discounted_price': '£3.75', 'waitrose_offer_desc': None, 'waitrose_url': 'https://www.waitrose.com/ecom/shop/browse/groceries/toiletries_health_and_beauty/hair_care/shampoo', 'waitrose_rating': None, 'waitrose_unit_price': '(75p/100ml)', 'waitrose_new_flag': None, 'waitrose_prod_name': 'Pantene Repair & Protect Shampoo 500ml', 'images': []}
DEBUG: Scraped from <200 https://www.waitrose.com/ecom/shop/browse/groceries/toiletries_health_and_beauty/hair_care/shampoo>
{'client': 'Waitrose', 'time': datetime.datetime(2020, 8, 31, 7, 16, 36, 348277), 'category': 'Shampoo', 'id': 'tPp895328-495224-495225', 'prod_name': 'DGJ Kids Detangle Shampoo', 'waitrose_Qty': '250ml', 'waitrose_discounted_price': '£1.75', 'waitrose_offer_desc': 'Half Price.', 'waitrose_url': 'https://www.waitrose.com/ecom/shop/browse/groceries/toiletries_health_and_beauty/hair_care/shampoo', 'waitrose_rating': None, 'waitrose_unit_price': '(70p/100ml)', 'waitrose_new_flag': None, 'waitrose_prod_name': 'DGJ Kids Detangle Shampoo 250ml', 'images': []}
DEBUG: Scraped from <200 https://www.waitrose.com/ecom/shop/browse/groceries/toiletries_health_and_beauty/hair_care/shampoo>
{'client': 'Waitrose', 'time': datetime.datetime(2020, 8, 31, 7, 16, 36, 348277), 'category': 'Shampoo', 'id': 'tPp757780-107799-107800', 'prod_name': 'Head & Shoulders 2in1 Classic Clean', 'waitrose_Qty': '450ml', 'waitrose_discounted_price': '£5.15', 'waitrose_offer_desc': None, 'waitrose_url': 'https://www.waitrose.com/ecom/shop/browse/groceries/toiletries_health_and_beauty/hair_care/shampoo', 'waitrose_rating': '4', 'waitrose_unit_price': '(£1.15/100ml)', 'waitrose_new_flag': None, 'waitrose_prod_name': 'Head & Shoulders 2in1 Classic Clean 450ml', 'images': []}
DEBUG: Scraped from <200 https://www.waitrose.com/ecom/shop/browse/groceries/toiletries_health_and_beauty/hair_care/shampoo>
{'client': 'Waitrose', 'time': datetime.datetime(2020, 8, 31, 7, 16, 36, 348277), 'category': 'Shampoo', 'id': 'tPp847454-724141-724142', 'prod_name': 'Faith in Nature Grapefruit Shampoo', 'waitrose_Qty': '400ml', 'waitrose_discounted_price': '£3.86', 'waitrose_offer_desc': 'Save 1/3.', 'waitrose_url': 'https://www.waitrose.com/ecom/shop/browse/groceries/toiletries_health_and_beauty/hair_care/shampoo', 'waitrose_rating': None, 'waitrose_unit_price': '(96.5p/100ml)', 'waitrose_new_flag': None, 'waitrose_prod_name': 'Faith in Nature Grapefruit Shampoo 400ml', 'images': []}
DEBUG: Scraped from <200 https://www.waitrose.com/ecom/shop/browse/groceries/toiletries_health_and_beauty/hair_care/shampoo>
{'client': 'Waitrose', 'time': datetime.datetime(2020, 8, 31, 7, 16, 36, 348277), 'category': 'Shampoo', 'id': 'tPp538896-720173-720174', 'prod_name': 'Herbal Essences Argan Oil Shampoo', 'waitrose_Qty': '250ml', 'waitrose_discounted_price': '£2.00', 'waitrose_offer_desc': 'Save 1/3.', 'waitrose_url': 'https://www.waitrose.com/ecom/shop/browse/groceries/toiletries_health_and_beauty/hair_care/shampoo', 'waitrose_rating': None, 'waitrose_unit_price': '(80p/100ml)', 'waitrose_new_flag': None, 'waitrose_prod_name': 'Herbal Essences Argan Oil Shampoo 250ml', 'images': []}
DEBUG: Scraped from <200 https://www.waitrose.com/ecom/shop/browse/groceries/toiletries_health_and_beauty/hair_care/shampoo>
{'client': 'Waitrose', 'time': datetime.datetime(2020, 8, 31, 7, 16, 36, 348277), 'category': 'Shampoo', 'id': 'tPp455905-591789-591790', 'prod_name': 'Herbal Essences clean Shampoo', 'waitrose_Qty': '400ml', 'waitrose_discounted_price': '£4.50', 'waitrose_offer_desc': None, 'waitrose_url': 'https://www.waitrose.com/ecom/shop/browse/groceries/toiletries_health_and_beauty/hair_care/shampoo', 'waitrose_rating': None, 'waitrose_unit_price': '(£1.13/100ml)', 'waitrose_new_flag': None, 'waitrose_prod_name': 'Herbal Essences clean Shampoo 400ml', 'images': []}
DEBUG: Scraped from <200 https://www.waitrose.com/ecom/shop/browse/groceries/toiletries_health_and_beauty/hair_care/shampoo>
{'client': 'Waitrose', 'time': datetime.datetime(2020, 8, 31, 7, 16, 36, 348277), 'category': 'Shampoo', 'id': 'tPp502437-720153-720154', 'prod_name': 'Aussie Calm The Frizz Shampoo', 'waitrose_Qty': '300ml', 'waitrose_discounted_price': '£2.00', 'waitrose_offer_desc': 'Half Price.', 'waitrose_url': 'https://www.waitrose.com/ecom/shop/browse/groceries/toiletries_health_and_beauty/hair_care/shampoo', 'waitrose_rating': None, 'waitrose_unit_price': '(66.7p/100ml)', 'waitrose_new_flag': None, 'waitrose_prod_name': 'Aussie Calm The Frizz Shampoo 300ml', 'images': []}
DEBUG: Scraped from <200 https://www.waitrose.com/ecom/shop/browse/groceries/toiletries_health_and_beauty/hair_care/shampoo>
{'client': 'Waitrose', 'time': datetime.datetime(2020, 8, 31, 7, 16, 36, 348277), 'category': 'Shampoo', 'id': 'tPp657721-694179-694180', 'prod_name': 'Pantene 3 in 1 Classic Clean', 'waitrose_Qty': '450ml', 'waitrose_discounted_price': '£3.75', 'waitrose_offer_desc': None, 'waitrose_url': 'https://www.waitrose.com/ecom/shop/browse/groceries/toiletries_health_and_beauty/hair_care/shampoo', 'waitrose_rating': None, 'waitrose_unit_price': '(83.3p/100ml)', 'waitrose_new_flag': None, 'waitrose_prod_name': 'Pantene 3 in 1 Classic Clean 450ml', 'images': []}
DEBUG: Scraped from <200 https://www.waitrose.com/ecom/shop/browse/groceries/toiletries_health_and_beauty/hair_care/shampoo>
{'client': 'Waitrose', 'time': datetime.datetime(2020, 8, 31, 7, 16, 36, 348277), 'category': 'Shampoo', 'id': 'tPp583946-82773-82774', 'prod_name': "Neal's Yard Lavender Shampoo", 'waitrose_Qty': '200ml', 'waitrose_discounted_price': '£7.66', 'waitrose_offer_desc': 'Save 1/3.', 'waitrose_url': 'https://www.waitrose.com/ecom/shop/browse/groceries/toiletries_health_and_beauty/hair_care/shampoo', 'waitrose_rating': '2.3', 'waitrose_unit_price': '(£3.83/100ml)', 'waitrose_new_flag': None, 'waitrose_prod_name': "Neal's Yard Lavender Shampoo 200ml", 'images': []}
DEBUG: Scraped from <200 https://www.waitrose.com/ecom/shop/browse/groceries/toiletries_health_and_beauty/hair_care/shampoo>
{'client': 'Waitrose', 'time': datetime.datetime(2020, 8, 31, 7, 16, 36, 348277), 'category': 'Shampoo', 'id': 'tPp065299-33095-33096', 'prod_name': 'Frizz Ease Dream Curls Shampoo', 'waitrose_Qty': '250ml', 'waitrose_discounted_price': '£3.99', 'waitrose_offer_desc': 'Save 1/3.', 'waitrose_url': 'https://www.waitrose.com/ecom/shop/browse/groceries/toiletries_health_and_beauty/hair_care/shampoo', 'waitrose_rating': '5', 'waitrose_unit_price': '(£1.60/100ml)', 'waitrose_new_flag': None, 'waitrose_prod_name': 'Frizz Ease Dream Curls Shampoo 250ml', 'images': []}
DEBUG: Scraped from <200 https://www.waitrose.com/ecom/shop/browse/groceries/toiletries_health_and_beauty/hair_care/shampoo>
{'client': 'Waitrose', 'time': datetime.datetime(2020, 8, 31, 7, 16, 36, 348277), 'category': 'Shampoo', 'id': 'tPp472240-591833-591834', 'prod_name': 'Herbal Essences Repair Shampoo', 'waitrose_Qty': '400ml', 'waitrose_discounted_price': '£4.50', 'waitrose_offer_desc': None, 'waitrose_url': 'https://www.waitrose.com/ecom/shop/browse/groceries/toiletries_health_and_beauty/hair_care/shampoo', 'waitrose_rating': '5', 'waitrose_unit_price': '(£1.13/100ml)', 'waitrose_new_flag': None, 'waitrose_prod_name': 'Herbal Essences Repair Shampoo 400ml', 'images': []}
DEBUG: Scraped from <200 https://www.waitrose.com/ecom/shop/browse/groceries/toiletries_health_and_beauty/hair_care/shampoo>
{'client': 'Waitrose', 'time': datetime.datetime(2020, 8, 31, 7, 16, 36, 348277), 'category': 'Shampoo', 'id': 'tPp464815-154487-154488', 'prod_name': 'Batiste original dry shampoo', 'waitrose_Qty': '200ml', 'waitrose_discounted_price': '£3.00', 'waitrose_offer_desc': None, 'waitrose_url': 'https://www.waitrose.com/ecom/shop/browse/groceries/toiletries_health_and_beauty/hair_care/shampoo', 'waitrose_rating': '5', 'waitrose_unit_price': '(£1.50/100ml)', 'waitrose_new_flag': None, 'waitrose_prod_name': 'Batiste original dry shampoo 200ml', 'images': []}
DEBUG: Scraped from <200 https://www.waitrose.com/ecom/shop/browse/groceries/toiletries_health_and_beauty/hair_care/shampoo>
{'client': 'Waitrose', 'time': datetime.datetime(2020, 8, 31, 7, 16, 36, 348277), 'category': 'Shampoo', 'id': 'tPp502050-631293-631294', 'prod_name': 'Hask Argan Oil Repairing Shampoo', 'waitrose_Qty': '355ml', 'waitrose_discounted_price': '£4.66', 'waitrose_offer_desc': 'Save 1/3.', 'waitrose_url': 'https://www.waitrose.com/ecom/shop/browse/groceries/toiletries_health_and_beauty/hair_care/shampoo', 'waitrose_rating': '3.7', 'waitrose_unit_price': '(£1.32/100ml)', 'waitrose_new_flag': None, 'waitrose_prod_name': 'Hask Argan Oil Repairing Shampoo 355ml', 'images': []}
DEBUG: Scraped from <200 https://www.waitrose.com/ecom/shop/browse/groceries/toiletries_health_and_beauty/hair_care/shampoo>
{'client': 'Waitrose', 'time': datetime.datetime(2020, 8, 31, 7, 16, 36, 348277), 'category': 'Shampoo', 'id': 'tPp740653-352034-352035', 'prod_name': 'essential Waitrose Anti-Dandruff 2 in 1', 'waitrose_Qty': '300ml', 'waitrose_discounted_price': '£1.00', 'waitrose_offer_desc': None, 'waitrose_url': 'https://www.waitrose.com/ecom/shop/browse/groceries/toiletries_health_and_beauty/hair_care/shampoo', 'waitrose_rating': '4', 'waitrose_unit_price': '(33.3p/100ml)', 'waitrose_new_flag': None, 'waitrose_prod_name': 'essential Waitrose Anti-Dandruff 2 in 1 300ml', 'images': []}
DEBUG: Scraped from <200 https://www.waitrose.com/ecom/shop/browse/groceries/toiletries_health_and_beauty/hair_care/shampoo>
{'client': 'Waitrose', 'time': datetime.datetime(2020, 8, 31, 7, 16, 36, 348277), 'category': 'Shampoo', 'id': 'tPp582132-472091-472092', 'prod_name': 'Ogx Argan Oil Morocco Shampoo', 'waitrose_Qty': '385ml', 'waitrose_discounted_price': '£7.00', 'waitrose_offer_desc': None, 'waitrose_url': 'https://www.waitrose.com/ecom/shop/browse/groceries/toiletries_health_and_beauty/hair_care/shampoo', 'waitrose_rating': '4', 'waitrose_unit_price': '(£1.82/100ml)', 'waitrose_new_flag': None, 'waitrose_prod_name': 'Ogx Argan Oil Morocco Shampoo 385ml', 'images': []}
DEBUG: Scraped from <200 https://www.waitrose.com/ecom/shop/browse/groceries/toiletries_health_and_beauty/hair_care/shampoo>
{'client': 'Waitrose', 'time': datetime.datetime(2020, 8, 31, 7, 16, 36, 348277), 'category': 'Shampoo', 'id': 'tPp402915-526384-526385', 'prod_name': 'John Frieda Violet Crush Shampoo', 'waitrose_Qty': '250ml', 'waitrose_discounted_price': '£3.99', 'waitrose_offer_desc': 'Save 1/3.', 'waitrose_url': 'https://www.waitrose.com/ecom/shop/browse/groceries/toiletries_health_and_beauty/hair_care/shampoo', 'waitrose_rating': '5', 'waitrose_unit_price': '(£1.60/100ml)', 'waitrose_new_flag': None, 'waitrose_prod_name': 'John Frieda Violet Crush Shampoo 250ml', 'images': []}
DEBUG: Scraped from <200 https://www.waitrose.com/ecom/shop/browse/groceries/toiletries_health_and_beauty/hair_care/shampoo>
{'client': 'Waitrose', 'time': datetime.datetime(2020, 8, 31, 7, 16, 36, 348277), 'category': 'Shampoo', 'id': 'tPp755186-495024-495025', 'prod_name': 'DGJ Colour Save Shampoo', 'waitrose_Qty': '250ml', 'waitrose_discounted_price': '£2.50', 'waitrose_offer_desc': 'Half Price.', 'waitrose_url': 'https://www.waitrose.com/ecom/shop/browse/groceries/toiletries_health_and_beauty/hair_care/shampoo', 'waitrose_rating': None, 'waitrose_unit_price': '(£1/100ml)', 'waitrose_new_flag': None, 'waitrose_prod_name': 'DGJ Colour Save Shampoo 250ml', 'images': []}
DEBUG: Scraped from <200 https://www.waitrose.com/ecom/shop/browse/groceries/toiletries_health_and_beauty/hair_care/shampoo>
{'client': 'Waitrose', 'time': datetime.datetime(2020, 8, 31, 7, 16, 36, 348277), 'category': 'Shampoo', 'id': 'tPp702159-494964-494965', 'prod_name': 'DGJ Argan Oil Shampoo', 'waitrose_Qty': '250ml', 'waitrose_discounted_price': '£2.50', 'waitrose_offer_desc': 'Half Price.', 'waitrose_url': 'https://www.waitrose.com/ecom/shop/browse/groceries/toiletries_health_and_beauty/hair_care/shampoo', 'waitrose_rating': None, 'waitrose_unit_price': '(£1/100ml)', 'waitrose_new_flag': None, 'waitrose_prod_name': 'DGJ Argan Oil Shampoo 250ml', 'images': []}
DEBUG: Scraped from <200 https://www.waitrose.com/ecom/shop/browse/groceries/toiletries_health_and_beauty/hair_care/shampoo>
{'client': 'Waitrose', 'time': datetime.datetime(2020, 8, 31, 7, 16, 36, 348277), 'category': 'Shampoo', 'id': 'tPp687186-337057-337058', 'prod_name': 'Argan + Argan Oil Rejuvenating Shampoo', 'waitrose_Qty': '300ml', 'waitrose_discounted_price': '£4.00', 'waitrose_offer_desc': 'Save 1/3.', 'waitrose_url': 'https://www.waitrose.com/ecom/shop/browse/groceries/toiletries_health_and_beauty/hair_care/shampoo', 'waitrose_rating': '5', 'waitrose_unit_price': '(£1.34/100ml)', 'waitrose_new_flag': None, 'waitrose_prod_name': 'Argan + Argan Oil Rejuvenating Shampoo 300ml', 'images': []}
DEBUG: Scraped from <200 https://www.waitrose.com/ecom/shop/browse/groceries/toiletries_health_and_beauty/hair_care/shampoo>
{'client': 'Waitrose', 'time': datetime.datetime(2020, 8, 31, 7, 16, 36, 348277), 'category': 'Shampoo', 'id': 'tPp725068-723986-723987', 'prod_name': 'Faith in Nature Lavender Shampoo', 'waitrose_Qty': '400ml', 'waitrose_discounted_price': '£3.86', 'waitrose_offer_desc': 'Save 1/3.', 'waitrose_url': 'https://www.waitrose.com/ecom/shop/browse/groceries/toiletries_health_and_beauty/hair_care/shampoo', 'waitrose_rating': None, 'waitrose_unit_price': '(96.5p/100ml)', 'waitrose_new_flag': None, 'waitrose_prod_name': 'Faith in Nature Lavender Shampoo 400ml', 'images': []}
DEBUG: Scraped from <200 https://www.waitrose.com/ecom/shop/browse/groceries/toiletries_health_and_beauty/hair_care/shampoo>
{'client': 'Waitrose', 'time': datetime.datetime(2020, 8, 31, 7, 16, 36, 348277), 'category': 'Shampoo', 'id': 'tPp711086-652694-652695', 'prod_name': 'Head & Shoulders Supreme Moisture', 'waitrose_Qty': '400ml', 'waitrose_discounted_price': '£3.43', 'waitrose_offer_desc': 'Save 1/3.', 'waitrose_url': 'https://www.waitrose.com/ecom/shop/browse/groceries/toiletries_health_and_beauty/hair_care/shampoo', 'waitrose_rating': None, 'waitrose_unit_price': '(85.8p/100ml)', 'waitrose_new_flag': None, 'waitrose_prod_name': 'Head & Shoulders Supreme Moisture 400ml', 'images': []}
DEBUG: Scraped from <200 https://www.waitrose.com/ecom/shop/browse/groceries/toiletries_health_and_beauty/hair_care/shampoo>
{'client': 'Waitrose', 'time': datetime.datetime(2020, 8, 31, 7, 16, 36, 348277), 'category': 'Shampoo', 'id': 'tPp051100-25409-25410', 'prod_name': 'Sheer Blonde Moisturising Shampoo', 'waitrose_Qty': '250ml', 'waitrose_discounted_price': '£3.99', 'waitrose_offer_desc': 'Save 1/3.', 'waitrose_url': 'https://www.waitrose.com/ecom/shop/browse/groceries/toiletries_health_and_beauty/hair_care/shampoo', 'waitrose_rating': '3', 'waitrose_unit_price': '(£1.60/100ml)', 'waitrose_new_flag': None, 'waitrose_prod_name': 'Sheer Blonde Moisturising Shampoo 250ml', 'images': []}
DEBUG: Scraped from <200 https://www.waitrose.com/ecom/shop/browse/groceries/toiletries_health_and_beauty/hair_care/shampoo>
{'client': 'Waitrose', 'time': datetime.datetime(2020, 8, 31, 7, 16, 36, 348277), 'category': 'Shampoo', 'id': 'tPp836753-694201-694202', 'prod_name': 'Pantene Volume & Body Shampoo', 'waitrose_Qty': '500ml', 'waitrose_discounted_price': '£5.15', 'waitrose_offer_desc': None, 'waitrose_url': 'https://www.waitrose.com/ecom/shop/browse/groceries/toiletries_health_and_beauty/hair_care/shampoo', 'waitrose_rating': None, 'waitrose_unit_price': '(£1.03/100ml)', 'waitrose_new_flag': None, 'waitrose_prod_name': 'Pantene Volume & Body Shampoo 500ml', 'images': []}
DEBUG: Scraped from <200 https://www.waitrose.com/ecom/shop/browse/groceries/toiletries_health_and_beauty/hair_care/shampoo>
{'client': 'Waitrose', 'time': datetime.datetime(2020, 8, 31, 7, 16, 36, 348277), 'category': 'Shampoo', 'id': 'tPp582132-472091-472092', 'prod_name': 'Ogx Argan Oil Morocco Shampoo', 'waitrose_Qty': '385ml', 'waitrose_discounted_price': '£7.00', 'waitrose_offer_desc': None, 'waitrose_url': 'https://www.waitrose.com/ecom/shop/browse/groceries/toiletries_health_and_beauty/hair_care/shampoo', 'waitrose_rating': '4', 'waitrose_unit_price': '(£1.82/100ml)', 'waitrose_new_flag': None, 'waitrose_prod_name': 'Ogx Argan Oil Morocco Shampoo 385ml', 'images': []}
DEBUG: Scraped from <200 https://www.waitrose.com/ecom/shop/browse/groceries/toiletries_health_and_beauty/hair_care/shampoo>
{'client': 'Waitrose', 'time': datetime.datetime(2020, 8, 31, 7, 16, 36, 348277), 'category': 'Shampoo', 'id': 'tPp882824-154983-154984', 'prod_name': 'Head & Shoulders itchy scalp shampoo', 'waitrose_Qty': '500ml', 'waitrose_discounted_price': '£5.15', 'waitrose_offer_desc': None, 'waitrose_url': 'https://www.waitrose.com/ecom/shop/browse/groceries/toiletries_health_and_beauty/hair_care/shampoo', 'waitrose_rating': '5', 'waitrose_unit_price': '(£1.03/100ml)', 'waitrose_new_flag': None, 'waitrose_prod_name': 'Head & Shoulders itchy scalp shampoo 500ml', 'images': []}
DEBUG: Scraped from <200 https://www.waitrose.com/ecom/shop/browse/groceries/toiletries_health_and_beauty/hair_care/shampoo>
{'client': 'Waitrose', 'time': datetime.datetime(2020, 8, 31, 7, 16, 36, 348277), 'category': 'Shampoo', 'id': 'tPp844892-695845-695846', 'prod_name': 'Head & Shoulders Colour Protect', 'waitrose_Qty': '400ml', 'waitrose_discounted_price': '£3.33', 'waitrose_offer_desc': 'Save 1/3.', 'waitrose_url': 'https://www.waitrose.com/ecom/shop/browse/groceries/toiletries_health_and_beauty/hair_care/shampoo', 'waitrose_rating': None, 'waitrose_unit_price': '(83.3p/100ml)', 'waitrose_new_flag': None, 'waitrose_prod_name': 'Head & Shoulders Colour Protect 400ml', 'images': []}
DEBUG: Scraped from <200 https://www.waitrose.com/ecom/shop/browse/groceries/toiletries_health_and_beauty/hair_care/shampoo>
{'client': 'Waitrose', 'time': datetime.datetime(2020, 8, 31, 7, 16, 36, 348277), 'category': 'Shampoo', 'id': 'tPp755349-720291-720292', 'prod_name': 'Herbal Essences Aloe & Mango Shampoo', 'waitrose_Qty': '380ml', 'waitrose_discounted_price': '£4.50', 'waitrose_offer_desc': None, 'waitrose_url': 'https://www.waitrose.com/ecom/shop/browse/groceries/toiletries_health_and_beauty/hair_care/shampoo', 'waitrose_rating': None, 'waitrose_unit_price': '(£1.19/100ml)', 'waitrose_new_flag': None, 'waitrose_prod_name': 'Herbal Essences Aloe & Mango Shampoo 380ml', 'images': []}
DEBUG: Scraped from <200 https://www.waitrose.com/ecom/shop/browse/groceries/toiletries_health_and_beauty/hair_care/shampoo>
{'client': 'Waitrose', 'time': datetime.datetime(2020, 8, 31, 7, 16, 36, 348277), 'category': 'Shampoo', 'id': 'tPp486943-68769-68770', 'prod_name': 'Head & Shoulders 2in1 classic clean', 'waitrose_Qty': '225ml', 'waitrose_discounted_price': '£3.00', 'waitrose_offer_desc': None, 'waitrose_url': 'https://www.waitrose.com/ecom/shop/browse/groceries/toiletries_health_and_beauty/hair_care/shampoo', 'waitrose_rating': '4', 'waitrose_unit_price': '(£1.34/100ml)', 'waitrose_new_flag': None, 'waitrose_prod_name': 'Head & Shoulders 2in1 classic clean 225ml', 'images': []}
DEBUG: Scraped from <200 https://www.waitrose.com/ecom/shop/browse/groceries/toiletries_health_and_beauty/hair_care/shampoo>
{'client': 'Waitrose', 'time': datetime.datetime(2020, 8, 31, 7, 16, 36, 348277), 'category': 'Shampoo', 'id': 'tPp062495-31737-31738', 'prod_name': 'Neutrogena T/Gel shampoo dry hair', 'waitrose_Qty': '125ml', 'waitrose_discounted_price': '£5.15', 'waitrose_offer_desc': None, 'waitrose_url': 'https://www.waitrose.com/ecom/shop/browse/groceries/toiletries_health_and_beauty/hair_care/shampoo', 'waitrose_rating': None, 'waitrose_unit_price': '(£4.12/100ml)', 'waitrose_new_flag': None, 'waitrose_prod_name': 'Neutrogena T/Gel shampoo dry hair 125ml', 'images': []}
DEBUG: Scraped from <200 https://www.waitrose.com/ecom/shop/browse/groceries/toiletries_health_and_beauty/hair_care/shampoo>
{'client': 'Waitrose', 'time': datetime.datetime(2020, 8, 31, 7, 16, 36, 348277), 'category': 'Shampoo', 'id': 'tPp839781-154875-154876', 'prod_name': 'Aussie miracle moist shampoo', 'waitrose_Qty': '500ml', 'waitrose_discounted_price': '£6.15', 'waitrose_offer_desc': None, 'waitrose_url': 'https://www.waitrose.com/ecom/shop/browse/groceries/toiletries_health_and_beauty/hair_care/shampoo', 'waitrose_rating': None, 'waitrose_unit_price': '(£1.23/100ml)', 'waitrose_new_flag': None, 'waitrose_prod_name': 'Aussie miracle moist shampoo 500ml', 'images': []}
DEBUG: Scraped from <200 https://www.waitrose.com/ecom/shop/browse/groceries/toiletries_health_and_beauty/hair_care/shampoo>
{'client': 'Waitrose', 'time': datetime.datetime(2020, 8, 31, 7, 16, 36, 348277), 'category': 'Shampoo', 'id': 'tPp884562-720413-720414', 'prod_name': 'Maui Moisture Shea Butter Shampoo', 'waitrose_Qty': '385ml', 'waitrose_discounted_price': '£6.00', 'waitrose_offer_desc': 'Save 1/3.', 'waitrose_url': 'https://www.waitrose.com/ecom/shop/browse/groceries/toiletries_health_and_beauty/hair_care/shampoo', 'waitrose_rating': None, 'waitrose_unit_price': '(£1.56/100ml)', 'waitrose_new_flag': None, 'waitrose_prod_name': 'Maui Moisture Shea Butter Shampoo 385ml', 'images': []}
DEBUG: Scraped from <200 https://www.waitrose.com/ecom/shop/browse/groceries/toiletries_health_and_beauty/hair_care/shampoo>
{'client': 'Waitrose', 'time': datetime.datetime(2020, 8, 31, 7, 16, 36, 348277), 'category': 'Shampoo', 'id': 'tPp645178-695617-695618', 'prod_name': 'John Frieda Shampoo Weightless Wonder', 'waitrose_Qty': '250ml', 'waitrose_discounted_price': '£3.99', 'waitrose_offer_desc': 'Save 1/3.', 'waitrose_url': 'https://www.waitrose.com/ecom/shop/browse/groceries/toiletries_health_and_beauty/hair_care/shampoo', 'waitrose_rating': '4.6', 'waitrose_unit_price': '(£1.60/100ml)', 'waitrose_new_flag': None, 'waitrose_prod_name': 'John Frieda Shampoo Weightless Wonder 250ml', 'images': []}
DEBUG: Scraped from <200 https://www.waitrose.com/ecom/shop/browse/groceries/toiletries_health_and_beauty/hair_care/shampoo>
{'client': 'Waitrose', 'time': datetime.datetime(2020, 8, 31, 7, 16, 36, 348277), 'category': 'Shampoo', 'id': 'tPp414862-695397-695398', 'prod_name': 'Noughty Wave Hello Shampoo', 'waitrose_Qty': '250ml', 'waitrose_discounted_price': '£4.66', 'waitrose_offer_desc': 'Save 1/3.', 'waitrose_url': 'https://www.waitrose.com/ecom/shop/browse/groceries/toiletries_health_and_beauty/hair_care/shampoo', 'waitrose_rating': None, 'waitrose_unit_price': '(£1.87/100ml)', 'waitrose_new_flag': None, 'waitrose_prod_name': 'Noughty Wave Hello Shampoo 250ml', 'images': []}
DEBUG: Scraped from <200 https://www.waitrose.com/ecom/shop/browse/groceries/toiletries_health_and_beauty/hair_care/shampoo>
{'client': 'Waitrose', 'time': datetime.datetime(2020, 8, 31, 7, 16, 36, 348277), 'category': 'Shampoo', 'id': 'tPp756229-563906-563907', 'prod_name': 'Head & Shoulders 2 in 1 Total Care', 'waitrose_Qty': '225ml', 'waitrose_discounted_price': '£3.00', 'waitrose_offer_desc': None, 'waitrose_url': 'https://www.waitrose.com/ecom/shop/browse/groceries/toiletries_health_and_beauty/hair_care/shampoo', 'waitrose_rating': None, 'waitrose_unit_price': '(£1.34/100ml)', 'waitrose_new_flag': None, 'waitrose_prod_name': 'Head & Shoulders 2 in 1 Total Care 225ml', 'images': []}
DEBUG: Scraped from <200 https://www.waitrose.com/ecom/shop/browse/groceries/toiletries_health_and_beauty/hair_care/shampoo>
{'client': 'Waitrose', 'time': datetime.datetime(2020, 8, 31, 7, 16, 36, 348277), 'category': 'Shampoo', 'id': 'tPp492466-631281-631282', 'prod_name': 'Hask Keratin Protein Smoothing Shampoo', 'waitrose_Qty': '355ml', 'waitrose_discounted_price': '£4.66', 'waitrose_offer_desc': 'Save 1/3.', 'waitrose_url': 'https://www.waitrose.com/ecom/shop/browse/groceries/toiletries_health_and_beauty/hair_care/shampoo', 'waitrose_rating': None, 'waitrose_unit_price': '(£1.32/100ml)', 'waitrose_new_flag': None, 'waitrose_prod_name': 'Hask Keratin Protein Smoothing Shampoo 355ml', 'images': []}
DEBUG: Scraped from <200 https://www.waitrose.com/ecom/shop/browse/groceries/toiletries_health_and_beauty/hair_care/shampoo>
{'client': 'Waitrose', 'time': datetime.datetime(2020, 8, 31, 7, 16, 36, 348277), 'category': 'Shampoo', 'id': 'tPp895244-495222-495223', 'prod_name': 'DGJ Clarifying Shampoo', 'waitrose_Qty': '250ml', 'waitrose_discounted_price': '£2.50', 'waitrose_offer_desc': 'Half Price.', 'waitrose_url': 'https://www.waitrose.com/ecom/shop/browse/groceries/toiletries_health_and_beauty/hair_care/shampoo', 'waitrose_rating': None, 'waitrose_unit_price': '(£1/100ml)', 'waitrose_new_flag': None, 'waitrose_prod_name': 'DGJ Clarifying Shampoo 250ml', 'images': []}
DEBUG: Scraped from <200 https://www.waitrose.com/ecom/shop/browse/groceries/toiletries_health_and_beauty/hair_care/shampoo>
{'client': 'Waitrose', 'time': datetime.datetime(2020, 8, 31, 7, 16, 36, 348277), 'category': 'Shampoo', 'id': 'tPp821139-694191-694192', 'prod_name': 'Pantene Smooth & Sleek Shampoo', 'waitrose_Qty': '500ml', 'waitrose_discounted_price': '£5.15', 'waitrose_offer_desc': None, 'waitrose_url': 'https://www.waitrose.com/ecom/shop/browse/groceries/toiletries_health_and_beauty/hair_care/shampoo', 'waitrose_rating': None, 'waitrose_unit_price': '(£1.03/100ml)', 'waitrose_new_flag': None, 'waitrose_prod_name': 'Pantene Smooth & Sleek Shampoo 500ml', 'images': []}
DEBUG: Scraped from <200 https://www.waitrose.com/ecom/shop/browse/groceries/toiletries_health_and_beauty/hair_care/shampoo>
{'client': 'Waitrose', 'time': datetime.datetime(2020, 8, 31, 7, 16, 36, 348277), 'category': 'Shampoo', 'id': 'tPp047805-23664-23665', 'prod_name': 'Avalon Organics tea tree shampoo', 'waitrose_Qty': '325ml', 'waitrose_discounted_price': '£7.00', 'waitrose_offer_desc': None, 'waitrose_url': 'https://www.waitrose.com/ecom/shop/browse/groceries/toiletries_health_and_beauty/hair_care/shampoo', 'waitrose_rating': '4.9', 'waitrose_unit_price': '(£2.16/100ml)', 'waitrose_new_flag': None, 'waitrose_prod_name': 'Avalon Organics tea tree shampoo 325ml', 'images': []}
DEBUG: Scraped from <200 https://www.waitrose.com/ecom/shop/browse/groceries/toiletries_health_and_beauty/hair_care/shampoo>
{'client': 'Waitrose', 'time': datetime.datetime(2020, 8, 31, 7, 16, 36, 348277), 'category': 'Shampoo', 'id': 'tPp490113-591883-591884', 'prod_name': 'Herbal Essences Volume Shampoo', 'waitrose_Qty': '400ml', 'waitrose_discounted_price': '£4.50', 'waitrose_offer_desc': None, 'waitrose_url': 'https://www.waitrose.com/ecom/shop/browse/groceries/toiletries_health_and_beauty/hair_care/shampoo', 'waitrose_rating': '5', 'waitrose_unit_price': '(£1.13/100ml)', 'waitrose_new_flag': None, 'waitrose_prod_name': 'Herbal Essences Volume Shampoo 400ml', 'images': []}
DEBUG: Scraped from <200 https://www.waitrose.com/ecom/shop/browse/groceries/toiletries_health_and_beauty/hair_care/shampoo>
{'client': 'Waitrose', 'time': datetime.datetime(2020, 8, 31, 7, 16, 36, 348277), 'category': 'Shampoo', 'id': 'tPp407453-471203-471204', 'prod_name': 'Ogx Biotin & Collagen Shampoo', 'waitrose_Qty': '385ml', 'waitrose_discounted_price': '£7.00', 'waitrose_offer_desc': None, 'waitrose_url': 'https://www.waitrose.com/ecom/shop/browse/groceries/toiletries_health_and_beauty/hair_care/shampoo', 'waitrose_rating': None, 'waitrose_unit_price': '(£1.82/100ml)', 'waitrose_new_flag': None, 'waitrose_prod_name': 'Ogx Biotin & Collagen Shampoo 385ml', 'images': []}
DEBUG: Scraped from <200 https://www.waitrose.com/ecom/shop/browse/groceries/toiletries_health_and_beauty/hair_care/shampoo>
{'client': 'Waitrose', 'time': datetime.datetime(2020, 8, 31, 7, 16, 36, 348277), 'category': 'Shampoo', 'id': 'tPp868154-695990-695991', 'prod_name': 'Hair Biology Purple Shampoo', 'waitrose_Qty': '250ml', 'waitrose_discounted_price': '£4.50', 'waitrose_offer_desc': None, 'waitrose_url': 'https://www.waitrose.com/ecom/shop/browse/groceries/toiletries_health_and_beauty/hair_care/shampoo', 'waitrose_rating': None, 'waitrose_unit_price': '(£1.80/100ml)', 'waitrose_new_flag': None, 'waitrose_prod_name': 'Hair Biology Purple Shampoo 250ml', 'images': []}
DEBUG: Scraped from <200 https://www.waitrose.com/ecom/shop/browse/groceries/toiletries_health_and_beauty/hair_care/shampoo>
{'client': 'Waitrose', 'time': datetime.datetime(2020, 8, 31, 7, 16, 36, 348277), 'category': 'Shampoo', 'id': 'tPp530991-695493-695494', 'prod_name': 'John Frieda Shampoo Detox & Repair', 'waitrose_Qty': '250ml', 'waitrose_discounted_price': '£3.99', 'waitrose_offer_desc': 'Save 1/3.', 'waitrose_url': 'https://www.waitrose.com/ecom/shop/browse/groceries/toiletries_health_and_beauty/hair_care/shampoo', 'waitrose_rating': None, 'waitrose_unit_price': '(£1.60/100ml)', 'waitrose_new_flag': None, 'waitrose_prod_name': 'John Frieda Shampoo Detox & Repair 250ml', 'images': []}
DEBUG: Scraped from <200 https://www.waitrose.com/ecom/shop/browse/groceries/toiletries_health_and_beauty/hair_care/shampoo>
{'client': 'Waitrose', 'time': datetime.datetime(2020, 8, 31, 7, 16, 36, 348277), 'category': 'Shampoo', 'id': 'tPp816738-442231-442232', 'prod_name': 'SensSpa Nourishing Shampoo', 'waitrose_Qty': '250ml', 'waitrose_discounted_price': '£4.00', 'waitrose_offer_desc': 'Save 1/3.', 'waitrose_url': 'https://www.waitrose.com/ecom/shop/browse/groceries/toiletries_health_and_beauty/hair_care/shampoo', 'waitrose_rating': '2.6', 'waitrose_unit_price': '(£1.60/100ml)', 'waitrose_new_flag': None, 'waitrose_prod_name': 'SensSpa Nourishing Shampoo 250ml', 'images': []}
DEBUG: Scraped from <200 https://www.waitrose.com/ecom/shop/browse/groceries/toiletries_health_and_beauty/hair_care/shampoo>
{'client': 'Waitrose', 'time': datetime.datetime(2020, 8, 31, 7, 16, 36, 348277), 'category': 'Shampoo', 'id': 'tPp852396-695857-695858', 'prod_name': 'BECO. Honey Blossom Shampoo Bar', 'waitrose_Qty': '90g', 'waitrose_discounted_price': '£4.00', 'waitrose_offer_desc': None, 'waitrose_url': 'https://www.waitrose.com/ecom/shop/browse/groceries/toiletries_health_and_beauty/hair_care/shampoo', 'waitrose_rating': '4.9', 'waitrose_unit_price': '(£4.45/100g)', 'waitrose_new_flag': None, 'waitrose_prod_name': 'BECO. Honey Blossom Shampoo Bar 90g', 'images': []}
DEBUG: Scraped from <200 https://www.waitrose.com/ecom/shop/browse/groceries/toiletries_health_and_beauty/hair_care/shampoo>
{'client': 'Waitrose', 'time': datetime.datetime(2020, 8, 31, 7, 16, 36, 348277), 'category': 'Shampoo', 'id': 'tPp855140-216863-216864', 'prod_name': 'Ogx Coconut Milk Shampoo', 'waitrose_Qty': '385ml', 'waitrose_discounted_price': '£7.00', 'waitrose_offer_desc': None, 'waitrose_url': 'https://www.waitrose.com/ecom/shop/browse/groceries/toiletries_health_and_beauty/hair_care/shampoo', 'waitrose_rating': '5', 'waitrose_unit_price': '(£1.82/100ml)', 'waitrose_new_flag': None, 'waitrose_prod_name': 'Ogx Coconut Milk Shampoo 385ml', 'images': []}
DEBUG: Scraped from <200 https://www.waitrose.com/ecom/shop/browse/groceries/toiletries_health_and_beauty/hair_care/shampoo>
{'client': 'Waitrose', 'time': datetime.datetime(2020, 8, 31, 7, 16, 36, 348277), 'category': 'Shampoo', 'id': 'tPp581617-694173-694174', 'prod_name': 'Pantene Colour Protect Shampoo', 'waitrose_Qty': '500ml', 'waitrose_discounted_price': '£5.15', 'waitrose_offer_desc': None, 'waitrose_url': 'https://www.waitrose.com/ecom/shop/browse/groceries/toiletries_health_and_beauty/hair_care/shampoo', 'waitrose_rating': None, 'waitrose_unit_price': '(£1.03/100ml)', 'waitrose_new_flag': None, 'waitrose_prod_name': 'Pantene Colour Protect Shampoo 500ml', 'images': []}
DEBUG: Scraped from <200 https://www.waitrose.com/ecom/shop/browse/groceries/toiletries_health_and_beauty/hair_care/shampoo>
{'client': 'Waitrose', 'time': datetime.datetime(2020, 8, 31, 7, 16, 36, 348277), 'category': 'Shampoo', 'id': 'tPp778297-720309-720310', 'prod_name': 'Pantene Grow Strong Shampoo', 'waitrose_Qty': '400ml', 'waitrose_discounted_price': '£3.75', 'waitrose_offer_desc': None, 'waitrose_url': 'https://www.waitrose.com/ecom/shop/browse/groceries/toiletries_health_and_beauty/hair_care/shampoo', 'waitrose_rating': None, 'waitrose_unit_price': '(93.8p/100ml)', 'waitrose_new_flag': None, 'waitrose_prod_name': 'Pantene Grow Strong Shampoo 400ml', 'images': []}
DEBUG: Scraped from <200 https://www.waitrose.com/ecom/shop/browse/groceries/toiletries_health_and_beauty/hair_care/shampoo>
{'client': 'Waitrose', 'time': datetime.datetime(2020, 8, 31, 7, 16, 36, 348277), 'category': 'Shampoo', 'id': 'tPp432893-216691-216692', 'prod_name': 'Head & Shoulders Shampoo Apple Fresh', 'waitrose_Qty': '500ml', 'waitrose_discounted_price': '£5.15', 'waitrose_offer_desc': None, 'waitrose_url': 'https://www.waitrose.com/ecom/shop/browse/groceries/toiletries_health_and_beauty/hair_care/shampoo', 'waitrose_rating': None, 'waitrose_unit_price': '(£1.03/100ml)', 'waitrose_new_flag': None, 'waitrose_prod_name': 'Head & Shoulders Shampoo Apple Fresh 500ml', 'images': []}
DEBUG: Scraped from <200 https://www.waitrose.com/ecom/shop/browse/groceries/toiletries_health_and_beauty/hair_care/shampoo>
{'client': 'Waitrose', 'time': datetime.datetime(2020, 8, 31, 7, 16, 36, 348277), 'category': 'Shampoo', 'id': 'tPp032765-16025-16026', 'prod_name': "L'Oréal kids shampoo berry strawberry", 'waitrose_Qty': '250ml', 'waitrose_discounted_price': '£2.00', 'waitrose_offer_desc': None, 'waitrose_url': 'https://www.waitrose.com/ecom/shop/browse/groceries/toiletries_health_and_beauty/hair_care/shampoo', 'waitrose_rating': None, 'waitrose_unit_price': '(80p/100ml)', 'waitrose_new_flag': None, 'waitrose_prod_name': "L'Oréal kids shampoo berry strawberry 250ml", 'images': []}
DEBUG: Scraped from <200 https://www.waitrose.com/ecom/shop/browse/groceries/toiletries_health_and_beauty/hair_care/shampoo>
{'client': 'Waitrose', 'time': datetime.datetime(2020, 8, 31, 7, 16, 36, 348277), 'category': 'Shampoo', 'id': 'tPp865734-216867-216868', 'prod_name': 'Ogx Argan Oil of Morocco Shampoo', 'waitrose_Qty': '385ml', 'waitrose_discounted_price': '£7.00', 'waitrose_offer_desc': None, 'waitrose_url': 'https://www.waitrose.com/ecom/shop/browse/groceries/toiletries_health_and_beauty/hair_care/shampoo', 'waitrose_rating': '3.4', 'waitrose_unit_price': '(£1.82/100ml)', 'waitrose_new_flag': None, 'waitrose_prod_name': 'Ogx Argan Oil of Morocco Shampoo 385ml', 'images': []}
DEBUG: Scraped from <200 https://www.waitrose.com/ecom/shop/browse/groceries/toiletries_health_and_beauty/hair_care/shampoo>
{'client': 'Waitrose', 'time': datetime.datetime(2020, 8, 31, 7, 16, 36, 348277), 'category': 'Shampoo', 'id': 'tPp735751-154731-154732', 'prod_name': 'Aussie aussome volume shampoo', 'waitrose_Qty': '500ml', 'waitrose_discounted_price': '£6.10', 'waitrose_offer_desc': None, 'waitrose_url': 'https://www.waitrose.com/ecom/shop/browse/groceries/toiletries_health_and_beauty/hair_care/shampoo', 'waitrose_rating': None, 'waitrose_unit_price': '(£1.22/100ml)', 'waitrose_new_flag': None, 'waitrose_prod_name': 'Aussie aussome volume shampoo 500ml', 'images': []}
DEBUG: Scraped from <200 https://www.waitrose.com/ecom/shop/browse/groceries/toiletries_health_and_beauty/hair_care/shampoo>
{'client': 'Waitrose', 'time': datetime.datetime(2020, 8, 31, 7, 16, 36, 348277), 'category': 'Shampoo', 'id': 'tPp627460-154629-154630', 'prod_name': 'Aussie mega shampoo', 'waitrose_Qty': '500ml', 'waitrose_discounted_price': '£6.15', 'waitrose_offer_desc': None, 'waitrose_url': 'https://www.waitrose.com/ecom/shop/browse/groceries/toiletries_health_and_beauty/hair_care/shampoo', 'waitrose_rating': '3.8', 'waitrose_unit_price': '(£1.23/100ml)', 'waitrose_new_flag': None, 'waitrose_prod_name': 'Aussie mega shampoo 500ml', 'images': []}
DEBUG: Scraped from <200 https://www.waitrose.com/ecom/shop/browse/groceries/toiletries_health_and_beauty/hair_care/shampoo>
{'client': 'Waitrose', 'time': datetime.datetime(2020, 8, 31, 7, 16, 36, 348277), 'category': 'Shampoo', 'id': 'tPp808436-720325-720326', 'prod_name': 'Hask Biotin Boost Shampoo', 'waitrose_Qty': '355ml', 'waitrose_discounted_price': '£4.66', 'waitrose_offer_desc': 'Save 1/3.', 'waitrose_url': 'https://www.waitrose.com/ecom/shop/browse/groceries/toiletries_health_and_beauty/hair_care/shampoo', 'waitrose_rating': None, 'waitrose_unit_price': '(£1.32/100ml)', 'waitrose_new_flag': None, 'waitrose_prod_name': 'Hask Biotin Boost Shampoo 355ml', 'images': []}
DEBUG: Scraped from <200 https://www.waitrose.com/ecom/shop/browse/groceries/toiletries_health_and_beauty/hair_care/shampoo>
{'client': 'Waitrose', 'time': datetime.datetime(2020, 8, 31, 7, 16, 36, 348277), 'category': 'Shampoo', 'id': 'tPp725372-631511-631512', 'prod_name': 'Hask Moni Coconut Oil Shampoo', 'waitrose_Qty': '355ml', 'waitrose_discounted_price': '£4.66', 'waitrose_offer_desc': 'Save 1/3.', 'waitrose_url': 'https://www.waitrose.com/ecom/shop/browse/groceries/toiletries_health_and_beauty/hair_care/shampoo', 'waitrose_rating': None, 'waitrose_unit_price': '(£1.32/100ml)', 'waitrose_new_flag': None, 'waitrose_prod_name': 'Hask Moni Coconut Oil Shampoo 355ml', 'images': []}
DEBUG: Scraped from <200 https://www.waitrose.com/ecom/shop/browse/groceries/toiletries_health_and_beauty/hair_care/shampoo>
{'client': 'Waitrose', 'time': datetime.datetime(2020, 8, 31, 7, 16, 36, 348277), 'category': 'Shampoo', 'id': 'tPp427668-591713-591714', 'prod_name': 'Herbal Essences Hydrate Shampoo', 'waitrose_Qty': '400ml', 'waitrose_discounted_price': '£4.50', 'waitrose_offer_desc': None, 'waitrose_url': 'https://www.waitrose.com/ecom/shop/browse/groceries/toiletries_health_and_beauty/hair_care/shampoo', 'waitrose_rating': '5', 'waitrose_unit_price': '(£1.13/100ml)', 'waitrose_new_flag': None, 'waitrose_prod_name': 'Herbal Essences Hydrate Shampoo 400ml', 'images': []}
DEBUG: Scraped from <200 https://www.waitrose.com/ecom/shop/browse/groceries/toiletries_health_and_beauty/hair_care/shampoo>
{'client': 'Waitrose', 'time': datetime.datetime(2020, 8, 31, 7, 16, 36, 348277), 'category': 'Shampoo', 'id': 'tPp867514-720387-720388', 'prod_name': 'Head & Shoulders Coconut Shampoo', 'waitrose_Qty': '500ml', 'waitrose_discounted_price': '£5.00', 'waitrose_offer_desc': None, 'waitrose_url': 'https://www.waitrose.com/ecom/shop/browse/groceries/toiletries_health_and_beauty/hair_care/shampoo', 'waitrose_rating': None, 'waitrose_unit_price': '(£1/100ml)', 'waitrose_new_flag': None, 'waitrose_prod_name': 'Head & Shoulders Coconut Shampoo 500ml', 'images': []}
DEBUG: Scraped from <200 https://www.waitrose.com/ecom/shop/browse/groceries/toiletries_health_and_beauty/hair_care/shampoo>
{'client': 'Waitrose', 'time': datetime.datetime(2020, 8, 31, 7, 16, 36, 348277), 'category': 'Shampoo', 'id': 'tPp820157-724089-724090', 'prod_name': 'Eco Warrior Shampoo Bar', 'waitrose_Qty': '100g', 'waitrose_discounted_price': '£4.50', 'waitrose_offer_desc': None, 'waitrose_url': 'https://www.waitrose.com/ecom/shop/browse/groceries/toiletries_health_and_beauty/hair_care/shampoo', 'waitrose_rating': None, 'waitrose_unit_price': '(£4.50/100g)', 'waitrose_new_flag': None, 'waitrose_prod_name': 'Eco Warrior Shampoo Bar 100g', 'images': []}
DEBUG: Scraped from <200 https://www.waitrose.com/ecom/shop/browse/groceries/toiletries_health_and_beauty/hair_care/shampoo>
{'client': 'Waitrose', 'time': datetime.datetime(2020, 8, 31, 7, 16, 36, 348277), 'category': 'Shampoo', 'id': 'tPp790782-694215-694216', 'prod_name': 'Pantene 3in1 Smooth & Sleek', 'waitrose_Qty': '450ml', 'waitrose_discounted_price': '£3.75', 'waitrose_offer_desc': None, 'waitrose_url': 'https://www.waitrose.com/ecom/shop/browse/groceries/toiletries_health_and_beauty/hair_care/shampoo', 'waitrose_rating': None, 'waitrose_unit_price': '(83.3p/100ml)', 'waitrose_new_flag': None, 'waitrose_prod_name': 'Pantene 3in1 Smooth & Sleek 450ml', 'images': []}
DEBUG: Scraped from <200 https://www.waitrose.com/ecom/shop/browse/groceries/toiletries_health_and_beauty/hair_care/shampoo>
{'client': 'Waitrose', 'time': datetime.datetime(2020, 8, 31, 7, 16, 36, 348277), 'category': 'Shampoo', 'id': 'tPp752186-631541-631542', 'prod_name': 'Ogx Coconut OIl Shampoo', 'waitrose_Qty': '385ml', 'waitrose_discounted_price': '£7.00', 'waitrose_offer_desc': None, 'waitrose_url': 'https://www.waitrose.com/ecom/shop/browse/groceries/toiletries_health_and_beauty/hair_care/shampoo', 'waitrose_rating': None, 'waitrose_unit_price': '(£1.82/100ml)', 'waitrose_new_flag': None, 'waitrose_prod_name': 'Ogx Coconut OIl Shampoo 385ml', 'images': []}
DEBUG: Scraped from <200 https://www.waitrose.com/ecom/shop/browse/groceries/toiletries_health_and_beauty/hair_care/shampoo>
{'client': 'Waitrose', 'time': datetime.datetime(2020, 8, 31, 7, 16, 36, 348277), 'category': 'Shampoo', 'id': 'tPp791725-375655-375656', 'prod_name': 'Ogx Kukuí Oil Shampoo', 'waitrose_Qty': '385ml', 'waitrose_discounted_price': '£7.00', 'waitrose_offer_desc': None, 'waitrose_url': 'https://www.waitrose.com/ecom/shop/browse/groceries/toiletries_health_and_beauty/hair_care/shampoo', 'waitrose_rating': '5', 'waitrose_unit_price': '(£1.82/100ml)', 'waitrose_new_flag': None, 'waitrose_prod_name': 'Ogx Kukuí Oil Shampoo 385ml', 'images': []}
DEBUG: Scraped from <200 https://www.waitrose.com/ecom/shop/browse/groceries/toiletries_health_and_beauty/hair_care/shampoo>
{'client': 'Waitrose', 'time': datetime.datetime(2020, 8, 31, 7, 16, 36, 348277), 'category': 'Shampoo', 'id': 'tPp886458-216893-216894', 'prod_name': 'Ogx Brazilian Keratin Shampoo', 'waitrose_Qty': '385ml', 'waitrose_discounted_price': '£7.00', 'waitrose_offer_desc': None, 'waitrose_url': 'https://www.waitrose.com/ecom/shop/browse/groceries/toiletries_health_and_beauty/hair_care/shampoo', 'waitrose_rating': '5', 'waitrose_unit_price': '(£1.82/100ml)', 'waitrose_new_flag': None, 'waitrose_prod_name': 'Ogx Brazilian Keratin Shampoo 385ml', 'images': []}
DEBUG: Scraped from <200 https://www.waitrose.com/ecom/shop/browse/groceries/toiletries_health_and_beauty/hair_care/shampoo>
{'client': 'Waitrose', 'time': datetime.datetime(2020, 8, 31, 7, 16, 36, 348277), 'category': 'Shampoo', 'id': 'tPp657930-695639-695640', 'prod_name': 'Noughty Pumped Up Shampoo', 'waitrose_Qty': '250ml', 'waitrose_discounted_price': '£4.66', 'waitrose_offer_desc': 'Save 1/3.', 'waitrose_url': 'https://www.waitrose.com/ecom/shop/browse/groceries/toiletries_health_and_beauty/hair_care/shampoo', 'waitrose_rating': '5', 'waitrose_unit_price': '(£1.87/100ml)', 'waitrose_new_flag': None, 'waitrose_prod_name': 'Noughty Pumped Up Shampoo 250ml', 'images': []}
DEBUG: Scraped from <200 https://www.waitrose.com/ecom/shop/browse/groceries/toiletries_health_and_beauty/hair_care/shampoo>
{'client': 'Waitrose', 'time': datetime.datetime(2020, 8, 31, 7, 16, 36, 348277), 'category': 'Shampoo', 'id': 'tPp554742-695503-695504', 'prod_name': 'Umberto Giannini Violet Shampoo', 'waitrose_Qty': '250ml', 'waitrose_discounted_price': '£8.00', 'waitrose_offer_desc': 'Mix & Match Add 3 for 2 Cheapest Item Free', 'waitrose_url': 'https://www.waitrose.com/ecom/shop/browse/groceries/toiletries_health_and_beauty/hair_care/shampoo', 'waitrose_rating': None, 'waitrose_unit_price': '(£3.20/100ml)', 'waitrose_new_flag': None, 'waitrose_prod_name': 'Umberto Giannini Violet Shampoo 250ml', 'images': []}
DEBUG: Scraped from <200 https://www.waitrose.com/ecom/shop/browse/groceries/toiletries_health_and_beauty/hair_care/shampoo>
{'client': 'Waitrose', 'time': datetime.datetime(2020, 8, 31, 7, 16, 36, 348277), 'category': 'Shampoo', 'id': 'tPp584599-695531-695532', 'prod_name': 'Batiste Dry Shampoo Volume', 'waitrose_Qty': '200ml', 'waitrose_discounted_price': '£4.25', 'waitrose_offer_desc': None, 'waitrose_url': 'https://www.waitrose.com/ecom/shop/browse/groceries/toiletries_health_and_beauty/hair_care/shampoo', 'waitrose_rating': None, 'waitrose_unit_price': '(£2.13/100ml)', 'waitrose_new_flag': None, 'waitrose_prod_name': 'Batiste Dry Shampoo Volume 200ml', 'images': []}
DEBUG: Scraped from <200 https://www.waitrose.com/ecom/shop/browse/groceries/toiletries_health_and_beauty/hair_care/shampoo>
{'client': 'Waitrose', 'time': datetime.datetime(2020, 8, 31, 7, 16, 36, 348277), 'category': 'Shampoo', 'id': 'tPp853982-154925-154926', 'prod_name': 'Batiste blush dry shampoo', 'waitrose_Qty': '200ml', 'waitrose_discounted_price': '£3.00', 'waitrose_offer_desc': None, 'waitrose_url': 'https://www.waitrose.com/ecom/shop/browse/groceries/toiletries_health_and_beauty/hair_care/shampoo', 'waitrose_rating': '4', 'waitrose_unit_price': '(£1.50/100ml)', 'waitrose_new_flag': None, 'waitrose_prod_name': 'Batiste blush dry shampoo 200ml', 'images': []}
DEBUG: Scraped from <200 https://www.waitrose.com/ecom/shop/browse/groceries/toiletries_health_and_beauty/hair_care/shampoo>
{'client': 'Waitrose', 'time': datetime.datetime(2020, 8, 31, 7, 16, 36, 348277), 'category': 'Shampoo', 'id': 'tPp626001-88825-88826', 'prod_name': 'Head & Shoulders Shampoo Citrus Fresh', 'waitrose_Qty': '500ml', 'waitrose_discounted_price': '£5.15', 'waitrose_offer_desc': None, 'waitrose_url': 'https://www.waitrose.com/ecom/shop/browse/groceries/toiletries_health_and_beauty/hair_care/shampoo', 'waitrose_rating': None, 'waitrose_unit_price': '(£1.03/100ml)', 'waitrose_new_flag': None, 'waitrose_prod_name': 'Head & Shoulders Shampoo Citrus Fresh 500ml', 'images': []}
DEBUG: Scraped from <200 https://www.waitrose.com/ecom/shop/browse/groceries/toiletries_health_and_beauty/hair_care/shampoo>
{'client': 'Waitrose', 'time': datetime.datetime(2020, 8, 31, 7, 16, 36, 348277), 'category': 'Shampoo', 'id': 'tPp755068-720289-720290', 'prod_name': 'Herbal Essences Aloe Hemp Shampoo', 'waitrose_Qty': '380ml', 'waitrose_discounted_price': '£4.50', 'waitrose_offer_desc': None, 'waitrose_url': 'https://www.waitrose.com/ecom/shop/browse/groceries/toiletries_health_and_beauty/hair_care/shampoo', 'waitrose_rating': None, 'waitrose_unit_price': '(£1.19/100ml)', 'waitrose_new_flag': None, 'waitrose_prod_name': 'Herbal Essences Aloe Hemp Shampoo 380ml', 'images': []}
DEBUG: Scraped from <200 https://www.waitrose.com/ecom/shop/browse/groceries/toiletries_health_and_beauty/hair_care/shampoo>
{'client': 'Waitrose', 'time': datetime.datetime(2020, 8, 31, 7, 16, 36, 348277), 'category': 'Shampoo', 'id': 'tPp809690-337194-337195', 'prod_name': 'Head & Shoulders 2in1 Itchy Scalp', 'waitrose_Qty': '450ml', 'waitrose_discounted_price': '£5.15', 'waitrose_offer_desc': None, 'waitrose_url': 'https://www.waitrose.com/ecom/shop/browse/groceries/toiletries_health_and_beauty/hair_care/shampoo', 'waitrose_rating': '5', 'waitrose_unit_price': '(£1.15/100ml)', 'waitrose_new_flag': None, 'waitrose_prod_name': 'Head & Shoulders 2in1 Itchy Scalp 450ml', 'images': []}
DEBUG: Scraped from <200 https://www.waitrose.com/ecom/shop/browse/groceries/toiletries_health_and_beauty/hair_care/shampoo>
{'client': 'Waitrose', 'time': datetime.datetime(2020, 8, 31, 7, 16, 36, 348277), 'category': 'Shampoo', 'id': 'tPp480728-631267-631268', 'prod_name': 'Ogx Orchid Oil Shampoo', 'waitrose_Qty': '385ml', 'waitrose_discounted_price': '£7.00', 'waitrose_offer_desc': None, 'waitrose_url': 'https://www.waitrose.com/ecom/shop/browse/groceries/toiletries_health_and_beauty/hair_care/shampoo', 'waitrose_rating': '5', 'waitrose_unit_price': '(£1.82/100ml)', 'waitrose_new_flag': None, 'waitrose_prod_name': 'Ogx Orchid Oil Shampoo 385ml', 'images': []}
DEBUG: Scraped from <200 https://www.waitrose.com/ecom/shop/browse/groceries/toiletries_health_and_beauty/hair_care/shampoo>
{'client': 'Waitrose', 'time': datetime.datetime(2020, 8, 31, 7, 16, 36, 348277), 'category': 'Shampoo', 'id': 'tPp426973-298983-298984', 'prod_name': 'Head & Shoulders 2in1 Apple Fresh', 'waitrose_Qty': '450ml', 'waitrose_discounted_price': '£5.00', 'waitrose_offer_desc': None, 'waitrose_url': 'https://www.waitrose.com/ecom/shop/browse/groceries/toiletries_health_and_beauty/hair_care/shampoo', 'waitrose_rating': None, 'waitrose_unit_price': '(£1.12/100ml)', 'waitrose_new_flag': None, 'waitrose_prod_name': 'Head & Shoulders 2in1 Apple Fresh 450ml', 'images': []}
DEBUG: Scraped from <200 https://www.waitrose.com/ecom/shop/browse/groceries/toiletries_health_and_beauty/hair_care/shampoo>
{'client': 'Waitrose', 'time': datetime.datetime(2020, 8, 31, 7, 16, 36, 348277), 'category': 'Shampoo', 'id': 'tPp027940-13599-13600', 'prod_name': 'Avalon Organics lemon shampoo', 'waitrose_Qty': '325ml', 'waitrose_discounted_price': '£7.00', 'waitrose_offer_desc': None, 'waitrose_url': 'https://www.waitrose.com/ecom/shop/browse/groceries/toiletries_health_and_beauty/hair_care/shampoo', 'waitrose_rating': '3.6', 'waitrose_unit_price': '(£2.16/100ml)', 'waitrose_new_flag': None, 'waitrose_prod_name': 'Avalon Organics lemon shampoo 325ml', 'images': []}
DEBUG: Scraped from <200 https://www.waitrose.com/ecom/shop/browse/groceries/toiletries_health_and_beauty/hair_care/shampoo>
{'client': 'Waitrose', 'time': datetime.datetime(2020, 8, 31, 7, 16, 36, 348277), 'category': 'Shampoo', 'id': 'tPp547359-720175-720176', 'prod_name': 'Maui Moisture Bamboo Shampoo', 'waitrose_Qty': '385ml', 'waitrose_discounted_price': '£6.00', 'waitrose_offer_desc': 'Save 1/3.', 'waitrose_url': 'https://www.waitrose.com/ecom/shop/browse/groceries/toiletries_health_and_beauty/hair_care/shampoo', 'waitrose_rating': '5', 'waitrose_unit_price': '(£1.56/100ml)', 'waitrose_new_flag': None, 'waitrose_prod_name': 'Maui Moisture Bamboo Shampoo 385ml', 'images': []}
DEBUG: Scraped from <200 https://www.waitrose.com/ecom/shop/browse/groceries/toiletries_health_and_beauty/hair_care/shampoo>
{'client': 'Waitrose', 'time': datetime.datetime(2020, 8, 31, 7, 16, 36, 348277), 'category': 'Shampoo', 'id': 'tPp703131-695681-695682', 'prod_name': 'Head & Shoulders Repair Shampoo', 'waitrose_Qty': '400ml', 'waitrose_discounted_price': '£3.33', 'waitrose_offer_desc': 'Save 1/3.', 'waitrose_url': 'https://www.waitrose.com/ecom/shop/browse/groceries/toiletries_health_and_beauty/hair_care/shampoo', 'waitrose_rating': '4', 'waitrose_unit_price': '(83.3p/100ml)', 'waitrose_new_flag': None, 'waitrose_prod_name': 'Head & Shoulders Repair Shampoo 400ml', 'images': []}
DEBUG: Scraped from <200 https://www.waitrose.com/ecom/shop/browse/groceries/toiletries_health_and_beauty/hair_care/shampoo>
{'client': 'Waitrose', 'time': datetime.datetime(2020, 8, 31, 7, 16, 36, 348277), 'category': 'Shampoo', 'id': 'tPp649492-695625-695626', 'prod_name': 'Vosene Kids 2in1 Melon Shampoo', 'waitrose_Qty': '250ml', 'waitrose_discounted_price': '£1.33', 'waitrose_offer_desc': 'Save 1/3.', 'waitrose_url': 'https://www.waitrose.com/ecom/shop/browse/groceries/toiletries_health_and_beauty/hair_care/shampoo', 'waitrose_rating': None, 'waitrose_unit_price': '(53.2p/100ml)', 'waitrose_new_flag': None, 'waitrose_prod_name': 'Vosene Kids 2in1 Melon Shampoo 250ml', 'images': []}
DEBUG: Scraped from <200 https://www.waitrose.com/ecom/shop/browse/groceries/toiletries_health_and_beauty/hair_care/shampoo>
{'client': 'Waitrose', 'time': datetime.datetime(2020, 8, 31, 7, 16, 36, 348277), 'category': 'Shampoo', 'id': 'tPp453160-695433-695434', 'prod_name': 'Argan+ Long & Strong Shampoo', 'waitrose_Qty': '300ml', 'waitrose_discounted_price': '£4.00', 'waitrose_offer_desc': 'Save 1/3.', 'waitrose_url': 'https://www.waitrose.com/ecom/shop/browse/groceries/toiletries_health_and_beauty/hair_care/shampoo', 'waitrose_rating': None, 'waitrose_unit_price': '(£1.34/100ml)', 'waitrose_new_flag': None, 'waitrose_prod_name': 'Argan+ Long & Strong Shampoo 300ml', 'images': []}
DEBUG: Scraped from <200 https://www.waitrose.com/ecom/shop/browse/groceries/toiletries_health_and_beauty/hair_care/shampoo>
{'client': 'Waitrose', 'time': datetime.datetime(2020, 8, 31, 7, 16, 36, 348277), 'category': 'Shampoo', 'id': 'tPp484035-715885-715886', 'prod_name': "L'Oreal Elvive Oil Nourishing Shampoo", 'waitrose_Qty': '400ml', 'waitrose_discounted_price': '£3.75', 'waitrose_offer_desc': None, 'waitrose_url': 'https://www.waitrose.com/ecom/shop/browse/groceries/toiletries_health_and_beauty/hair_care/shampoo', 'waitrose_rating': None, 'waitrose_unit_price': '(93.8p/100ml)', 'waitrose_new_flag': None, 'waitrose_prod_name': "L'Oreal Elvive Oil Nourishing Shampoo 400ml", 'images': []}
DEBUG: Scraped from <200 https://www.waitrose.com/ecom/shop/browse/groceries/toiletries_health_and_beauty/hair_care/shampoo>
{'client': 'Waitrose', 'time': datetime.datetime(2020, 8, 31, 7, 16, 36, 348277), 'category': 'Shampoo', 'id': 'tPp863078-695988-695989', 'prod_name': 'Pantene Hair Biology Full & Vibrant', 'waitrose_Qty': '250ml', 'waitrose_discounted_price': '£4.50', 'waitrose_offer_desc': None, 'waitrose_url': 'https://www.waitrose.com/ecom/shop/browse/groceries/toiletries_health_and_beauty/hair_care/shampoo', 'waitrose_rating': None, 'waitrose_unit_price': '(£1.80/100ml)', 'waitrose_new_flag': None, 'waitrose_prod_name': 'Pantene Hair Biology Full & Vibrant 250ml', 'images': []}
DEBUG: Scraped from <200 https://www.waitrose.com/ecom/shop/browse/groceries/toiletries_health_and_beauty/hair_care/shampoo>
{'client': 'Waitrose', 'time': datetime.datetime(2020, 8, 31, 7, 16, 36, 348277), 'category': 'Shampoo', 'id': 'tPp810302-683828-683829', 'prod_name': 'Herbal Essences Deep Repair Shampoo', 'waitrose_Qty': '400ml', 'waitrose_discounted_price': '£4.50', 'waitrose_offer_desc': None, 'waitrose_url': 'https://www.waitrose.com/ecom/shop/browse/groceries/toiletries_health_and_beauty/hair_care/shampoo', 'waitrose_rating': None, 'waitrose_unit_price': '(£1.13/100ml)', 'waitrose_new_flag': None, 'waitrose_prod_name': 'Herbal Essences Deep Repair Shampoo 400ml', 'images': []}
DEBUG: Scraped from <200 https://www.waitrose.com/ecom/shop/browse/groceries/toiletries_health_and_beauty/hair_care/shampoo>
{'client': 'Waitrose', 'time': datetime.datetime(2020, 8, 31, 7, 16, 36, 348277), 'category': 'Shampoo', 'id': 'tPp407272-440973-440974', 'prod_name': 'Richard Ward Chelsea Cleanse & Condition', 'waitrose_Qty': '250ml', 'waitrose_discounted_price': '£6.00', 'waitrose_offer_desc': None, 'waitrose_url': 'https://www.waitrose.com/ecom/shop/browse/groceries/toiletries_health_and_beauty/hair_care/shampoo', 'waitrose_rating': '3.9', 'waitrose_unit_price': '(£2.40/100ml)', 'waitrose_new_flag': None, 'waitrose_prod_name': 'Richard Ward Chelsea Cleanse & Condition 250ml', 'images': []}
DEBUG: Scraped from <200 https://www.waitrose.com/ecom/shop/browse/groceries/toiletries_health_and_beauty/hair_care/shampoo>
{'client': 'Waitrose', 'time': datetime.datetime(2020, 8, 31, 7, 16, 36, 348277), 'category': 'Shampoo', 'id': 'tPp480888-154495-154496', 'prod_name': 'Head & Shoulders Smooth Shampoo', 'waitrose_Qty': '500ml', 'waitrose_discounted_price': '£5.15', 'waitrose_offer_desc': None, 'waitrose_url': 'https://www.waitrose.com/ecom/shop/browse/groceries/toiletries_health_and_beauty/hair_care/shampoo', 'waitrose_rating': None, 'waitrose_unit_price': '(£1.03/100ml)', 'waitrose_new_flag': None, 'waitrose_prod_name': 'Head & Shoulders Smooth Shampoo 500ml', 'images': []}
DEBUG: Scraped from <200 https://www.waitrose.com/ecom/shop/browse/groceries/toiletries_health_and_beauty/hair_care/shampoo>
{'client': 'Waitrose', 'time': datetime.datetime(2020, 8, 31, 7, 16, 36, 348277), 'category': 'Shampoo', 'id': 'tPp711843-717497-717498', 'prod_name': "L'Oreal Elvive Colour Shampoo", 'waitrose_Qty': '400ml', 'waitrose_discounted_price': '£3.75', 'waitrose_offer_desc': None, 'waitrose_url': 'https://www.waitrose.com/ecom/shop/browse/groceries/toiletries_health_and_beauty/hair_care/shampoo', 'waitrose_rating': None, 'waitrose_unit_price': '(93.8p/100ml)', 'waitrose_new_flag': None, 'waitrose_prod_name': "L'Oreal Elvive Colour Shampoo 400ml", 'images': []}
DEBUG: Scraped from <200 https://www.waitrose.com/ecom/shop/browse/groceries/toiletries_health_and_beauty/hair_care/shampoo>
{'client': 'Waitrose', 'time': datetime.datetime(2020, 8, 31, 7, 16, 36, 348277), 'category': 'Shampoo', 'id': 'tPp686838-346630-346631', 'prod_name': 'Richard Ward argan antiageing shampoo', 'waitrose_Qty': '250ml', 'waitrose_discounted_price': '£6.00', 'waitrose_offer_desc': None, 'waitrose_url': 'https://www.waitrose.com/ecom/shop/browse/groceries/toiletries_health_and_beauty/hair_care/shampoo', 'waitrose_rating': '4.1', 'waitrose_unit_price': '(£2.40/100ml)', 'waitrose_new_flag': None, 'waitrose_prod_name': 'Richard Ward argan antiageing shampoo 250ml', 'images': []}
DEBUG: Scraped from <200 https://www.waitrose.com/ecom/shop/browse/groceries/toiletries_health_and_beauty/hair_care/shampoo>
{'client': 'Waitrose', 'time': datetime.datetime(2020, 8, 31, 7, 16, 36, 348277), 'category': 'Shampoo', 'id': 'tPp889100-330444-330445', 'prod_name': 'AOrganic Rosemary Shampoo', 'waitrose_Qty': '325ml', 'waitrose_discounted_price': '£7.00', 'waitrose_offer_desc': None, 'waitrose_url': 'https://www.waitrose.com/ecom/shop/browse/groceries/toiletries_health_and_beauty/hair_care/shampoo', 'waitrose_rating': '2.5', 'waitrose_unit_price': '(£2.16/100ml)', 'waitrose_new_flag': None, 'waitrose_prod_name': 'AOrganic Rosemary Shampoo 325ml', 'images': []}
DEBUG: Scraped from <200 https://www.waitrose.com/ecom/shop/browse/groceries/toiletries_health_and_beauty/hair_care/shampoo>
{'client': 'Waitrose', 'time': datetime.datetime(2020, 8, 31, 7, 16, 36, 348277), 'category': 'Shampoo', 'id': 'tPp662395-154665-154666', 'prod_name': 'Aussie colour mate shampoo', 'waitrose_Qty': '500ml', 'waitrose_discounted_price': '£6.15', 'waitrose_offer_desc': None, 'waitrose_url': 'https://www.waitrose.com/ecom/shop/browse/groceries/toiletries_health_and_beauty/hair_care/shampoo', 'waitrose_rating': None, 'waitrose_unit_price': '(£1.23/100ml)', 'waitrose_new_flag': None, 'waitrose_prod_name': 'Aussie colour mate shampoo 500ml', 'images': []}
DEBUG: Scraped from <200 https://www.waitrose.com/ecom/shop/browse/groceries/toiletries_health_and_beauty/hair_care/shampoo>
{'client': 'Waitrose', 'time': datetime.datetime(2020, 8, 31, 7, 16, 36, 348277), 'category': 'Shampoo', 'id': 'tPp724972-694185-694186', 'prod_name': 'Pantene 3in1 Repair & Protect', 'waitrose_Qty': '450ml', 'waitrose_discounted_price': '£3.75', 'waitrose_offer_desc': None, 'waitrose_url': 'https://www.waitrose.com/ecom/shop/browse/groceries/toiletries_health_and_beauty/hair_care/shampoo', 'waitrose_rating': None, 'waitrose_unit_price': '(83.3p/100ml)', 'waitrose_new_flag': None, 'waitrose_prod_name': 'Pantene 3in1 Repair & Protect 450ml', 'images': []}
DEBUG: Scraped from <200 https://www.waitrose.com/ecom/shop/browse/groceries/toiletries_health_and_beauty/hair_care/shampoo>
{'client': 'Waitrose', 'time': datetime.datetime(2020, 8, 31, 7, 16, 36, 348277), 'category': 'Shampoo', 'id': 'tPp721134-337091-337092', 'prod_name': 'Aussie miracle shine shampoo', 'waitrose_Qty': '500ml', 'waitrose_discounted_price': '£6.00', 'waitrose_offer_desc': None, 'waitrose_url': 'https://www.waitrose.com/ecom/shop/browse/groceries/toiletries_health_and_beauty/hair_care/shampoo', 'waitrose_rating': None, 'waitrose_unit_price': '(£1.20/100ml)', 'waitrose_new_flag': None, 'waitrose_prod_name': 'Aussie miracle shine shampoo 500ml', 'images': []}
DEBUG: Scraped from <200 https://www.waitrose.com/ecom/shop/browse/groceries/toiletries_health_and_beauty/hair_care/shampoo>
{'client': 'Waitrose', 'time': datetime.datetime(2020, 8, 31, 7, 16, 36, 348277), 'category': 'Shampoo', 'id': 'tPp888765-695909-695910', 'prod_name': 'Umberto Giannini Curl Jelly Wash', 'waitrose_Qty': '250ml', 'waitrose_discounted_price': '£8.00', 'waitrose_offer_desc': 'Mix & Match Add 3 for 2 Cheapest Item Free', 'waitrose_url': 'https://www.waitrose.com/ecom/shop/browse/groceries/toiletries_health_and_beauty/hair_care/shampoo', 'waitrose_rating': '2.5', 'waitrose_unit_price': '(£3.20/100ml)', 'waitrose_new_flag': None, 'waitrose_prod_name': 'Umberto Giannini Curl Jelly Wash 250ml', 'images': []}
DEBUG: Scraped from <200 https://www.waitrose.com/ecom/shop/browse/groceries/toiletries_health_and_beauty/hair_care/shampoo>
{'client': 'Waitrose', 'time': datetime.datetime(2020, 8, 31, 7, 16, 36, 348277), 'category': 'Shampoo', 'id': 'tPp631829-695597-695598', 'prod_name': 'Noughty Detox Dynamo Shampoo', 'waitrose_Qty': '250ml', 'waitrose_discounted_price': '£4.66', 'waitrose_offer_desc': 'Save 1/3.', 'waitrose_url': 'https://www.waitrose.com/ecom/shop/browse/groceries/toiletries_health_and_beauty/hair_care/shampoo', 'waitrose_rating': None, 'waitrose_unit_price': '(£1.87/100ml)', 'waitrose_new_flag': None, 'waitrose_prod_name': 'Noughty Detox Dynamo Shampoo 250ml', 'images': []}
DEBUG: Scraped from <200 https://www.waitrose.com/ecom/shop/browse/groceries/toiletries_health_and_beauty/hair_care/shampoo>
{'client': 'Waitrose', 'time': datetime.datetime(2020, 8, 31, 7, 16, 36, 348277), 'category': 'Shampoo', 'id': 'tPp603087-695555-695556', 'prod_name': 'Noughty Colour Bomb Shampoo', 'waitrose_Qty': '250ml', 'waitrose_discounted_price': '£4.66', 'waitrose_offer_desc': 'Save 1/3.', 'waitrose_url': 'https://www.waitrose.com/ecom/shop/browse/groceries/toiletries_health_and_beauty/hair_care/shampoo', 'waitrose_rating': '3', 'waitrose_unit_price': '(£1.87/100ml)', 'waitrose_new_flag': None, 'waitrose_prod_name': 'Noughty Colour Bomb Shampoo 250ml', 'images': []}
DEBUG: Scraped from <200 https://www.waitrose.com/ecom/shop/browse/groceries/toiletries_health_and_beauty/hair_care/shampoo>
{'client': 'Waitrose', 'time': datetime.datetime(2020, 8, 31, 7, 16, 36, 348277), 'category': 'Shampoo', 'id': 'tPp527154-720165-720166', 'prod_name': 'Maui Moisture Hibiscus Water', 'waitrose_Qty': '385ml', 'waitrose_discounted_price': '£6.00', 'waitrose_offer_desc': 'Save 1/3.', 'waitrose_url': 'https://www.waitrose.com/ecom/shop/browse/groceries/toiletries_health_and_beauty/hair_care/shampoo', 'waitrose_rating': None, 'waitrose_unit_price': '(£1.56/100ml)', 'waitrose_new_flag': None, 'waitrose_prod_name': 'Maui Moisture Hibiscus Water 385ml', 'images': []}
DEBUG: Scraped from <200 https://www.waitrose.com/ecom/shop/browse/groceries/toiletries_health_and_beauty/hair_care/shampoo>
{'client': 'Waitrose', 'time': datetime.datetime(2020, 8, 31, 7, 16, 36, 348277), 'category': 'Shampoo', 'id': 'tPp829437-695831-695832', 'prod_name': 'Umberto Giannini Grow Long Shampoo', 'waitrose_Qty': '250ml', 'waitrose_discounted_price': '£8.00', 'waitrose_offer_desc': 'Mix & Match Add 3 for 2 Cheapest Item Free', 'waitrose_url': 'https://www.waitrose.com/ecom/shop/browse/groceries/toiletries_health_and_beauty/hair_care/shampoo', 'waitrose_rating': '5', 'waitrose_unit_price': '(£3.20/100ml)', 'waitrose_new_flag': None, 'waitrose_prod_name': 'Umberto Giannini Grow Long Shampoo 250ml', 'images': []}
DEBUG: Scraped from <200 https://www.waitrose.com/ecom/shop/browse/groceries/toiletries_health_and_beauty/hair_care/shampoo>
{'client': 'Waitrose', 'time': datetime.datetime(2020, 8, 31, 7, 16, 36, 348277), 'category': 'Shampoo', 'id': 'tPp807825-473364-473365', 'prod_name': 'SenSpa Deep Cleanse Shampoo', 'waitrose_Qty': '250ml', 'waitrose_discounted_price': '£4.00', 'waitrose_offer_desc': 'Save 1/3.', 'waitrose_url': 'https://www.waitrose.com/ecom/shop/browse/groceries/toiletries_health_and_beauty/hair_care/shampoo', 'waitrose_rating': '3.7', 'waitrose_unit_price': '(£1.60/100ml)', 'waitrose_new_flag': None, 'waitrose_prod_name': 'SenSpa Deep Cleanse Shampoo 250ml', 'images': []}
DEBUG: Scraped from <200 https://www.waitrose.com/ecom/shop/browse/groceries/toiletries_health_and_beauty/hair_care/shampoo>
{'client': 'Waitrose', 'time': datetime.datetime(2020, 8, 31, 7, 16, 36, 348277), 'category': 'Shampoo', 'id': 'tPp405353-729640-729641', 'prod_name': 'Percy & Reed No-Fuss Dry Shampoo', 'waitrose_Qty': '200ml', 'waitrose_discounted_price': '£15.00', 'waitrose_offer_desc': None, 'waitrose_url': 'https://www.waitrose.com/ecom/shop/browse/groceries/toiletries_health_and_beauty/hair_care/shampoo', 'waitrose_rating': '3.8', 'waitrose_unit_price': '(£7.50/100ml)', 'waitrose_new_flag': 'NEW', 'waitrose_prod_name': 'Percy & Reed No-Fuss Dry Shampoo 200ml', 'images': []}
DEBUG: Scraped from <200 https://www.waitrose.com/ecom/shop/browse/groceries/toiletries_health_and_beauty/hair_care/shampoo>
{'client': 'Waitrose', 'time': datetime.datetime(2020, 8, 31, 7, 16, 36, 348277), 'category': 'Shampoo', 'id': 'tPp812614-707138-707139', 'prod_name': 'Beco Spring Meadow Shampoo Bar', 'waitrose_Qty': '90g', 'waitrose_discounted_price': '£4.00', 'waitrose_offer_desc': None, 'waitrose_url': 'https://www.waitrose.com/ecom/shop/browse/groceries/toiletries_health_and_beauty/hair_care/shampoo', 'waitrose_rating': '3.3', 'waitrose_unit_price': '(£4.45/100g)', 'waitrose_new_flag': None, 'waitrose_prod_name': 'Beco Spring Meadow Shampoo Bar 90g', 'images': []}
DEBUG: Scraped from <200 https://www.waitrose.com/ecom/shop/browse/groceries/toiletries_health_and_beauty/hair_care/shampoo>
{'client': 'Waitrose', 'time': datetime.datetime(2020, 8, 31, 7, 16, 36, 348277), 'category': 'Shampoo', 'id': 'tPp861587-154949-154950', 'prod_name': 'Batiste dark & deep brown dry shampoo', 'waitrose_Qty': '200ml', 'waitrose_discounted_price': '£4.00', 'waitrose_offer_desc': None, 'waitrose_url': 'https://www.waitrose.com/ecom/shop/browse/groceries/toiletries_health_and_beauty/hair_care/shampoo', 'waitrose_rating': None, 'waitrose_unit_price': '(£2/100ml)', 'waitrose_new_flag': None, 'waitrose_prod_name': 'Batiste dark & deep brown dry shampoo 200ml', 'images': []}
DEBUG: Scraped from <200 https://www.waitrose.com/ecom/shop/browse/groceries/toiletries_health_and_beauty/hair_care/shampoo>
{'client': 'Waitrose', 'time': datetime.datetime(2020, 8, 31, 7, 16, 36, 348277), 'category': 'Shampoo', 'id': 'tPp492090-729670-729671', 'prod_name': 'Percy & Reed Volumising Shampoo', 'waitrose_Qty': '250ml', 'waitrose_discounted_price': '£18.00', 'waitrose_offer_desc': None, 'waitrose_url': 'https://www.waitrose.com/ecom/shop/browse/groceries/toiletries_health_and_beauty/hair_care/shampoo', 'waitrose_rating': None, 'waitrose_unit_price': '(£7.20/100ml)', 'waitrose_new_flag': 'NEW', 'waitrose_prod_name': 'Percy & Reed Volumising Shampoo 250ml', 'images': []}
DEBUG: Scraped from <200 https://www.waitrose.com/ecom/shop/browse/groceries/toiletries_health_and_beauty/hair_care/shampoo>
{'client': 'Waitrose', 'time': datetime.datetime(2020, 8, 31, 7, 16, 36, 348277), 'category': 'Shampoo', 'id': 'tPp567427-683666-683667', 'prod_name': 'Ogx Charcoal Detox Shampoo', 'waitrose_Qty': '385ml', 'waitrose_discounted_price': '£7.00', 'waitrose_offer_desc': None, 'waitrose_url': 'https://www.waitrose.com/ecom/shop/browse/groceries/toiletries_health_and_beauty/hair_care/shampoo', 'waitrose_rating': None, 'waitrose_unit_price': '(£1.82/100ml)', 'waitrose_new_flag': None, 'waitrose_prod_name': 'Ogx Charcoal Detox Shampoo 385ml', 'images': []}
DEBUG: Scraped from <200 https://www.waitrose.com/ecom/shop/browse/groceries/toiletries_health_and_beauty/hair_care/shampoo>
{'client': 'Waitrose', 'time': datetime.datetime(2020, 8, 31, 7, 16, 36, 348277), 'category': 'Shampoo', 'id': 'tPp567431-729696-729697', 'prod_name': 'Batiste Dry Shampoo for Blondes', 'waitrose_Qty': '200ml', 'waitrose_discounted_price': '£4.00', 'waitrose_offer_desc': None, 'waitrose_url': 'https://www.waitrose.com/ecom/shop/browse/groceries/toiletries_health_and_beauty/hair_care/shampoo', 'waitrose_rating': None, 'waitrose_unit_price': '(£2/100ml)', 'waitrose_new_flag': 'NEW', 'waitrose_prod_name': 'Batiste Dry Shampoo for Blondes 200ml', 'images': []}
DEBUG: Scraped from <200 https://www.waitrose.com/ecom/shop/browse/groceries/toiletries_health_and_beauty/hair_care/shampoo>
{'client': 'Waitrose', 'time': datetime.datetime(2020, 8, 31, 7, 16, 36, 348277), 'category': 'Shampoo', 'id': 'tPp076232-38732-38733', 'prod_name': 'AOrganic Lavender Shampoo', 'waitrose_Qty': '325ml', 'waitrose_discounted_price': '£7.00', 'waitrose_offer_desc': None, 'waitrose_url': 'https://www.waitrose.com/ecom/shop/browse/groceries/toiletries_health_and_beauty/hair_care/shampoo', 'waitrose_rating': '3.8', 'waitrose_unit_price': '(£2.16/100ml)', 'waitrose_new_flag': None, 'waitrose_prod_name': 'AOrganic Lavender Shampoo 325ml', 'images': []}
DEBUG: Scraped from <200 https://www.waitrose.com/ecom/shop/browse/groceries/toiletries_health_and_beauty/hair_care/shampoo>
{'client': 'Waitrose', 'time': datetime.datetime(2020, 8, 31, 7, 16, 36, 348277), 'category': 'Shampoo', 'id': 'tPp834106-299691-299692', 'prod_name': 'Head & Shoulders 2in1 smooth & silky', 'waitrose_Qty': '450ml', 'waitrose_discounted_price': '£5.00', 'waitrose_offer_desc': None, 'waitrose_url': 'https://www.waitrose.com/ecom/shop/browse/groceries/toiletries_health_and_beauty/hair_care/shampoo', 'waitrose_rating': None, 'waitrose_unit_price': '(£1.12/100ml)', 'waitrose_new_flag': None, 'waitrose_prod_name': 'Head & Shoulders 2in1 smooth & silky 450ml', 'images': []}
DEBUG: Scraped from <200 https://www.waitrose.com/ecom/shop/browse/groceries/toiletries_health_and_beauty/hair_care/shampoo>
{'client': 'Waitrose', 'time': datetime.datetime(2020, 8, 31, 7, 16, 36, 348277), 'category': 'Shampoo', 'id': 'tPp714629-729752-729753', 'prod_name': 'OGX Keratin Oil Shampoo', 'waitrose_Qty': '385ml', 'waitrose_discounted_price': '£7.00', 'waitrose_offer_desc': None, 'waitrose_url': 'https://www.waitrose.com/ecom/shop/browse/groceries/toiletries_health_and_beauty/hair_care/shampoo', 'waitrose_rating': None, 'waitrose_unit_price': '(£1.82/100ml)', 'waitrose_new_flag': 'NEW', 'waitrose_prod_name': 'OGX Keratin Oil Shampoo 385ml', 'images': []}
DEBUG: Scraped from <200 https://www.waitrose.com/ecom/shop/browse/groceries/toiletries_health_and_beauty/hair_care/shampoo>
{'client': 'Waitrose', 'time': datetime.datetime(2020, 8, 31, 7, 16, 36, 348277), 'category': 'Shampoo', 'id': 'tPp803275-329016-329017', 'prod_name': 'AOrganic Peppermint Shampoo', 'waitrose_Qty': '325ml', 'waitrose_discounted_price': '£7.00', 'waitrose_offer_desc': None, 'waitrose_url': 'https://www.waitrose.com/ecom/shop/browse/groceries/toiletries_health_and_beauty/hair_care/shampoo', 'waitrose_rating': None, 'waitrose_unit_price': '(£2.16/100ml)', 'waitrose_new_flag': None, 'waitrose_prod_name': 'AOrganic Peppermint Shampoo 325ml', 'images': []}
DEBUG: Scraped from <200 https://www.waitrose.com/ecom/shop/browse/groceries/toiletries_health_and_beauty/hair_care/shampoo>
{'client': 'Waitrose', 'time': datetime.datetime(2020, 8, 31, 7, 16, 36, 348277), 'category': 'Shampoo', 'id': 'tPp694392-98595-98596', 'prod_name': 'Head & Shoulders Shampoo Cool Menthol', 'waitrose_Qty': '500ml', 'waitrose_discounted_price': '£5.15', 'waitrose_offer_desc': None, 'waitrose_url': 'https://www.waitrose.com/ecom/shop/browse/groceries/toiletries_health_and_beauty/hair_care/shampoo', 'waitrose_rating': None, 'waitrose_unit_price': '(£1.03/100ml)', 'waitrose_new_flag': None, 'waitrose_prod_name': 'Head & Shoulders Shampoo Cool Menthol 500ml', 'images': []}
DEBUG: Scraped from <200 https://www.waitrose.com/ecom/shop/browse/groceries/toiletries_health_and_beauty/hair_care/shampoo>
{'client': 'Waitrose', 'time': datetime.datetime(2020, 8, 31, 7, 16, 36, 348277), 'category': 'Shampoo', 'id': 'tPp581644-729702-729703', 'prod_name': 'Percy & Reed Hydrating Shampoo', 'waitrose_Qty': '250ml', 'waitrose_discounted_price': '£18.00', 'waitrose_offer_desc': None, 'waitrose_url': 'https://www.waitrose.com/ecom/shop/browse/groceries/toiletries_health_and_beauty/hair_care/shampoo', 'waitrose_rating': None, 'waitrose_unit_price': '(£7.20/100ml)', 'waitrose_new_flag': 'NEW', 'waitrose_prod_name': 'Percy & Reed Hydrating Shampoo 250ml', 'images': []}
DEBUG: Scraped from <200 https://www.waitrose.com/ecom/shop/browse/groceries/toiletries_health_and_beauty/hair_care/shampoo>
{'client': 'Waitrose', 'time': datetime.datetime(2020, 8, 31, 7, 16, 36, 348277), 'category': 'Shampoo', 'id': 'tPp567481-719558-719559', 'prod_name': 'Fit Kit Gentle Shampoo &Conditioner', 'waitrose_Qty': '200ml', 'waitrose_discounted_price': '£3.99', 'waitrose_offer_desc': None, 'waitrose_url': 'https://www.waitrose.com/ecom/shop/browse/groceries/toiletries_health_and_beauty/hair_care/shampoo', 'waitrose_rating': '5', 'waitrose_unit_price': '(£2/100ml)', 'waitrose_new_flag': None, 'waitrose_prod_name': 'Fit Kit Gentle Shampoo &Conditioner 200ml', 'images': []}
DEBUG: Scraped from <200 https://www.waitrose.com/ecom/shop/browse/groceries/toiletries_health_and_beauty/hair_care/shampoo>
{'client': 'Waitrose', 'time': datetime.datetime(2020, 8, 31, 7, 16, 36, 348277), 'category': 'Shampoo', 'id': 'tPp855732-695986-695987', 'prod_name': 'Hair Biology De-Frizz Shampoo', 'waitrose_Qty': '250ml', 'waitrose_discounted_price': '£4.50', 'waitrose_offer_desc': None, 'waitrose_url': 'https://www.waitrose.com/ecom/shop/browse/groceries/toiletries_health_and_beauty/hair_care/shampoo', 'waitrose_rating': None, 'waitrose_unit_price': '(£1.80/100ml)', 'waitrose_new_flag': None, 'waitrose_prod_name': 'Hair Biology De-Frizz Shampoo 250ml', 'images': []}
DEBUG: Scraped from <200 https://www.waitrose.com/ecom/shop/browse/groceries/toiletries_health_and_beauty/hair_care/shampoo>
{'client': 'Waitrose', 'time': datetime.datetime(2020, 8, 31, 7, 16, 36, 348277), 'category': 'Shampoo', 'id': 'tPp734002-695705-695706', 'prod_name': 'Percy & Reed Wonder Wash Shampoo', 'waitrose_Qty': '250ml', 'waitrose_discounted_price': '£18.00', 'waitrose_offer_desc': None, 'waitrose_url': 'https://www.waitrose.com/ecom/shop/browse/groceries/toiletries_health_and_beauty/hair_care/shampoo', 'waitrose_rating': '4.1', 'waitrose_unit_price': '(£7.20/100ml)', 'waitrose_new_flag': None, 'waitrose_prod_name': 'Percy & Reed Wonder Wash Shampoo 250ml', 'images': []}
DEBUG: Scraped from <200 https://www.waitrose.com/ecom/shop/browse/groceries/toiletries_health_and_beauty/hair_care/shampoo>
{'client': 'Waitrose', 'time': datetime.datetime(2020, 8, 31, 7, 16, 36, 348277), 'category': 'Shampoo', 'id': 'tPp591666-681031-681032', 'prod_name': 'Pure Grace Shower Gel', 'waitrose_Qty': '480ml', 'waitrose_discounted_price': '£19.50', 'waitrose_offer_desc': None, 'waitrose_url': 'https://www.waitrose.com/ecom/shop/browse/groceries/toiletries_health_and_beauty/hair_care/shampoo', 'waitrose_rating': None, 'waitrose_unit_price': '(£4.07/100ml)', 'waitrose_new_flag': None, 'waitrose_prod_name': 'Pure Grace Shower Gel 480ml', 'images': []}
DEBUG: Scraped from <200 https://www.waitrose.com/ecom/shop/browse/groceries/toiletries_health_and_beauty/hair_care/shampoo>
{'client': 'Waitrose', 'time': datetime.datetime(2020, 8, 31, 7, 16, 36, 348277), 'category': 'Shampoo', 'id': 'tPp401660-588303-588304', 'prod_name': 'Richard Ward Brunette Shampoo', 'waitrose_Qty': '250ml', 'waitrose_discounted_price': '£6.00', 'waitrose_offer_desc': None, 'waitrose_url': 'https://www.waitrose.com/ecom/shop/browse/groceries/toiletries_health_and_beauty/hair_care/shampoo', 'waitrose_rating': '5', 'waitrose_unit_price': '(£2.40/100ml)', 'waitrose_new_flag': None, 'waitrose_prod_name': 'Richard Ward Brunette Shampoo 250ml', 'images': []}
DEBUG: Scraped from <200 https://www.waitrose.com/ecom/shop/browse/groceries/toiletries_health_and_beauty/hair_care/shampoo>
{'client': 'Waitrose', 'time': datetime.datetime(2020, 8, 31, 7, 16, 36, 348277), 'category': 'Shampoo', 'id': 'tPp836383-271490-271491', 'prod_name': 'Head & Shoulders 2in1 citrus care', 'waitrose_Qty': '450ml', 'waitrose_discounted_price': '£5.15', 'waitrose_offer_desc': None, 'waitrose_url': 'https://www.waitrose.com/ecom/shop/browse/groceries/toiletries_health_and_beauty/hair_care/shampoo', 'waitrose_rating': None, 'waitrose_unit_price': '(£1.15/100ml)', 'waitrose_new_flag': None, 'waitrose_prod_name': 'Head & Shoulders 2in1 citrus care 450ml', 'images': []}
INFO: Closing spider (finished)
INFO: Stored json feed (140 items) in: waitrose_083120.json
INFO: Dumping Scrapy stats:
{'downloader/request_bytes': 2590,
 'downloader/request_count': 1,
 'downloader/request_method_count/POST': 1,
 'downloader/response_bytes': 1662213,
 'downloader/response_count': 1,
 'downloader/response_status_count/200': 1,
 'finish_reason': 'finished',
 'finish_time': datetime.datetime(2020, 8, 31, 1, 48, 20, 211984),
 'item_scraped_count': 140,
 'log_count/DEBUG': 141,
 'log_count/INFO': 11,
 'log_count/WARNING': 1,
 'response_received_count': 1,
 'scheduler/dequeued': 2,
 'scheduler/dequeued/memory': 2,
 'scheduler/enqueued': 2,
 'scheduler/enqueued/memory': 2,
 'splash/execute/request_count': 1,
 'splash/execute/response_count/200': 1,
 'start_time': datetime.datetime(2020, 8, 31, 1, 46, 36, 756530)}
INFO: Spider closed (finished)
INFO: Scrapy 1.6.0 started (bot: waitrose)
INFO: Versions: lxml 4.5.1.0, libxml2 2.9.10, cssselect 1.1.0, parsel 1.6.0, w3lib 1.22.0, Twisted 20.3.0, Python 3.7.7 (default, May  6 2020, 11:45:54) [MSC v.1916 64 bit (AMD64)], pyOpenSSL 19.1.0 (OpenSSL 1.1.1g  21 Apr 2020), cryptography 2.9.2, Platform Windows-10-10.0.18362-SP0
INFO: Overridden settings: {'BOT_NAME': 'waitrose', 'DOWNLOAD_TIMEOUT': 1200, 'DUPEFILTER_CLASS': 'scrapy_splash.SplashAwareDupeFilter', 'FEED_EXPORT_ENCODING': 'utf-8', 'FEED_FORMAT': 'json', 'FEED_URI': 'waitrose_090120.json', 'NEWSPIDER_MODULE': 'waitrose.spiders', 'SPIDER_MODULES': ['waitrose.spiders']}
INFO: Telnet Password: 2a00be1db0af5f6f
INFO: Enabled extensions:
['scrapy.extensions.corestats.CoreStats',
 'scrapy.extensions.telnet.TelnetConsole',
 'scrapy.extensions.feedexport.FeedExporter',
 'scrapy.extensions.logstats.LogStats']
INFO: Enabled downloader middlewares:
['scrapy.downloadermiddlewares.httpauth.HttpAuthMiddleware',
 'scrapy.downloadermiddlewares.downloadtimeout.DownloadTimeoutMiddleware',
 'scrapy.downloadermiddlewares.defaultheaders.DefaultHeadersMiddleware',
 'scrapy.downloadermiddlewares.useragent.UserAgentMiddleware',
 'scrapy.downloadermiddlewares.retry.RetryMiddleware',
 'scrapy.downloadermiddlewares.redirect.MetaRefreshMiddleware',
 'scrapy.downloadermiddlewares.redirect.RedirectMiddleware',
 'scrapy.downloadermiddlewares.cookies.CookiesMiddleware',
 'scrapy_splash.SplashCookiesMiddleware',
 'scrapy_splash.SplashMiddleware',
 'scrapy.downloadermiddlewares.httpproxy.HttpProxyMiddleware',
 'scrapy.downloadermiddlewares.httpcompression.HttpCompressionMiddleware',
 'scrapy.downloadermiddlewares.stats.DownloaderStats']
INFO: Enabled spider middlewares:
['scrapy.spidermiddlewares.httperror.HttpErrorMiddleware',
 'scrapy_splash.SplashDeduplicateArgsMiddleware',
 'scrapy.spidermiddlewares.offsite.OffsiteMiddleware',
 'scrapy.spidermiddlewares.referer.RefererMiddleware',
 'scrapy.spidermiddlewares.urllength.UrlLengthMiddleware',
 'scrapy.spidermiddlewares.depth.DepthMiddleware']
INFO: Enabled item pipelines:
['waitrose.pipelines.ImageDownloaderPipeline',
 'waitrose.pipelines.SQLlitePipeline']
INFO: Spider opened
INFO: Crawled 0 pages (at 0 pages/min), scraped 0 items (at 0 items/min)
WARNING: C:\Users\sujithk\AppData\Local\Continuum\anaconda3\envs\Virtual_Env\lib\site-packages\scrapy\spidermiddlewares\offsite.py:61: URLWarning: allowed_domains accepts only domains, not URLs. Ignoring URL entry https://www.waitrose.com/ in allowed_domains.
  warnings.warn(message, URLWarning)

INFO: Telnet console listening on 127.0.0.1:6027
INFO: Crawled 0 pages (at 0 pages/min), scraped 0 items (at 0 items/min)
DEBUG: Crawled (200) <GET https://www.waitrose.com/ecom/shop/browse/groceries/toiletries_health_and_beauty/hair_care/shampoo via http://192.168.65.33:8050/execute> (referer: None)
DEBUG: Scraped from <200 https://www.waitrose.com/ecom/shop/browse/groceries/toiletries_health_and_beauty/hair_care/shampoo>
{'client': 'Waitrose', 'time': datetime.datetime(2020, 9, 1, 15, 54, 17, 498190), 'category': 'Shampoo', 'id': 'tPp096508-49364-49365', 'prod_name': 'Aussie Miracle Moist Shampoo', 'waitrose_Qty': '300ml', 'waitrose_discounted_price': '£2.05', 'waitrose_offer_desc': 'Half Price.', 'waitrose_url': 'https://www.waitrose.com/ecom/shop/browse/groceries/toiletries_health_and_beauty/hair_care/shampoo', 'waitrose_rating': '3.7', 'waitrose_unit_price': '(68.3p/100ml)', 'waitrose_new_flag': None, 'waitrose_prod_name': 'Aussie Miracle Moist Shampoo 300ml', 'images': []}
DEBUG: Scraped from <200 https://www.waitrose.com/ecom/shop/browse/groceries/toiletries_health_and_beauty/hair_care/shampoo>
{'client': 'Waitrose', 'time': datetime.datetime(2020, 9, 1, 15, 54, 17, 498190), 'category': 'Shampoo', 'id': 'tPp799806-683814-683815', 'prod_name': 'Tresemmé Shampoo Moisture Rich', 'waitrose_Qty': '800ml', 'waitrose_discounted_price': '£2.75', 'waitrose_offer_desc': 'Half Price.', 'waitrose_url': 'https://www.waitrose.com/ecom/shop/browse/groceries/toiletries_health_and_beauty/hair_care/shampoo', 'waitrose_rating': None, 'waitrose_unit_price': '(34.4p/100ml)', 'waitrose_new_flag': None, 'waitrose_prod_name': 'Tresemmé Shampoo Moisture Rich 800ml', 'images': []}
DEBUG: Scraped from <200 https://www.waitrose.com/ecom/shop/browse/groceries/toiletries_health_and_beauty/hair_care/shampoo>
{'client': 'Waitrose', 'time': datetime.datetime(2020, 9, 1, 15, 54, 17, 498190), 'category': 'Shampoo', 'id': 'tPp059421-29947-29948', 'prod_name': 'Aussie Aussome Volume Shampoo', 'waitrose_Qty': '300ml', 'waitrose_discounted_price': '£2.00', 'waitrose_offer_desc': 'Half Price.', 'waitrose_url': 'https://www.waitrose.com/ecom/shop/browse/groceries/toiletries_health_and_beauty/hair_care/shampoo', 'waitrose_rating': '5', 'waitrose_unit_price': '(66.7p/100ml)', 'waitrose_new_flag': None, 'waitrose_prod_name': 'Aussie Aussome Volume Shampoo 300ml', 'images': []}
DEBUG: Scraped from <200 https://www.waitrose.com/ecom/shop/browse/groceries/toiletries_health_and_beauty/hair_care/shampoo>
{'client': 'Waitrose', 'time': datetime.datetime(2020, 9, 1, 15, 54, 17, 498190), 'category': 'Shampoo', 'id': 'tPp092708-47659-47660', 'prod_name': 'Vosene Original Shampoo', 'waitrose_Qty': '250ml', 'waitrose_discounted_price': '£1.36', 'waitrose_offer_desc': 'Save 1/3.', 'waitrose_url': 'https://www.waitrose.com/ecom/shop/browse/groceries/toiletries_health_and_beauty/hair_care/shampoo', 'waitrose_rating': '5', 'waitrose_unit_price': '(54.4p/100ml)', 'waitrose_new_flag': None, 'waitrose_prod_name': 'Vosene Original Shampoo 250ml', 'images': []}
DEBUG: Scraped from <200 https://www.waitrose.com/ecom/shop/browse/groceries/toiletries_health_and_beauty/hair_care/shampoo>
{'client': 'Waitrose', 'time': datetime.datetime(2020, 9, 1, 15, 54, 17, 498190), 'category': 'Shampoo', 'id': 'tPp092708-47659-47660', 'prod_name': 'Vosene Original Shampoo', 'waitrose_Qty': '250ml', 'waitrose_discounted_price': '£1.36', 'waitrose_offer_desc': 'Save 1/3.', 'waitrose_url': 'https://www.waitrose.com/ecom/shop/browse/groceries/toiletries_health_and_beauty/hair_care/shampoo', 'waitrose_rating': '5', 'waitrose_unit_price': '(54.4p/100ml)', 'waitrose_new_flag': None, 'waitrose_prod_name': 'Vosene Original Shampoo 250ml', 'images': []}
DEBUG: Scraped from <200 https://www.waitrose.com/ecom/shop/browse/groceries/toiletries_health_and_beauty/hair_care/shampoo>
{'client': 'Waitrose', 'time': datetime.datetime(2020, 9, 1, 15, 54, 17, 498190), 'category': 'Shampoo', 'id': 'tPp096232-49248-49249', 'prod_name': 'Aussie Mega Shampoo', 'waitrose_Qty': '300ml', 'waitrose_discounted_price': '£2.05', 'waitrose_offer_desc': 'Half Price.', 'waitrose_url': 'https://www.waitrose.com/ecom/shop/browse/groceries/toiletries_health_and_beauty/hair_care/shampoo', 'waitrose_rating': '2.5', 'waitrose_unit_price': '(68.3p/100ml)', 'waitrose_new_flag': None, 'waitrose_prod_name': 'Aussie Mega Shampoo 300ml', 'images': []}
DEBUG: Scraped from <200 https://www.waitrose.com/ecom/shop/browse/groceries/toiletries_health_and_beauty/hair_care/shampoo>
{'client': 'Waitrose', 'time': datetime.datetime(2020, 9, 1, 15, 54, 17, 498190), 'category': 'Shampoo', 'id': 'tPp083596-42439-42440', 'prod_name': 'Aussie Colour Mate Shampoo', 'waitrose_Qty': '300ml', 'waitrose_discounted_price': '£2.05', 'waitrose_offer_desc': 'Half Price.', 'waitrose_url': 'https://www.waitrose.com/ecom/shop/browse/groceries/toiletries_health_and_beauty/hair_care/shampoo', 'waitrose_rating': '5', 'waitrose_unit_price': '(68.3p/100ml)', 'waitrose_new_flag': None, 'waitrose_prod_name': 'Aussie Colour Mate Shampoo 300ml', 'images': []}
DEBUG: Scraped from <200 https://www.waitrose.com/ecom/shop/browse/groceries/toiletries_health_and_beauty/hair_care/shampoo>
{'client': 'Waitrose', 'time': datetime.datetime(2020, 9, 1, 15, 54, 17, 498190), 'category': 'Shampoo', 'id': 'tPp639145-337007-337008', 'prod_name': 'Tresemmé Shampoo Deep Cleansing', 'waitrose_Qty': '800ml', 'waitrose_discounted_price': '£2.75', 'waitrose_offer_desc': 'Half Price.', 'waitrose_url': 'https://www.waitrose.com/ecom/shop/browse/groceries/toiletries_health_and_beauty/hair_care/shampoo', 'waitrose_rating': '5', 'waitrose_unit_price': '(34.4p/100ml)', 'waitrose_new_flag': None, 'waitrose_prod_name': 'Tresemmé Shampoo Deep Cleansing 800ml', 'images': []}
DEBUG: Scraped from <200 https://www.waitrose.com/ecom/shop/browse/groceries/toiletries_health_and_beauty/hair_care/shampoo>
{'client': 'Waitrose', 'time': datetime.datetime(2020, 9, 1, 15, 54, 17, 498190), 'category': 'Shampoo', 'id': 'tPp011495-5706-5707', 'prod_name': 'John Frieda Shampoo Touchably Full', 'waitrose_Qty': '250ml', 'waitrose_discounted_price': '£3.99', 'waitrose_offer_desc': 'Save 1/3.', 'waitrose_url': 'https://www.waitrose.com/ecom/shop/browse/groceries/toiletries_health_and_beauty/hair_care/shampoo', 'waitrose_rating': '4', 'waitrose_unit_price': '(£1.60/100ml)', 'waitrose_new_flag': None, 'waitrose_prod_name': 'John Frieda Shampoo Touchably Full 250ml', 'images': []}
DEBUG: Scraped from <200 https://www.waitrose.com/ecom/shop/browse/groceries/toiletries_health_and_beauty/hair_care/shampoo>
{'client': 'Waitrose', 'time': datetime.datetime(2020, 9, 1, 15, 54, 17, 498190), 'category': 'Shampoo', 'id': 'tPp575547-494836-494837', 'prod_name': 'DGJ Thickening Shampoo', 'waitrose_Qty': '250ml', 'waitrose_discounted_price': '£2.50', 'waitrose_offer_desc': 'Half Price.', 'waitrose_url': 'https://www.waitrose.com/ecom/shop/browse/groceries/toiletries_health_and_beauty/hair_care/shampoo', 'waitrose_rating': '5', 'waitrose_unit_price': '(£1/100ml)', 'waitrose_new_flag': None, 'waitrose_prod_name': 'DGJ Thickening Shampoo 250ml', 'images': []}
DEBUG: Scraped from <200 https://www.waitrose.com/ecom/shop/browse/groceries/toiletries_health_and_beauty/hair_care/shampoo>
{'client': 'Waitrose', 'time': datetime.datetime(2020, 9, 1, 15, 54, 17, 498190), 'category': 'Shampoo', 'id': 'tPp433216-720111-720112', 'prod_name': 'John Frieda Hydrate & Recharge Shampoo', 'waitrose_Qty': '250ml', 'waitrose_discounted_price': '£3.99', 'waitrose_offer_desc': 'Save 1/3.', 'waitrose_url': 'https://www.waitrose.com/ecom/shop/browse/groceries/toiletries_health_and_beauty/hair_care/shampoo', 'waitrose_rating': None, 'waitrose_unit_price': '(£1.60/100ml)', 'waitrose_new_flag': None, 'waitrose_prod_name': 'John Frieda Hydrate & Recharge Shampoo 250ml', 'images': []}
DEBUG: Scraped from <200 https://www.waitrose.com/ecom/shop/browse/groceries/toiletries_health_and_beauty/hair_care/shampoo>
{'client': 'Waitrose', 'time': datetime.datetime(2020, 9, 1, 15, 54, 17, 498190), 'category': 'Shampoo', 'id': 'tPp819563-729788-729789', 'prod_name': 'Aussie Blonde Purple Shampoo', 'waitrose_Qty': '290ml', 'waitrose_discounted_price': '£2.99', 'waitrose_offer_desc': 'Half Price.', 'waitrose_url': 'https://www.waitrose.com/ecom/shop/browse/groceries/toiletries_health_and_beauty/hair_care/shampoo', 'waitrose_rating': None, 'waitrose_unit_price': '(£1.04/100ml)', 'waitrose_new_flag': None, 'waitrose_prod_name': 'Aussie Blonde Purple Shampoo 290ml', 'images': []}
DEBUG: Scraped from <200 https://www.waitrose.com/ecom/shop/browse/groceries/toiletries_health_and_beauty/hair_care/shampoo>
{'client': 'Waitrose', 'time': datetime.datetime(2020, 9, 1, 15, 54, 17, 498190), 'category': 'Shampoo', 'id': 'tPp595050-720203-720204', 'prod_name': 'Herbal Essences Coconut Shampoo', 'waitrose_Qty': '250ml', 'waitrose_discounted_price': '£2.00', 'waitrose_offer_desc': 'Save 1/3.', 'waitrose_url': 'https://www.waitrose.com/ecom/shop/browse/groceries/toiletries_health_and_beauty/hair_care/shampoo', 'waitrose_rating': None, 'waitrose_unit_price': '(80p/100ml)', 'waitrose_new_flag': None, 'waitrose_prod_name': 'Herbal Essences Coconut Shampoo 250ml', 'images': []}
DEBUG: Scraped from <200 https://www.waitrose.com/ecom/shop/browse/groceries/toiletries_health_and_beauty/hair_care/shampoo>
{'client': 'Waitrose', 'time': datetime.datetime(2020, 9, 1, 15, 54, 17, 498190), 'category': 'Shampoo', 'id': 'tPp364793-255761-255762', 'prod_name': 'Aussie Miracle Shine Shampoo', 'waitrose_Qty': '300ml', 'waitrose_discounted_price': '£2.00', 'waitrose_offer_desc': 'Half Price.', 'waitrose_url': 'https://www.waitrose.com/ecom/shop/browse/groceries/toiletries_health_and_beauty/hair_care/shampoo', 'waitrose_rating': None, 'waitrose_unit_price': '(66.7p/100ml)', 'waitrose_new_flag': None, 'waitrose_prod_name': 'Aussie Miracle Shine Shampoo 300ml', 'images': []}
DEBUG: Scraped from <200 https://www.waitrose.com/ecom/shop/browse/groceries/toiletries_health_and_beauty/hair_care/shampoo>
{'client': 'Waitrose', 'time': datetime.datetime(2020, 9, 1, 15, 54, 17, 498190), 'category': 'Shampoo', 'id': 'tPp639366-90822-90823', 'prod_name': 'Head & Shoulders Shampoo Classic', 'waitrose_Qty': '500ml', 'waitrose_discounted_price': '£5.15', 'waitrose_offer_desc': None, 'waitrose_url': 'https://www.waitrose.com/ecom/shop/browse/groceries/toiletries_health_and_beauty/hair_care/shampoo', 'waitrose_rating': '3.5', 'waitrose_unit_price': '(£1.03/100ml)', 'waitrose_new_flag': None, 'waitrose_prod_name': 'Head & Shoulders Shampoo Classic 500ml', 'images': []}
DEBUG: Scraped from <200 https://www.waitrose.com/ecom/shop/browse/groceries/toiletries_health_and_beauty/hair_care/shampoo>
{'client': 'Waitrose', 'time': datetime.datetime(2020, 9, 1, 15, 54, 17, 498190), 'category': 'Shampoo', 'id': 'tPp701301-99532-99533', 'prod_name': 'Essential Daily Care Shampoo', 'waitrose_Qty': '300ml', 'waitrose_discounted_price': '80p', 'waitrose_offer_desc': None, 'waitrose_url': 'https://www.waitrose.com/ecom/shop/browse/groceries/toiletries_health_and_beauty/hair_care/shampoo', 'waitrose_rating': '4.1', 'waitrose_unit_price': '(26.7p/100ml)', 'waitrose_new_flag': None, 'waitrose_prod_name': 'Essential Daily Care Shampoo 300ml', 'images': []}
DEBUG: Scraped from <200 https://www.waitrose.com/ecom/shop/browse/groceries/toiletries_health_and_beauty/hair_care/shampoo>
{'client': 'Waitrose', 'time': datetime.datetime(2020, 9, 1, 15, 54, 17, 498190), 'category': 'Shampoo', 'id': 'tPp775870-724036-724037', 'prod_name': 'Faith in Nature Wild Rose Shampoo', 'waitrose_Qty': '400ml', 'waitrose_discounted_price': '£3.86', 'waitrose_offer_desc': 'Save 1/3.', 'waitrose_url': 'https://www.waitrose.com/ecom/shop/browse/groceries/toiletries_health_and_beauty/hair_care/shampoo', 'waitrose_rating': '5', 'waitrose_unit_price': '(96.5p/100ml)', 'waitrose_new_flag': None, 'waitrose_prod_name': 'Faith in Nature Wild Rose Shampoo 400ml', 'images': []}
DEBUG: Scraped from <200 https://www.waitrose.com/ecom/shop/browse/groceries/toiletries_health_and_beauty/hair_care/shampoo>
{'client': 'Waitrose', 'time': datetime.datetime(2020, 9, 1, 15, 54, 17, 498190), 'category': 'Shampoo', 'id': 'tPp494340-69860-69861', 'prod_name': "Neal's Yard Rose Shampoo", 'waitrose_Qty': '200ml', 'waitrose_discounted_price': '£7.66', 'waitrose_offer_desc': 'Save 1/3.', 'waitrose_url': 'https://www.waitrose.com/ecom/shop/browse/groceries/toiletries_health_and_beauty/hair_care/shampoo', 'waitrose_rating': '3.1', 'waitrose_unit_price': '(£3.83/100ml)', 'waitrose_new_flag': None, 'waitrose_prod_name': "Neal's Yard Rose Shampoo 200ml", 'images': []}
DEBUG: Scraped from <200 https://www.waitrose.com/ecom/shop/browse/groceries/toiletries_health_and_beauty/hair_care/shampoo>
{'client': 'Waitrose', 'time': datetime.datetime(2020, 9, 1, 15, 54, 17, 498190), 'category': 'Shampoo', 'id': 'tPp610920-86669-86670', 'prod_name': 'Sheer Blonde Go Blonder Shampoo', 'waitrose_Qty': '250ml', 'waitrose_discounted_price': '£3.99', 'waitrose_offer_desc': 'Save 1/3.', 'waitrose_url': 'https://www.waitrose.com/ecom/shop/browse/groceries/toiletries_health_and_beauty/hair_care/shampoo', 'waitrose_rating': '3.5', 'waitrose_unit_price': '(£1.60/100ml)', 'waitrose_new_flag': None, 'waitrose_prod_name': 'Sheer Blonde Go Blonder Shampoo 250ml', 'images': []}
DEBUG: Scraped from <200 https://www.waitrose.com/ecom/shop/browse/groceries/toiletries_health_and_beauty/hair_care/shampoo>
{'client': 'Waitrose', 'time': datetime.datetime(2020, 9, 1, 15, 54, 17, 498190), 'category': 'Shampoo', 'id': 'tPp535961-75786-75787', 'prod_name': 'essential Waitrose Nourishing Shampoo', 'waitrose_Qty': '300ml', 'waitrose_discounted_price': '80p', 'waitrose_offer_desc': None, 'waitrose_url': 'https://www.waitrose.com/ecom/shop/browse/groceries/toiletries_health_and_beauty/hair_care/shampoo', 'waitrose_rating': '4.3', 'waitrose_unit_price': '(26.7p/100ml)', 'waitrose_new_flag': None, 'waitrose_prod_name': 'essential Waitrose Nourishing Shampoo 300ml', 'images': []}
DEBUG: Scraped from <200 https://www.waitrose.com/ecom/shop/browse/groceries/toiletries_health_and_beauty/hair_care/shampoo>
{'client': 'Waitrose', 'time': datetime.datetime(2020, 9, 1, 15, 54, 17, 498190), 'category': 'Shampoo', 'id': 'tPp871494-495182-495183', 'prod_name': 'DGJ Hairjuice Shampoo', 'waitrose_Qty': '250ml', 'waitrose_discounted_price': '£2.50', 'waitrose_offer_desc': 'Half Price.', 'waitrose_url': 'https://www.waitrose.com/ecom/shop/browse/groceries/toiletries_health_and_beauty/hair_care/shampoo', 'waitrose_rating': '5', 'waitrose_unit_price': '(£1/100ml)', 'waitrose_new_flag': None, 'waitrose_prod_name': 'DGJ Hairjuice Shampoo 250ml', 'images': []}
DEBUG: Scraped from <200 https://www.waitrose.com/ecom/shop/browse/groceries/toiletries_health_and_beauty/hair_care/shampoo>
{'client': 'Waitrose', 'time': datetime.datetime(2020, 9, 1, 15, 54, 17, 498190), 'category': 'Shampoo', 'id': 'tPp819340-720339-720340', 'prod_name': 'Head & Shoulders Supreme Shampoo', 'waitrose_Qty': '400ml', 'waitrose_discounted_price': '£3.33', 'waitrose_offer_desc': 'Save 1/3.', 'waitrose_url': 'https://www.waitrose.com/ecom/shop/browse/groceries/toiletries_health_and_beauty/hair_care/shampoo', 'waitrose_rating': None, 'waitrose_unit_price': '(83.3p/100ml)', 'waitrose_new_flag': None, 'waitrose_prod_name': 'Head & Shoulders Supreme Shampoo 400ml', 'images': []}
DEBUG: Scraped from <200 https://www.waitrose.com/ecom/shop/browse/groceries/toiletries_health_and_beauty/hair_care/shampoo>
{'client': 'Waitrose', 'time': datetime.datetime(2020, 9, 1, 15, 54, 17, 498190), 'category': 'Shampoo', 'id': 'tPp735040-695707-695708', 'prod_name': 'Vosene Kids 3in1 Tea Tree Shampoo', 'waitrose_Qty': '250ml', 'waitrose_discounted_price': '£1.66', 'waitrose_offer_desc': 'Save 1/3.', 'waitrose_url': 'https://www.waitrose.com/ecom/shop/browse/groceries/toiletries_health_and_beauty/hair_care/shampoo', 'waitrose_rating': None, 'waitrose_unit_price': '(66.4p/100ml)', 'waitrose_new_flag': None, 'waitrose_prod_name': 'Vosene Kids 3in1 Tea Tree Shampoo 250ml', 'images': []}
DEBUG: Scraped from <200 https://www.waitrose.com/ecom/shop/browse/groceries/toiletries_health_and_beauty/hair_care/shampoo>
{'client': 'Waitrose', 'time': datetime.datetime(2020, 9, 1, 15, 54, 17, 498190), 'category': 'Shampoo', 'id': 'tPp425163-526469-526470', 'prod_name': 'Frizz Ease Shampoo Miraculous Recovery', 'waitrose_Qty': '250ml', 'waitrose_discounted_price': '£3.99', 'waitrose_offer_desc': 'Save 1/3.', 'waitrose_url': 'https://www.waitrose.com/ecom/shop/browse/groceries/toiletries_health_and_beauty/hair_care/shampoo', 'waitrose_rating': None, 'waitrose_unit_price': '(£1.60/100ml)', 'waitrose_new_flag': None, 'waitrose_prod_name': 'Frizz Ease Shampoo Miraculous Recovery 250ml', 'images': []}
DEBUG: Scraped from <200 https://www.waitrose.com/ecom/shop/browse/groceries/toiletries_health_and_beauty/hair_care/shampoo>
{'client': 'Waitrose', 'time': datetime.datetime(2020, 9, 1, 15, 54, 17, 498190), 'category': 'Shampoo', 'id': 'tPp895328-495224-495225', 'prod_name': 'DGJ Kids Detangle Shampoo', 'waitrose_Qty': '250ml', 'waitrose_discounted_price': '£1.75', 'waitrose_offer_desc': 'Half Price.', 'waitrose_url': 'https://www.waitrose.com/ecom/shop/browse/groceries/toiletries_health_and_beauty/hair_care/shampoo', 'waitrose_rating': '5', 'waitrose_unit_price': '(70p/100ml)', 'waitrose_new_flag': None, 'waitrose_prod_name': 'DGJ Kids Detangle Shampoo 250ml', 'images': []}
DEBUG: Scraped from <200 https://www.waitrose.com/ecom/shop/browse/groceries/toiletries_health_and_beauty/hair_care/shampoo>
{'client': 'Waitrose', 'time': datetime.datetime(2020, 9, 1, 15, 54, 17, 498190), 'category': 'Shampoo', 'id': 'tPp563832-295347-295348', 'prod_name': 'Argan + Argan Oil 5Oil Miracle Shampoo', 'waitrose_Qty': '300ml', 'waitrose_discounted_price': '£4.00', 'waitrose_offer_desc': 'Save 1/3.', 'waitrose_url': 'https://www.waitrose.com/ecom/shop/browse/groceries/toiletries_health_and_beauty/hair_care/shampoo', 'waitrose_rating': '5', 'waitrose_unit_price': '(£1.34/100ml)', 'waitrose_new_flag': None, 'waitrose_prod_name': 'Argan + Argan Oil 5Oil Miracle Shampoo 300ml', 'images': []}
DEBUG: Scraped from <200 https://www.waitrose.com/ecom/shop/browse/groceries/toiletries_health_and_beauty/hair_care/shampoo>
{'client': 'Waitrose', 'time': datetime.datetime(2020, 9, 1, 15, 54, 17, 498190), 'category': 'Shampoo', 'id': 'tPp745828-495012-495013', 'prod_name': 'DGJ Kids Lice Repel Shampoo', 'waitrose_Qty': '250ml', 'waitrose_discounted_price': '£1.75', 'waitrose_offer_desc': 'Half Price.', 'waitrose_url': 'https://www.waitrose.com/ecom/shop/browse/groceries/toiletries_health_and_beauty/hair_care/shampoo', 'waitrose_rating': None, 'waitrose_unit_price': '(70p/100ml)', 'waitrose_new_flag': None, 'waitrose_prod_name': 'DGJ Kids Lice Repel Shampoo 250ml', 'images': []}
DEBUG: Scraped from <200 https://www.waitrose.com/ecom/shop/browse/groceries/toiletries_health_and_beauty/hair_care/shampoo>
{'client': 'Waitrose', 'time': datetime.datetime(2020, 9, 1, 15, 54, 17, 498190), 'category': 'Shampoo', 'id': 'tPp747801-683764-683765', 'prod_name': 'Aussie Shampoo Scent-sational', 'waitrose_Qty': '300ml', 'waitrose_discounted_price': '£2.00', 'waitrose_offer_desc': 'Half Price.', 'waitrose_url': 'https://www.waitrose.com/ecom/shop/browse/groceries/toiletries_health_and_beauty/hair_care/shampoo', 'waitrose_rating': '5', 'waitrose_unit_price': '(66.7p/100ml)', 'waitrose_new_flag': None, 'waitrose_prod_name': 'Aussie Shampoo Scent-sational 300ml', 'images': []}
DEBUG: Scraped from <200 https://www.waitrose.com/ecom/shop/browse/groceries/toiletries_health_and_beauty/hair_care/shampoo>
{'client': 'Waitrose', 'time': datetime.datetime(2020, 9, 1, 15, 54, 17, 498190), 'category': 'Shampoo', 'id': 'tPp425124-59787-59788', 'prod_name': 'Brilliant Brunette Protecting Shampoo', 'waitrose_Qty': '250ml', 'waitrose_discounted_price': '£3.99', 'waitrose_offer_desc': 'Save 1/3.', 'waitrose_url': 'https://www.waitrose.com/ecom/shop/browse/groceries/toiletries_health_and_beauty/hair_care/shampoo', 'waitrose_rating': None, 'waitrose_unit_price': '(£1.60/100ml)', 'waitrose_new_flag': None, 'waitrose_prod_name': 'Brilliant Brunette Protecting Shampoo 250ml', 'images': []}
DEBUG: Scraped from <200 https://www.waitrose.com/ecom/shop/browse/groceries/toiletries_health_and_beauty/hair_care/shampoo>
{'client': 'Waitrose', 'time': datetime.datetime(2020, 9, 1, 15, 54, 17, 498190), 'category': 'Shampoo', 'id': 'tPp810201-352482-352483', 'prod_name': 'Essential Daily Care 2 in 1', 'waitrose_Qty': '300ml', 'waitrose_discounted_price': '80p', 'waitrose_offer_desc': None, 'waitrose_url': 'https://www.waitrose.com/ecom/shop/browse/groceries/toiletries_health_and_beauty/hair_care/shampoo', 'waitrose_rating': '4.3', 'waitrose_unit_price': '(26.7p/100ml)', 'waitrose_new_flag': None, 'waitrose_prod_name': 'Essential Daily Care 2 in 1 300ml', 'images': []}
DEBUG: Scraped from <200 https://www.waitrose.com/ecom/shop/browse/groceries/toiletries_health_and_beauty/hair_care/shampoo>
{'client': 'Waitrose', 'time': datetime.datetime(2020, 9, 1, 15, 54, 17, 498190), 'category': 'Shampoo', 'id': 'tPp538896-720173-720174', 'prod_name': 'Herbal Essences Argan Oil Shampoo', 'waitrose_Qty': '250ml', 'waitrose_discounted_price': '£2.00', 'waitrose_offer_desc': 'Save 1/3.', 'waitrose_url': 'https://www.waitrose.com/ecom/shop/browse/groceries/toiletries_health_and_beauty/hair_care/shampoo', 'waitrose_rating': None, 'waitrose_unit_price': '(80p/100ml)', 'waitrose_new_flag': None, 'waitrose_prod_name': 'Herbal Essences Argan Oil Shampoo 250ml', 'images': []}
DEBUG: Scraped from <200 https://www.waitrose.com/ecom/shop/browse/groceries/toiletries_health_and_beauty/hair_care/shampoo>
{'client': 'Waitrose', 'time': datetime.datetime(2020, 9, 1, 15, 54, 17, 498190), 'category': 'Shampoo', 'id': 'tPp502437-720153-720154', 'prod_name': 'Aussie Calm The Frizz Shampoo', 'waitrose_Qty': '300ml', 'waitrose_discounted_price': '£2.00', 'waitrose_offer_desc': 'Half Price.', 'waitrose_url': 'https://www.waitrose.com/ecom/shop/browse/groceries/toiletries_health_and_beauty/hair_care/shampoo', 'waitrose_rating': None, 'waitrose_unit_price': '(66.7p/100ml)', 'waitrose_new_flag': None, 'waitrose_prod_name': 'Aussie Calm The Frizz Shampoo 300ml', 'images': []}
DEBUG: Scraped from <200 https://www.waitrose.com/ecom/shop/browse/groceries/toiletries_health_and_beauty/hair_care/shampoo>
{'client': 'Waitrose', 'time': datetime.datetime(2020, 9, 1, 15, 54, 17, 498190), 'category': 'Shampoo', 'id': 'tPp435635-694165-694166', 'prod_name': 'Pantene Classic Clean Shampoo', 'waitrose_Qty': '500ml', 'waitrose_discounted_price': '£5.15', 'waitrose_offer_desc': None, 'waitrose_url': 'https://www.waitrose.com/ecom/shop/browse/groceries/toiletries_health_and_beauty/hair_care/shampoo', 'waitrose_rating': None, 'waitrose_unit_price': '(£1.03/100ml)', 'waitrose_new_flag': None, 'waitrose_prod_name': 'Pantene Classic Clean Shampoo 500ml', 'images': []}
DEBUG: Scraped from <200 https://www.waitrose.com/ecom/shop/browse/groceries/toiletries_health_and_beauty/hair_care/shampoo>
{'client': 'Waitrose', 'time': datetime.datetime(2020, 9, 1, 15, 54, 17, 498190), 'category': 'Shampoo', 'id': 'tPp847454-724141-724142', 'prod_name': 'Faith in Nature Grapefruit Shampoo', 'waitrose_Qty': '400ml', 'waitrose_discounted_price': '£3.86', 'waitrose_offer_desc': 'Save 1/3.', 'waitrose_url': 'https://www.waitrose.com/ecom/shop/browse/groceries/toiletries_health_and_beauty/hair_care/shampoo', 'waitrose_rating': None, 'waitrose_unit_price': '(96.5p/100ml)', 'waitrose_new_flag': None, 'waitrose_prod_name': 'Faith in Nature Grapefruit Shampoo 400ml', 'images': []}
DEBUG: Scraped from <200 https://www.waitrose.com/ecom/shop/browse/groceries/toiletries_health_and_beauty/hair_care/shampoo>
{'client': 'Waitrose', 'time': datetime.datetime(2020, 9, 1, 15, 54, 17, 498190), 'category': 'Shampoo', 'id': 'tPp757780-107799-107800', 'prod_name': 'Head & Shoulders 2in1 Classic Clean', 'waitrose_Qty': '450ml', 'waitrose_discounted_price': '£5.15', 'waitrose_offer_desc': None, 'waitrose_url': 'https://www.waitrose.com/ecom/shop/browse/groceries/toiletries_health_and_beauty/hair_care/shampoo', 'waitrose_rating': '4', 'waitrose_unit_price': '(£1.15/100ml)', 'waitrose_new_flag': None, 'waitrose_prod_name': 'Head & Shoulders 2in1 Classic Clean 450ml', 'images': []}
DEBUG: Scraped from <200 https://www.waitrose.com/ecom/shop/browse/groceries/toiletries_health_and_beauty/hair_care/shampoo>
{'client': 'Waitrose', 'time': datetime.datetime(2020, 9, 1, 15, 54, 17, 498190), 'category': 'Shampoo', 'id': 'tPp455905-591789-591790', 'prod_name': 'Herbal Essences clean Shampoo', 'waitrose_Qty': '400ml', 'waitrose_discounted_price': '£4.50', 'waitrose_offer_desc': None, 'waitrose_url': 'https://www.waitrose.com/ecom/shop/browse/groceries/toiletries_health_and_beauty/hair_care/shampoo', 'waitrose_rating': None, 'waitrose_unit_price': '(£1.13/100ml)', 'waitrose_new_flag': None, 'waitrose_prod_name': 'Herbal Essences clean Shampoo 400ml', 'images': []}
DEBUG: Scraped from <200 https://www.waitrose.com/ecom/shop/browse/groceries/toiletries_health_and_beauty/hair_care/shampoo>
{'client': 'Waitrose', 'time': datetime.datetime(2020, 9, 1, 15, 54, 17, 498190), 'category': 'Shampoo', 'id': 'tPp402915-526384-526385', 'prod_name': 'John Frieda Violet Crush Shampoo', 'waitrose_Qty': '250ml', 'waitrose_discounted_price': '£3.99', 'waitrose_offer_desc': 'Save 1/3.', 'waitrose_url': 'https://www.waitrose.com/ecom/shop/browse/groceries/toiletries_health_and_beauty/hair_care/shampoo', 'waitrose_rating': '5', 'waitrose_unit_price': '(£1.60/100ml)', 'waitrose_new_flag': None, 'waitrose_prod_name': 'John Frieda Violet Crush Shampoo 250ml', 'images': []}
DEBUG: Scraped from <200 https://www.waitrose.com/ecom/shop/browse/groceries/toiletries_health_and_beauty/hair_care/shampoo>
{'client': 'Waitrose', 'time': datetime.datetime(2020, 9, 1, 15, 54, 17, 498190), 'category': 'Shampoo', 'id': 'tPp702159-494964-494965', 'prod_name': 'DGJ Argan Oil Shampoo', 'waitrose_Qty': '250ml', 'waitrose_discounted_price': '£2.50', 'waitrose_offer_desc': 'Half Price.', 'waitrose_url': 'https://www.waitrose.com/ecom/shop/browse/groceries/toiletries_health_and_beauty/hair_care/shampoo', 'waitrose_rating': None, 'waitrose_unit_price': '(£1/100ml)', 'waitrose_new_flag': None, 'waitrose_prod_name': 'DGJ Argan Oil Shampoo 250ml', 'images': []}
DEBUG: Scraped from <200 https://www.waitrose.com/ecom/shop/browse/groceries/toiletries_health_and_beauty/hair_care/shampoo>
{'client': 'Waitrose', 'time': datetime.datetime(2020, 9, 1, 15, 54, 17, 498190), 'category': 'Shampoo', 'id': 'tPp824583-694195-694196', 'prod_name': 'Pantene Repair & Protect Shampoo', 'waitrose_Qty': '500ml', 'waitrose_discounted_price': '£3.75', 'waitrose_offer_desc': None, 'waitrose_url': 'https://www.waitrose.com/ecom/shop/browse/groceries/toiletries_health_and_beauty/hair_care/shampoo', 'waitrose_rating': None, 'waitrose_unit_price': '(75p/100ml)', 'waitrose_new_flag': None, 'waitrose_prod_name': 'Pantene Repair & Protect Shampoo 500ml', 'images': []}
DEBUG: Scraped from <200 https://www.waitrose.com/ecom/shop/browse/groceries/toiletries_health_and_beauty/hair_care/shampoo>
{'client': 'Waitrose', 'time': datetime.datetime(2020, 9, 1, 15, 54, 17, 498190), 'category': 'Shampoo', 'id': 'tPp583946-82773-82774', 'prod_name': "Neal's Yard Lavender Shampoo", 'waitrose_Qty': '200ml', 'waitrose_discounted_price': '£7.66', 'waitrose_offer_desc': 'Save 1/3.', 'waitrose_url': 'https://www.waitrose.com/ecom/shop/browse/groceries/toiletries_health_and_beauty/hair_care/shampoo', 'waitrose_rating': '2.3', 'waitrose_unit_price': '(£3.83/100ml)', 'waitrose_new_flag': None, 'waitrose_prod_name': "Neal's Yard Lavender Shampoo 200ml", 'images': []}
DEBUG: Scraped from <200 https://www.waitrose.com/ecom/shop/browse/groceries/toiletries_health_and_beauty/hair_care/shampoo>
{'client': 'Waitrose', 'time': datetime.datetime(2020, 9, 1, 15, 54, 17, 498190), 'category': 'Shampoo', 'id': 'tPp065299-33095-33096', 'prod_name': 'Frizz Ease Dream Curls Shampoo', 'waitrose_Qty': '250ml', 'waitrose_discounted_price': '£3.99', 'waitrose_offer_desc': 'Save 1/3.', 'waitrose_url': 'https://www.waitrose.com/ecom/shop/browse/groceries/toiletries_health_and_beauty/hair_care/shampoo', 'waitrose_rating': '5', 'waitrose_unit_price': '(£1.60/100ml)', 'waitrose_new_flag': None, 'waitrose_prod_name': 'Frizz Ease Dream Curls Shampoo 250ml', 'images': []}
DEBUG: Scraped from <200 https://www.waitrose.com/ecom/shop/browse/groceries/toiletries_health_and_beauty/hair_care/shampoo>
{'client': 'Waitrose', 'time': datetime.datetime(2020, 9, 1, 15, 54, 17, 498190), 'category': 'Shampoo', 'id': 'tPp657721-694179-694180', 'prod_name': 'Pantene 3 in 1 Classic Clean', 'waitrose_Qty': '450ml', 'waitrose_discounted_price': '£3.75', 'waitrose_offer_desc': None, 'waitrose_url': 'https://www.waitrose.com/ecom/shop/browse/groceries/toiletries_health_and_beauty/hair_care/shampoo', 'waitrose_rating': None, 'waitrose_unit_price': '(83.3p/100ml)', 'waitrose_new_flag': None, 'waitrose_prod_name': 'Pantene 3 in 1 Classic Clean 450ml', 'images': []}
DEBUG: Scraped from <200 https://www.waitrose.com/ecom/shop/browse/groceries/toiletries_health_and_beauty/hair_care/shampoo>
{'client': 'Waitrose', 'time': datetime.datetime(2020, 9, 1, 15, 54, 17, 498190), 'category': 'Shampoo', 'id': 'tPp740653-352034-352035', 'prod_name': 'essential Waitrose Anti-Dandruff 2 in 1', 'waitrose_Qty': '300ml', 'waitrose_discounted_price': '£1.00', 'waitrose_offer_desc': None, 'waitrose_url': 'https://www.waitrose.com/ecom/shop/browse/groceries/toiletries_health_and_beauty/hair_care/shampoo', 'waitrose_rating': '4', 'waitrose_unit_price': '(33.3p/100ml)', 'waitrose_new_flag': None, 'waitrose_prod_name': 'essential Waitrose Anti-Dandruff 2 in 1 300ml', 'images': []}
DEBUG: Scraped from <200 https://www.waitrose.com/ecom/shop/browse/groceries/toiletries_health_and_beauty/hair_care/shampoo>
{'client': 'Waitrose', 'time': datetime.datetime(2020, 9, 1, 15, 54, 17, 498190), 'category': 'Shampoo', 'id': 'tPp502050-631293-631294', 'prod_name': 'Hask Argan Oil Repairing Shampoo', 'waitrose_Qty': '355ml', 'waitrose_discounted_price': '£4.66', 'waitrose_offer_desc': 'Save 1/3.', 'waitrose_url': 'https://www.waitrose.com/ecom/shop/browse/groceries/toiletries_health_and_beauty/hair_care/shampoo', 'waitrose_rating': '3.7', 'waitrose_unit_price': '(£1.32/100ml)', 'waitrose_new_flag': None, 'waitrose_prod_name': 'Hask Argan Oil Repairing Shampoo 355ml', 'images': []}
DEBUG: Scraped from <200 https://www.waitrose.com/ecom/shop/browse/groceries/toiletries_health_and_beauty/hair_care/shampoo>
{'client': 'Waitrose', 'time': datetime.datetime(2020, 9, 1, 15, 54, 17, 498190), 'category': 'Shampoo', 'id': 'tPp755186-495024-495025', 'prod_name': 'DGJ Colour Save Shampoo', 'waitrose_Qty': '250ml', 'waitrose_discounted_price': '£2.50', 'waitrose_offer_desc': 'Half Price.', 'waitrose_url': 'https://www.waitrose.com/ecom/shop/browse/groceries/toiletries_health_and_beauty/hair_care/shampoo', 'waitrose_rating': None, 'waitrose_unit_price': '(£1/100ml)', 'waitrose_new_flag': None, 'waitrose_prod_name': 'DGJ Colour Save Shampoo 250ml', 'images': []}
DEBUG: Scraped from <200 https://www.waitrose.com/ecom/shop/browse/groceries/toiletries_health_and_beauty/hair_care/shampoo>
{'client': 'Waitrose', 'time': datetime.datetime(2020, 9, 1, 15, 54, 17, 498190), 'category': 'Shampoo', 'id': 'tPp833802-337290-337291', 'prod_name': 'Aussie Miracle Moist Spray', 'waitrose_Qty': '250ml', 'waitrose_discounted_price': '£2.57', 'waitrose_offer_desc': 'Half Price.', 'waitrose_url': 'https://www.waitrose.com/ecom/shop/browse/groceries/toiletries_health_and_beauty/hair_care/shampoo', 'waitrose_rating': None, 'waitrose_unit_price': '(£1.03/100ml)', 'waitrose_new_flag': None, 'waitrose_prod_name': 'Aussie Miracle Moist Spray 250ml', 'images': []}
DEBUG: Scraped from <200 https://www.waitrose.com/ecom/shop/browse/groceries/toiletries_health_and_beauty/hair_care/shampoo>
{'client': 'Waitrose', 'time': datetime.datetime(2020, 9, 1, 15, 54, 17, 498190), 'category': 'Shampoo', 'id': 'tPp687186-337057-337058', 'prod_name': 'Argan + Argan Oil Rejuvenating Shampoo', 'waitrose_Qty': '300ml', 'waitrose_discounted_price': '£4.00', 'waitrose_offer_desc': 'Save 1/3.', 'waitrose_url': 'https://www.waitrose.com/ecom/shop/browse/groceries/toiletries_health_and_beauty/hair_care/shampoo', 'waitrose_rating': '5', 'waitrose_unit_price': '(£1.34/100ml)', 'waitrose_new_flag': None, 'waitrose_prod_name': 'Argan + Argan Oil Rejuvenating Shampoo 300ml', 'images': []}
DEBUG: Scraped from <200 https://www.waitrose.com/ecom/shop/browse/groceries/toiletries_health_and_beauty/hair_care/shampoo>
{'client': 'Waitrose', 'time': datetime.datetime(2020, 9, 1, 15, 54, 17, 498190), 'category': 'Shampoo', 'id': 'tPp472240-591833-591834', 'prod_name': 'Herbal Essences Repair Shampoo', 'waitrose_Qty': '400ml', 'waitrose_discounted_price': '£4.50', 'waitrose_offer_desc': None, 'waitrose_url': 'https://www.waitrose.com/ecom/shop/browse/groceries/toiletries_health_and_beauty/hair_care/shampoo', 'waitrose_rating': '5', 'waitrose_unit_price': '(£1.13/100ml)', 'waitrose_new_flag': None, 'waitrose_prod_name': 'Herbal Essences Repair Shampoo 400ml', 'images': []}
DEBUG: Scraped from <200 https://www.waitrose.com/ecom/shop/browse/groceries/toiletries_health_and_beauty/hair_care/shampoo>
{'client': 'Waitrose', 'time': datetime.datetime(2020, 9, 1, 15, 54, 17, 498190), 'category': 'Shampoo', 'id': 'tPp464815-154487-154488', 'prod_name': 'Batiste original dry shampoo', 'waitrose_Qty': '200ml', 'waitrose_discounted_price': '£3.00', 'waitrose_offer_desc': None, 'waitrose_url': 'https://www.waitrose.com/ecom/shop/browse/groceries/toiletries_health_and_beauty/hair_care/shampoo', 'waitrose_rating': '5', 'waitrose_unit_price': '(£1.50/100ml)', 'waitrose_new_flag': None, 'waitrose_prod_name': 'Batiste original dry shampoo 200ml', 'images': []}
DEBUG: Scraped from <200 https://www.waitrose.com/ecom/shop/browse/groceries/toiletries_health_and_beauty/hair_care/shampoo>
{'client': 'Waitrose', 'time': datetime.datetime(2020, 9, 1, 15, 54, 17, 498190), 'category': 'Shampoo', 'id': 'tPp725068-723986-723987', 'prod_name': 'Faith in Nature Lavender Shampoo', 'waitrose_Qty': '400ml', 'waitrose_discounted_price': '£3.86', 'waitrose_offer_desc': 'Save 1/3.', 'waitrose_url': 'https://www.waitrose.com/ecom/shop/browse/groceries/toiletries_health_and_beauty/hair_care/shampoo', 'waitrose_rating': None, 'waitrose_unit_price': '(96.5p/100ml)', 'waitrose_new_flag': None, 'waitrose_prod_name': 'Faith in Nature Lavender Shampoo 400ml', 'images': []}
DEBUG: Scraped from <200 https://www.waitrose.com/ecom/shop/browse/groceries/toiletries_health_and_beauty/hair_care/shampoo>
{'client': 'Waitrose', 'time': datetime.datetime(2020, 9, 1, 15, 54, 17, 498190), 'category': 'Shampoo', 'id': 'tPp711086-652694-652695', 'prod_name': 'Head & Shoulders Supreme Moisture', 'waitrose_Qty': '400ml', 'waitrose_discounted_price': '£3.43', 'waitrose_offer_desc': 'Save 1/3.', 'waitrose_url': 'https://www.waitrose.com/ecom/shop/browse/groceries/toiletries_health_and_beauty/hair_care/shampoo', 'waitrose_rating': None, 'waitrose_unit_price': '(85.8p/100ml)', 'waitrose_new_flag': None, 'waitrose_prod_name': 'Head & Shoulders Supreme Moisture 400ml', 'images': []}
DEBUG: Scraped from <200 https://www.waitrose.com/ecom/shop/browse/groceries/toiletries_health_and_beauty/hair_care/shampoo>
{'client': 'Waitrose', 'time': datetime.datetime(2020, 9, 1, 15, 54, 17, 498190), 'category': 'Shampoo', 'id': 'tPp051100-25409-25410', 'prod_name': 'Sheer Blonde Moisturising Shampoo', 'waitrose_Qty': '250ml', 'waitrose_discounted_price': '£3.99', 'waitrose_offer_desc': 'Save 1/3.', 'waitrose_url': 'https://www.waitrose.com/ecom/shop/browse/groceries/toiletries_health_and_beauty/hair_care/shampoo', 'waitrose_rating': '3', 'waitrose_unit_price': '(£1.60/100ml)', 'waitrose_new_flag': None, 'waitrose_prod_name': 'Sheer Blonde Moisturising Shampoo 250ml', 'images': []}
DEBUG: Scraped from <200 https://www.waitrose.com/ecom/shop/browse/groceries/toiletries_health_and_beauty/hair_care/shampoo>
{'client': 'Waitrose', 'time': datetime.datetime(2020, 9, 1, 15, 54, 17, 498190), 'category': 'Shampoo', 'id': 'tPp836753-694201-694202', 'prod_name': 'Pantene Volume & Body Shampoo', 'waitrose_Qty': '500ml', 'waitrose_discounted_price': '£5.15', 'waitrose_offer_desc': None, 'waitrose_url': 'https://www.waitrose.com/ecom/shop/browse/groceries/toiletries_health_and_beauty/hair_care/shampoo', 'waitrose_rating': None, 'waitrose_unit_price': '(£1.03/100ml)', 'waitrose_new_flag': None, 'waitrose_prod_name': 'Pantene Volume & Body Shampoo 500ml', 'images': []}
DEBUG: Scraped from <200 https://www.waitrose.com/ecom/shop/browse/groceries/toiletries_health_and_beauty/hair_care/shampoo>
{'client': 'Waitrose', 'time': datetime.datetime(2020, 9, 1, 15, 54, 17, 498190), 'category': 'Shampoo', 'id': 'tPp582132-472091-472092', 'prod_name': 'Ogx Argan Oil Morocco Shampoo', 'waitrose_Qty': '385ml', 'waitrose_discounted_price': '£7.00', 'waitrose_offer_desc': None, 'waitrose_url': 'https://www.waitrose.com/ecom/shop/browse/groceries/toiletries_health_and_beauty/hair_care/shampoo', 'waitrose_rating': '4', 'waitrose_unit_price': '(£1.82/100ml)', 'waitrose_new_flag': None, 'waitrose_prod_name': 'Ogx Argan Oil Morocco Shampoo 385ml', 'images': []}
DEBUG: Scraped from <200 https://www.waitrose.com/ecom/shop/browse/groceries/toiletries_health_and_beauty/hair_care/shampoo>
{'client': 'Waitrose', 'time': datetime.datetime(2020, 9, 1, 15, 54, 17, 498190), 'category': 'Shampoo', 'id': 'tPp882824-154983-154984', 'prod_name': 'Head & Shoulders itchy scalp shampoo', 'waitrose_Qty': '500ml', 'waitrose_discounted_price': '£5.15', 'waitrose_offer_desc': None, 'waitrose_url': 'https://www.waitrose.com/ecom/shop/browse/groceries/toiletries_health_and_beauty/hair_care/shampoo', 'waitrose_rating': '5', 'waitrose_unit_price': '(£1.03/100ml)', 'waitrose_new_flag': None, 'waitrose_prod_name': 'Head & Shoulders itchy scalp shampoo 500ml', 'images': []}
DEBUG: Scraped from <200 https://www.waitrose.com/ecom/shop/browse/groceries/toiletries_health_and_beauty/hair_care/shampoo>
{'client': 'Waitrose', 'time': datetime.datetime(2020, 9, 1, 15, 54, 17, 498190), 'category': 'Shampoo', 'id': 'tPp844892-695845-695846', 'prod_name': 'Head & Shoulders Colour Protect', 'waitrose_Qty': '400ml', 'waitrose_discounted_price': '£3.33', 'waitrose_offer_desc': 'Save 1/3.', 'waitrose_url': 'https://www.waitrose.com/ecom/shop/browse/groceries/toiletries_health_and_beauty/hair_care/shampoo', 'waitrose_rating': None, 'waitrose_unit_price': '(83.3p/100ml)', 'waitrose_new_flag': None, 'waitrose_prod_name': 'Head & Shoulders Colour Protect 400ml', 'images': []}
DEBUG: Scraped from <200 https://www.waitrose.com/ecom/shop/browse/groceries/toiletries_health_and_beauty/hair_care/shampoo>
{'client': 'Waitrose', 'time': datetime.datetime(2020, 9, 1, 15, 54, 17, 498190), 'category': 'Shampoo', 'id': 'tPp755349-720291-720292', 'prod_name': 'Herbal Essences Aloe & Mango Shampoo', 'waitrose_Qty': '380ml', 'waitrose_discounted_price': '£4.50', 'waitrose_offer_desc': None, 'waitrose_url': 'https://www.waitrose.com/ecom/shop/browse/groceries/toiletries_health_and_beauty/hair_care/shampoo', 'waitrose_rating': None, 'waitrose_unit_price': '(£1.19/100ml)', 'waitrose_new_flag': None, 'waitrose_prod_name': 'Herbal Essences Aloe & Mango Shampoo 380ml', 'images': []}
DEBUG: Scraped from <200 https://www.waitrose.com/ecom/shop/browse/groceries/toiletries_health_and_beauty/hair_care/shampoo>
{'client': 'Waitrose', 'time': datetime.datetime(2020, 9, 1, 15, 54, 17, 498190), 'category': 'Shampoo', 'id': 'tPp486943-68769-68770', 'prod_name': 'Head & Shoulders 2in1 classic clean', 'waitrose_Qty': '225ml', 'waitrose_discounted_price': '£3.00', 'waitrose_offer_desc': None, 'waitrose_url': 'https://www.waitrose.com/ecom/shop/browse/groceries/toiletries_health_and_beauty/hair_care/shampoo', 'waitrose_rating': '4', 'waitrose_unit_price': '(£1.34/100ml)', 'waitrose_new_flag': None, 'waitrose_prod_name': 'Head & Shoulders 2in1 classic clean 225ml', 'images': []}
DEBUG: Scraped from <200 https://www.waitrose.com/ecom/shop/browse/groceries/toiletries_health_and_beauty/hair_care/shampoo>
{'client': 'Waitrose', 'time': datetime.datetime(2020, 9, 1, 15, 54, 17, 498190), 'category': 'Shampoo', 'id': 'tPp062495-31737-31738', 'prod_name': 'Neutrogena T/Gel shampoo dry hair', 'waitrose_Qty': '125ml', 'waitrose_discounted_price': '£5.15', 'waitrose_offer_desc': None, 'waitrose_url': 'https://www.waitrose.com/ecom/shop/browse/groceries/toiletries_health_and_beauty/hair_care/shampoo', 'waitrose_rating': None, 'waitrose_unit_price': '(£4.12/100ml)', 'waitrose_new_flag': None, 'waitrose_prod_name': 'Neutrogena T/Gel shampoo dry hair 125ml', 'images': []}
DEBUG: Scraped from <200 https://www.waitrose.com/ecom/shop/browse/groceries/toiletries_health_and_beauty/hair_care/shampoo>
{'client': 'Waitrose', 'time': datetime.datetime(2020, 9, 1, 15, 54, 17, 498190), 'category': 'Shampoo', 'id': 'tPp839781-154875-154876', 'prod_name': 'Aussie miracle moist shampoo', 'waitrose_Qty': '500ml', 'waitrose_discounted_price': '£6.15', 'waitrose_offer_desc': None, 'waitrose_url': 'https://www.waitrose.com/ecom/shop/browse/groceries/toiletries_health_and_beauty/hair_care/shampoo', 'waitrose_rating': None, 'waitrose_unit_price': '(£1.23/100ml)', 'waitrose_new_flag': None, 'waitrose_prod_name': 'Aussie miracle moist shampoo 500ml', 'images': []}
DEBUG: Scraped from <200 https://www.waitrose.com/ecom/shop/browse/groceries/toiletries_health_and_beauty/hair_care/shampoo>
{'client': 'Waitrose', 'time': datetime.datetime(2020, 9, 1, 15, 54, 17, 498190), 'category': 'Shampoo', 'id': 'tPp884562-720413-720414', 'prod_name': 'Maui Moisture Shea Butter Shampoo', 'waitrose_Qty': '385ml', 'waitrose_discounted_price': '£6.00', 'waitrose_offer_desc': 'Save 1/3.', 'waitrose_url': 'https://www.waitrose.com/ecom/shop/browse/groceries/toiletries_health_and_beauty/hair_care/shampoo', 'waitrose_rating': None, 'waitrose_unit_price': '(£1.56/100ml)', 'waitrose_new_flag': None, 'waitrose_prod_name': 'Maui Moisture Shea Butter Shampoo 385ml', 'images': []}
DEBUG: Scraped from <200 https://www.waitrose.com/ecom/shop/browse/groceries/toiletries_health_and_beauty/hair_care/shampoo>
{'client': 'Waitrose', 'time': datetime.datetime(2020, 9, 1, 15, 54, 17, 498190), 'category': 'Shampoo', 'id': 'tPp645178-695617-695618', 'prod_name': 'John Frieda Shampoo Weightless Wonder', 'waitrose_Qty': '250ml', 'waitrose_discounted_price': '£3.99', 'waitrose_offer_desc': 'Save 1/3.', 'waitrose_url': 'https://www.waitrose.com/ecom/shop/browse/groceries/toiletries_health_and_beauty/hair_care/shampoo', 'waitrose_rating': '4.6', 'waitrose_unit_price': '(£1.60/100ml)', 'waitrose_new_flag': None, 'waitrose_prod_name': 'John Frieda Shampoo Weightless Wonder 250ml', 'images': []}
DEBUG: Scraped from <200 https://www.waitrose.com/ecom/shop/browse/groceries/toiletries_health_and_beauty/hair_care/shampoo>
{'client': 'Waitrose', 'time': datetime.datetime(2020, 9, 1, 15, 54, 17, 498190), 'category': 'Shampoo', 'id': 'tPp414862-695397-695398', 'prod_name': 'Noughty Wave Hello Shampoo', 'waitrose_Qty': '250ml', 'waitrose_discounted_price': '£4.66', 'waitrose_offer_desc': 'Save 1/3.', 'waitrose_url': 'https://www.waitrose.com/ecom/shop/browse/groceries/toiletries_health_and_beauty/hair_care/shampoo', 'waitrose_rating': None, 'waitrose_unit_price': '(£1.87/100ml)', 'waitrose_new_flag': None, 'waitrose_prod_name': 'Noughty Wave Hello Shampoo 250ml', 'images': []}
DEBUG: Scraped from <200 https://www.waitrose.com/ecom/shop/browse/groceries/toiletries_health_and_beauty/hair_care/shampoo>
{'client': 'Waitrose', 'time': datetime.datetime(2020, 9, 1, 15, 54, 17, 498190), 'category': 'Shampoo', 'id': 'tPp756229-563906-563907', 'prod_name': 'Head & Shoulders 2 in 1 Total Care', 'waitrose_Qty': '225ml', 'waitrose_discounted_price': '£3.00', 'waitrose_offer_desc': None, 'waitrose_url': 'https://www.waitrose.com/ecom/shop/browse/groceries/toiletries_health_and_beauty/hair_care/shampoo', 'waitrose_rating': None, 'waitrose_unit_price': '(£1.34/100ml)', 'waitrose_new_flag': None, 'waitrose_prod_name': 'Head & Shoulders 2 in 1 Total Care 225ml', 'images': []}
DEBUG: Scraped from <200 https://www.waitrose.com/ecom/shop/browse/groceries/toiletries_health_and_beauty/hair_care/shampoo>
{'client': 'Waitrose', 'time': datetime.datetime(2020, 9, 1, 15, 54, 17, 498190), 'category': 'Shampoo', 'id': 'tPp492466-631281-631282', 'prod_name': 'Hask Keratin Protein Smoothing Shampoo', 'waitrose_Qty': '355ml', 'waitrose_discounted_price': '£4.66', 'waitrose_offer_desc': 'Save 1/3.', 'waitrose_url': 'https://www.waitrose.com/ecom/shop/browse/groceries/toiletries_health_and_beauty/hair_care/shampoo', 'waitrose_rating': None, 'waitrose_unit_price': '(£1.32/100ml)', 'waitrose_new_flag': None, 'waitrose_prod_name': 'Hask Keratin Protein Smoothing Shampoo 355ml', 'images': []}
DEBUG: Scraped from <200 https://www.waitrose.com/ecom/shop/browse/groceries/toiletries_health_and_beauty/hair_care/shampoo>
{'client': 'Waitrose', 'time': datetime.datetime(2020, 9, 1, 15, 54, 17, 498190), 'category': 'Shampoo', 'id': 'tPp895244-495222-495223', 'prod_name': 'DGJ Clarifying Shampoo', 'waitrose_Qty': '250ml', 'waitrose_discounted_price': '£2.50', 'waitrose_offer_desc': 'Half Price.', 'waitrose_url': 'https://www.waitrose.com/ecom/shop/browse/groceries/toiletries_health_and_beauty/hair_care/shampoo', 'waitrose_rating': None, 'waitrose_unit_price': '(£1/100ml)', 'waitrose_new_flag': None, 'waitrose_prod_name': 'DGJ Clarifying Shampoo 250ml', 'images': []}
DEBUG: Scraped from <200 https://www.waitrose.com/ecom/shop/browse/groceries/toiletries_health_and_beauty/hair_care/shampoo>
{'client': 'Waitrose', 'time': datetime.datetime(2020, 9, 1, 15, 54, 17, 498190), 'category': 'Shampoo', 'id': 'tPp821139-694191-694192', 'prod_name': 'Pantene Smooth & Sleek Shampoo', 'waitrose_Qty': '500ml', 'waitrose_discounted_price': '£5.15', 'waitrose_offer_desc': None, 'waitrose_url': 'https://www.waitrose.com/ecom/shop/browse/groceries/toiletries_health_and_beauty/hair_care/shampoo', 'waitrose_rating': None, 'waitrose_unit_price': '(£1.03/100ml)', 'waitrose_new_flag': None, 'waitrose_prod_name': 'Pantene Smooth & Sleek Shampoo 500ml', 'images': []}
DEBUG: Scraped from <200 https://www.waitrose.com/ecom/shop/browse/groceries/toiletries_health_and_beauty/hair_care/shampoo>
{'client': 'Waitrose', 'time': datetime.datetime(2020, 9, 1, 15, 54, 17, 498190), 'category': 'Shampoo', 'id': 'tPp047805-23664-23665', 'prod_name': 'Avalon Organics tea tree shampoo', 'waitrose_Qty': '325ml', 'waitrose_discounted_price': '£7.00', 'waitrose_offer_desc': None, 'waitrose_url': 'https://www.waitrose.com/ecom/shop/browse/groceries/toiletries_health_and_beauty/hair_care/shampoo', 'waitrose_rating': '4.9', 'waitrose_unit_price': '(£2.16/100ml)', 'waitrose_new_flag': None, 'waitrose_prod_name': 'Avalon Organics tea tree shampoo 325ml', 'images': []}
DEBUG: Scraped from <200 https://www.waitrose.com/ecom/shop/browse/groceries/toiletries_health_and_beauty/hair_care/shampoo>
{'client': 'Waitrose', 'time': datetime.datetime(2020, 9, 1, 15, 54, 17, 498190), 'category': 'Shampoo', 'id': 'tPp490113-591883-591884', 'prod_name': 'Herbal Essences Volume Shampoo', 'waitrose_Qty': '400ml', 'waitrose_discounted_price': '£4.50', 'waitrose_offer_desc': None, 'waitrose_url': 'https://www.waitrose.com/ecom/shop/browse/groceries/toiletries_health_and_beauty/hair_care/shampoo', 'waitrose_rating': '5', 'waitrose_unit_price': '(£1.13/100ml)', 'waitrose_new_flag': None, 'waitrose_prod_name': 'Herbal Essences Volume Shampoo 400ml', 'images': []}
DEBUG: Scraped from <200 https://www.waitrose.com/ecom/shop/browse/groceries/toiletries_health_and_beauty/hair_care/shampoo>
{'client': 'Waitrose', 'time': datetime.datetime(2020, 9, 1, 15, 54, 17, 498190), 'category': 'Shampoo', 'id': 'tPp407453-471203-471204', 'prod_name': 'Ogx Biotin & Collagen Shampoo', 'waitrose_Qty': '385ml', 'waitrose_discounted_price': '£7.00', 'waitrose_offer_desc': None, 'waitrose_url': 'https://www.waitrose.com/ecom/shop/browse/groceries/toiletries_health_and_beauty/hair_care/shampoo', 'waitrose_rating': None, 'waitrose_unit_price': '(£1.82/100ml)', 'waitrose_new_flag': None, 'waitrose_prod_name': 'Ogx Biotin & Collagen Shampoo 385ml', 'images': []}
DEBUG: Scraped from <200 https://www.waitrose.com/ecom/shop/browse/groceries/toiletries_health_and_beauty/hair_care/shampoo>
{'client': 'Waitrose', 'time': datetime.datetime(2020, 9, 1, 15, 54, 17, 498190), 'category': 'Shampoo', 'id': 'tPp868154-695990-695991', 'prod_name': 'Hair Biology Purple Shampoo', 'waitrose_Qty': '250ml', 'waitrose_discounted_price': '£4.50', 'waitrose_offer_desc': None, 'waitrose_url': 'https://www.waitrose.com/ecom/shop/browse/groceries/toiletries_health_and_beauty/hair_care/shampoo', 'waitrose_rating': None, 'waitrose_unit_price': '(£1.80/100ml)', 'waitrose_new_flag': None, 'waitrose_prod_name': 'Hair Biology Purple Shampoo 250ml', 'images': []}
DEBUG: Scraped from <200 https://www.waitrose.com/ecom/shop/browse/groceries/toiletries_health_and_beauty/hair_care/shampoo>
{'client': 'Waitrose', 'time': datetime.datetime(2020, 9, 1, 15, 54, 17, 498190), 'category': 'Shampoo', 'id': 'tPp530991-695493-695494', 'prod_name': 'John Frieda Shampoo Detox & Repair', 'waitrose_Qty': '250ml', 'waitrose_discounted_price': '£3.99', 'waitrose_offer_desc': 'Save 1/3.', 'waitrose_url': 'https://www.waitrose.com/ecom/shop/browse/groceries/toiletries_health_and_beauty/hair_care/shampoo', 'waitrose_rating': None, 'waitrose_unit_price': '(£1.60/100ml)', 'waitrose_new_flag': None, 'waitrose_prod_name': 'John Frieda Shampoo Detox & Repair 250ml', 'images': []}
DEBUG: Scraped from <200 https://www.waitrose.com/ecom/shop/browse/groceries/toiletries_health_and_beauty/hair_care/shampoo>
{'client': 'Waitrose', 'time': datetime.datetime(2020, 9, 1, 15, 54, 17, 498190), 'category': 'Shampoo', 'id': 'tPp816738-442231-442232', 'prod_name': 'SensSpa Nourishing Shampoo', 'waitrose_Qty': '250ml', 'waitrose_discounted_price': '£4.00', 'waitrose_offer_desc': 'Save 1/3.', 'waitrose_url': 'https://www.waitrose.com/ecom/shop/browse/groceries/toiletries_health_and_beauty/hair_care/shampoo', 'waitrose_rating': '2.6', 'waitrose_unit_price': '(£1.60/100ml)', 'waitrose_new_flag': None, 'waitrose_prod_name': 'SensSpa Nourishing Shampoo 250ml', 'images': []}
DEBUG: Scraped from <200 https://www.waitrose.com/ecom/shop/browse/groceries/toiletries_health_and_beauty/hair_care/shampoo>
{'client': 'Waitrose', 'time': datetime.datetime(2020, 9, 1, 15, 54, 17, 498190), 'category': 'Shampoo', 'id': 'tPp852396-695857-695858', 'prod_name': 'BECO. Honey Blossom Shampoo Bar', 'waitrose_Qty': '90g', 'waitrose_discounted_price': '£4.00', 'waitrose_offer_desc': None, 'waitrose_url': 'https://www.waitrose.com/ecom/shop/browse/groceries/toiletries_health_and_beauty/hair_care/shampoo', 'waitrose_rating': '4.9', 'waitrose_unit_price': '(£4.45/100g)', 'waitrose_new_flag': None, 'waitrose_prod_name': 'BECO. Honey Blossom Shampoo Bar 90g', 'images': []}
DEBUG: Scraped from <200 https://www.waitrose.com/ecom/shop/browse/groceries/toiletries_health_and_beauty/hair_care/shampoo>
{'client': 'Waitrose', 'time': datetime.datetime(2020, 9, 1, 15, 54, 17, 498190), 'category': 'Shampoo', 'id': 'tPp855140-216863-216864', 'prod_name': 'Ogx Coconut Milk Shampoo', 'waitrose_Qty': '385ml', 'waitrose_discounted_price': '£7.00', 'waitrose_offer_desc': None, 'waitrose_url': 'https://www.waitrose.com/ecom/shop/browse/groceries/toiletries_health_and_beauty/hair_care/shampoo', 'waitrose_rating': '5', 'waitrose_unit_price': '(£1.82/100ml)', 'waitrose_new_flag': None, 'waitrose_prod_name': 'Ogx Coconut Milk Shampoo 385ml', 'images': []}
DEBUG: Scraped from <200 https://www.waitrose.com/ecom/shop/browse/groceries/toiletries_health_and_beauty/hair_care/shampoo>
{'client': 'Waitrose', 'time': datetime.datetime(2020, 9, 1, 15, 54, 17, 498190), 'category': 'Shampoo', 'id': 'tPp581617-694173-694174', 'prod_name': 'Pantene Colour Protect Shampoo', 'waitrose_Qty': '500ml', 'waitrose_discounted_price': '£5.15', 'waitrose_offer_desc': None, 'waitrose_url': 'https://www.waitrose.com/ecom/shop/browse/groceries/toiletries_health_and_beauty/hair_care/shampoo', 'waitrose_rating': None, 'waitrose_unit_price': '(£1.03/100ml)', 'waitrose_new_flag': None, 'waitrose_prod_name': 'Pantene Colour Protect Shampoo 500ml', 'images': []}
DEBUG: Scraped from <200 https://www.waitrose.com/ecom/shop/browse/groceries/toiletries_health_and_beauty/hair_care/shampoo>
{'client': 'Waitrose', 'time': datetime.datetime(2020, 9, 1, 15, 54, 17, 498190), 'category': 'Shampoo', 'id': 'tPp778297-720309-720310', 'prod_name': 'Pantene Grow Strong Shampoo', 'waitrose_Qty': '400ml', 'waitrose_discounted_price': '£3.75', 'waitrose_offer_desc': None, 'waitrose_url': 'https://www.waitrose.com/ecom/shop/browse/groceries/toiletries_health_and_beauty/hair_care/shampoo', 'waitrose_rating': None, 'waitrose_unit_price': '(93.8p/100ml)', 'waitrose_new_flag': None, 'waitrose_prod_name': 'Pantene Grow Strong Shampoo 400ml', 'images': []}
DEBUG: Scraped from <200 https://www.waitrose.com/ecom/shop/browse/groceries/toiletries_health_and_beauty/hair_care/shampoo>
{'client': 'Waitrose', 'time': datetime.datetime(2020, 9, 1, 15, 54, 17, 498190), 'category': 'Shampoo', 'id': 'tPp432893-216691-216692', 'prod_name': 'Head & Shoulders Shampoo Apple Fresh', 'waitrose_Qty': '500ml', 'waitrose_discounted_price': '£5.15', 'waitrose_offer_desc': None, 'waitrose_url': 'https://www.waitrose.com/ecom/shop/browse/groceries/toiletries_health_and_beauty/hair_care/shampoo', 'waitrose_rating': None, 'waitrose_unit_price': '(£1.03/100ml)', 'waitrose_new_flag': None, 'waitrose_prod_name': 'Head & Shoulders Shampoo Apple Fresh 500ml', 'images': []}
DEBUG: Scraped from <200 https://www.waitrose.com/ecom/shop/browse/groceries/toiletries_health_and_beauty/hair_care/shampoo>
{'client': 'Waitrose', 'time': datetime.datetime(2020, 9, 1, 15, 54, 17, 498190), 'category': 'Shampoo', 'id': 'tPp032765-16025-16026', 'prod_name': "L'Oréal kids shampoo berry strawberry", 'waitrose_Qty': '250ml', 'waitrose_discounted_price': '£2.00', 'waitrose_offer_desc': None, 'waitrose_url': 'https://www.waitrose.com/ecom/shop/browse/groceries/toiletries_health_and_beauty/hair_care/shampoo', 'waitrose_rating': None, 'waitrose_unit_price': '(80p/100ml)', 'waitrose_new_flag': None, 'waitrose_prod_name': "L'Oréal kids shampoo berry strawberry 250ml", 'images': []}
DEBUG: Scraped from <200 https://www.waitrose.com/ecom/shop/browse/groceries/toiletries_health_and_beauty/hair_care/shampoo>
{'client': 'Waitrose', 'time': datetime.datetime(2020, 9, 1, 15, 54, 17, 498190), 'category': 'Shampoo', 'id': 'tPp865734-216867-216868', 'prod_name': 'Ogx Argan Oil of Morocco Shampoo', 'waitrose_Qty': '385ml', 'waitrose_discounted_price': '£7.00', 'waitrose_offer_desc': None, 'waitrose_url': 'https://www.waitrose.com/ecom/shop/browse/groceries/toiletries_health_and_beauty/hair_care/shampoo', 'waitrose_rating': '3.4', 'waitrose_unit_price': '(£1.82/100ml)', 'waitrose_new_flag': None, 'waitrose_prod_name': 'Ogx Argan Oil of Morocco Shampoo 385ml', 'images': []}
DEBUG: Scraped from <200 https://www.waitrose.com/ecom/shop/browse/groceries/toiletries_health_and_beauty/hair_care/shampoo>
{'client': 'Waitrose', 'time': datetime.datetime(2020, 9, 1, 15, 54, 17, 498190), 'category': 'Shampoo', 'id': 'tPp735751-154731-154732', 'prod_name': 'Aussie aussome volume shampoo', 'waitrose_Qty': '500ml', 'waitrose_discounted_price': '£6.10', 'waitrose_offer_desc': None, 'waitrose_url': 'https://www.waitrose.com/ecom/shop/browse/groceries/toiletries_health_and_beauty/hair_care/shampoo', 'waitrose_rating': None, 'waitrose_unit_price': '(£1.22/100ml)', 'waitrose_new_flag': None, 'waitrose_prod_name': 'Aussie aussome volume shampoo 500ml', 'images': []}
DEBUG: Scraped from <200 https://www.waitrose.com/ecom/shop/browse/groceries/toiletries_health_and_beauty/hair_care/shampoo>
{'client': 'Waitrose', 'time': datetime.datetime(2020, 9, 1, 15, 54, 17, 498190), 'category': 'Shampoo', 'id': 'tPp627460-154629-154630', 'prod_name': 'Aussie mega shampoo', 'waitrose_Qty': '500ml', 'waitrose_discounted_price': '£6.15', 'waitrose_offer_desc': None, 'waitrose_url': 'https://www.waitrose.com/ecom/shop/browse/groceries/toiletries_health_and_beauty/hair_care/shampoo', 'waitrose_rating': '3.8', 'waitrose_unit_price': '(£1.23/100ml)', 'waitrose_new_flag': None, 'waitrose_prod_name': 'Aussie mega shampoo 500ml', 'images': []}
DEBUG: Scraped from <200 https://www.waitrose.com/ecom/shop/browse/groceries/toiletries_health_and_beauty/hair_care/shampoo>
{'client': 'Waitrose', 'time': datetime.datetime(2020, 9, 1, 15, 54, 17, 498190), 'category': 'Shampoo', 'id': 'tPp808436-720325-720326', 'prod_name': 'Hask Biotin Boost Shampoo', 'waitrose_Qty': '355ml', 'waitrose_discounted_price': '£4.66', 'waitrose_offer_desc': 'Save 1/3.', 'waitrose_url': 'https://www.waitrose.com/ecom/shop/browse/groceries/toiletries_health_and_beauty/hair_care/shampoo', 'waitrose_rating': None, 'waitrose_unit_price': '(£1.32/100ml)', 'waitrose_new_flag': None, 'waitrose_prod_name': 'Hask Biotin Boost Shampoo 355ml', 'images': []}
DEBUG: Scraped from <200 https://www.waitrose.com/ecom/shop/browse/groceries/toiletries_health_and_beauty/hair_care/shampoo>
{'client': 'Waitrose', 'time': datetime.datetime(2020, 9, 1, 15, 54, 17, 498190), 'category': 'Shampoo', 'id': 'tPp725372-631511-631512', 'prod_name': 'Hask Moni Coconut Oil Shampoo', 'waitrose_Qty': '355ml', 'waitrose_discounted_price': '£4.66', 'waitrose_offer_desc': 'Save 1/3.', 'waitrose_url': 'https://www.waitrose.com/ecom/shop/browse/groceries/toiletries_health_and_beauty/hair_care/shampoo', 'waitrose_rating': None, 'waitrose_unit_price': '(£1.32/100ml)', 'waitrose_new_flag': None, 'waitrose_prod_name': 'Hask Moni Coconut Oil Shampoo 355ml', 'images': []}
DEBUG: Scraped from <200 https://www.waitrose.com/ecom/shop/browse/groceries/toiletries_health_and_beauty/hair_care/shampoo>
{'client': 'Waitrose', 'time': datetime.datetime(2020, 9, 1, 15, 54, 17, 498190), 'category': 'Shampoo', 'id': 'tPp427668-591713-591714', 'prod_name': 'Herbal Essences Hydrate Shampoo', 'waitrose_Qty': '400ml', 'waitrose_discounted_price': '£4.50', 'waitrose_offer_desc': None, 'waitrose_url': 'https://www.waitrose.com/ecom/shop/browse/groceries/toiletries_health_and_beauty/hair_care/shampoo', 'waitrose_rating': '5', 'waitrose_unit_price': '(£1.13/100ml)', 'waitrose_new_flag': None, 'waitrose_prod_name': 'Herbal Essences Hydrate Shampoo 400ml', 'images': []}
DEBUG: Scraped from <200 https://www.waitrose.com/ecom/shop/browse/groceries/toiletries_health_and_beauty/hair_care/shampoo>
{'client': 'Waitrose', 'time': datetime.datetime(2020, 9, 1, 15, 54, 17, 498190), 'category': 'Shampoo', 'id': 'tPp867514-720387-720388', 'prod_name': 'Head & Shoulders Coconut Shampoo', 'waitrose_Qty': '500ml', 'waitrose_discounted_price': '£5.00', 'waitrose_offer_desc': None, 'waitrose_url': 'https://www.waitrose.com/ecom/shop/browse/groceries/toiletries_health_and_beauty/hair_care/shampoo', 'waitrose_rating': None, 'waitrose_unit_price': '(£1/100ml)', 'waitrose_new_flag': None, 'waitrose_prod_name': 'Head & Shoulders Coconut Shampoo 500ml', 'images': []}
DEBUG: Scraped from <200 https://www.waitrose.com/ecom/shop/browse/groceries/toiletries_health_and_beauty/hair_care/shampoo>
{'client': 'Waitrose', 'time': datetime.datetime(2020, 9, 1, 15, 54, 17, 498190), 'category': 'Shampoo', 'id': 'tPp820157-724089-724090', 'prod_name': 'Eco Warrior Shampoo Bar', 'waitrose_Qty': '100g', 'waitrose_discounted_price': '£4.50', 'waitrose_offer_desc': None, 'waitrose_url': 'https://www.waitrose.com/ecom/shop/browse/groceries/toiletries_health_and_beauty/hair_care/shampoo', 'waitrose_rating': None, 'waitrose_unit_price': '(£4.50/100g)', 'waitrose_new_flag': None, 'waitrose_prod_name': 'Eco Warrior Shampoo Bar 100g', 'images': []}
DEBUG: Scraped from <200 https://www.waitrose.com/ecom/shop/browse/groceries/toiletries_health_and_beauty/hair_care/shampoo>
{'client': 'Waitrose', 'time': datetime.datetime(2020, 9, 1, 15, 54, 17, 498190), 'category': 'Shampoo', 'id': 'tPp790782-694215-694216', 'prod_name': 'Pantene 3in1 Smooth & Sleek', 'waitrose_Qty': '450ml', 'waitrose_discounted_price': '£3.75', 'waitrose_offer_desc': None, 'waitrose_url': 'https://www.waitrose.com/ecom/shop/browse/groceries/toiletries_health_and_beauty/hair_care/shampoo', 'waitrose_rating': None, 'waitrose_unit_price': '(83.3p/100ml)', 'waitrose_new_flag': None, 'waitrose_prod_name': 'Pantene 3in1 Smooth & Sleek 450ml', 'images': []}
DEBUG: Scraped from <200 https://www.waitrose.com/ecom/shop/browse/groceries/toiletries_health_and_beauty/hair_care/shampoo>
{'client': 'Waitrose', 'time': datetime.datetime(2020, 9, 1, 15, 54, 17, 498190), 'category': 'Shampoo', 'id': 'tPp752186-631541-631542', 'prod_name': 'Ogx Coconut OIl Shampoo', 'waitrose_Qty': '385ml', 'waitrose_discounted_price': '£7.00', 'waitrose_offer_desc': None, 'waitrose_url': 'https://www.waitrose.com/ecom/shop/browse/groceries/toiletries_health_and_beauty/hair_care/shampoo', 'waitrose_rating': None, 'waitrose_unit_price': '(£1.82/100ml)', 'waitrose_new_flag': None, 'waitrose_prod_name': 'Ogx Coconut OIl Shampoo 385ml', 'images': []}
DEBUG: Scraped from <200 https://www.waitrose.com/ecom/shop/browse/groceries/toiletries_health_and_beauty/hair_care/shampoo>
{'client': 'Waitrose', 'time': datetime.datetime(2020, 9, 1, 15, 54, 17, 498190), 'category': 'Shampoo', 'id': 'tPp791725-375655-375656', 'prod_name': 'Ogx Kukuí Oil Shampoo', 'waitrose_Qty': '385ml', 'waitrose_discounted_price': '£7.00', 'waitrose_offer_desc': None, 'waitrose_url': 'https://www.waitrose.com/ecom/shop/browse/groceries/toiletries_health_and_beauty/hair_care/shampoo', 'waitrose_rating': '5', 'waitrose_unit_price': '(£1.82/100ml)', 'waitrose_new_flag': None, 'waitrose_prod_name': 'Ogx Kukuí Oil Shampoo 385ml', 'images': []}
DEBUG: Scraped from <200 https://www.waitrose.com/ecom/shop/browse/groceries/toiletries_health_and_beauty/hair_care/shampoo>
{'client': 'Waitrose', 'time': datetime.datetime(2020, 9, 1, 15, 54, 17, 498190), 'category': 'Shampoo', 'id': 'tPp886458-216893-216894', 'prod_name': 'Ogx Brazilian Keratin Shampoo', 'waitrose_Qty': '385ml', 'waitrose_discounted_price': '£7.00', 'waitrose_offer_desc': None, 'waitrose_url': 'https://www.waitrose.com/ecom/shop/browse/groceries/toiletries_health_and_beauty/hair_care/shampoo', 'waitrose_rating': '5', 'waitrose_unit_price': '(£1.82/100ml)', 'waitrose_new_flag': None, 'waitrose_prod_name': 'Ogx Brazilian Keratin Shampoo 385ml', 'images': []}
DEBUG: Scraped from <200 https://www.waitrose.com/ecom/shop/browse/groceries/toiletries_health_and_beauty/hair_care/shampoo>
{'client': 'Waitrose', 'time': datetime.datetime(2020, 9, 1, 15, 54, 17, 498190), 'category': 'Shampoo', 'id': 'tPp657930-695639-695640', 'prod_name': 'Noughty Pumped Up Shampoo', 'waitrose_Qty': '250ml', 'waitrose_discounted_price': '£4.66', 'waitrose_offer_desc': 'Save 1/3.', 'waitrose_url': 'https://www.waitrose.com/ecom/shop/browse/groceries/toiletries_health_and_beauty/hair_care/shampoo', 'waitrose_rating': '5', 'waitrose_unit_price': '(£1.87/100ml)', 'waitrose_new_flag': None, 'waitrose_prod_name': 'Noughty Pumped Up Shampoo 250ml', 'images': []}
DEBUG: Scraped from <200 https://www.waitrose.com/ecom/shop/browse/groceries/toiletries_health_and_beauty/hair_care/shampoo>
{'client': 'Waitrose', 'time': datetime.datetime(2020, 9, 1, 15, 54, 17, 498190), 'category': 'Shampoo', 'id': 'tPp554742-695503-695504', 'prod_name': 'Umberto Giannini Violet Shampoo', 'waitrose_Qty': '250ml', 'waitrose_discounted_price': '£8.00', 'waitrose_offer_desc': 'Mix & Match Add 3 for 2 Cheapest Item Free', 'waitrose_url': 'https://www.waitrose.com/ecom/shop/browse/groceries/toiletries_health_and_beauty/hair_care/shampoo', 'waitrose_rating': None, 'waitrose_unit_price': '(£3.20/100ml)', 'waitrose_new_flag': None, 'waitrose_prod_name': 'Umberto Giannini Violet Shampoo 250ml', 'images': []}
DEBUG: Scraped from <200 https://www.waitrose.com/ecom/shop/browse/groceries/toiletries_health_and_beauty/hair_care/shampoo>
{'client': 'Waitrose', 'time': datetime.datetime(2020, 9, 1, 15, 54, 17, 498190), 'category': 'Shampoo', 'id': 'tPp584599-695531-695532', 'prod_name': 'Batiste Dry Shampoo Volume', 'waitrose_Qty': '200ml', 'waitrose_discounted_price': '£4.25', 'waitrose_offer_desc': None, 'waitrose_url': 'https://www.waitrose.com/ecom/shop/browse/groceries/toiletries_health_and_beauty/hair_care/shampoo', 'waitrose_rating': None, 'waitrose_unit_price': '(£2.13/100ml)', 'waitrose_new_flag': None, 'waitrose_prod_name': 'Batiste Dry Shampoo Volume 200ml', 'images': []}
DEBUG: Scraped from <200 https://www.waitrose.com/ecom/shop/browse/groceries/toiletries_health_and_beauty/hair_care/shampoo>
{'client': 'Waitrose', 'time': datetime.datetime(2020, 9, 1, 15, 54, 17, 498190), 'category': 'Shampoo', 'id': 'tPp853982-154925-154926', 'prod_name': 'Batiste blush dry shampoo', 'waitrose_Qty': '200ml', 'waitrose_discounted_price': '£3.00', 'waitrose_offer_desc': None, 'waitrose_url': 'https://www.waitrose.com/ecom/shop/browse/groceries/toiletries_health_and_beauty/hair_care/shampoo', 'waitrose_rating': '4', 'waitrose_unit_price': '(£1.50/100ml)', 'waitrose_new_flag': None, 'waitrose_prod_name': 'Batiste blush dry shampoo 200ml', 'images': []}
DEBUG: Scraped from <200 https://www.waitrose.com/ecom/shop/browse/groceries/toiletries_health_and_beauty/hair_care/shampoo>
{'client': 'Waitrose', 'time': datetime.datetime(2020, 9, 1, 15, 54, 17, 498190), 'category': 'Shampoo', 'id': 'tPp626001-88825-88826', 'prod_name': 'Head & Shoulders Shampoo Citrus Fresh', 'waitrose_Qty': '500ml', 'waitrose_discounted_price': '£5.15', 'waitrose_offer_desc': None, 'waitrose_url': 'https://www.waitrose.com/ecom/shop/browse/groceries/toiletries_health_and_beauty/hair_care/shampoo', 'waitrose_rating': None, 'waitrose_unit_price': '(£1.03/100ml)', 'waitrose_new_flag': None, 'waitrose_prod_name': 'Head & Shoulders Shampoo Citrus Fresh 500ml', 'images': []}
DEBUG: Scraped from <200 https://www.waitrose.com/ecom/shop/browse/groceries/toiletries_health_and_beauty/hair_care/shampoo>
{'client': 'Waitrose', 'time': datetime.datetime(2020, 9, 1, 15, 54, 17, 498190), 'category': 'Shampoo', 'id': 'tPp755068-720289-720290', 'prod_name': 'Herbal Essences Aloe Hemp Shampoo', 'waitrose_Qty': '380ml', 'waitrose_discounted_price': '£4.50', 'waitrose_offer_desc': None, 'waitrose_url': 'https://www.waitrose.com/ecom/shop/browse/groceries/toiletries_health_and_beauty/hair_care/shampoo', 'waitrose_rating': None, 'waitrose_unit_price': '(£1.19/100ml)', 'waitrose_new_flag': None, 'waitrose_prod_name': 'Herbal Essences Aloe Hemp Shampoo 380ml', 'images': []}
DEBUG: Scraped from <200 https://www.waitrose.com/ecom/shop/browse/groceries/toiletries_health_and_beauty/hair_care/shampoo>
{'client': 'Waitrose', 'time': datetime.datetime(2020, 9, 1, 15, 54, 17, 498190), 'category': 'Shampoo', 'id': 'tPp809690-337194-337195', 'prod_name': 'Head & Shoulders 2in1 Itchy Scalp', 'waitrose_Qty': '450ml', 'waitrose_discounted_price': '£5.15', 'waitrose_offer_desc': None, 'waitrose_url': 'https://www.waitrose.com/ecom/shop/browse/groceries/toiletries_health_and_beauty/hair_care/shampoo', 'waitrose_rating': '5', 'waitrose_unit_price': '(£1.15/100ml)', 'waitrose_new_flag': None, 'waitrose_prod_name': 'Head & Shoulders 2in1 Itchy Scalp 450ml', 'images': []}
DEBUG: Scraped from <200 https://www.waitrose.com/ecom/shop/browse/groceries/toiletries_health_and_beauty/hair_care/shampoo>
{'client': 'Waitrose', 'time': datetime.datetime(2020, 9, 1, 15, 54, 17, 498190), 'category': 'Shampoo', 'id': 'tPp480728-631267-631268', 'prod_name': 'Ogx Orchid Oil Shampoo', 'waitrose_Qty': '385ml', 'waitrose_discounted_price': '£7.00', 'waitrose_offer_desc': None, 'waitrose_url': 'https://www.waitrose.com/ecom/shop/browse/groceries/toiletries_health_and_beauty/hair_care/shampoo', 'waitrose_rating': '5', 'waitrose_unit_price': '(£1.82/100ml)', 'waitrose_new_flag': None, 'waitrose_prod_name': 'Ogx Orchid Oil Shampoo 385ml', 'images': []}
DEBUG: Scraped from <200 https://www.waitrose.com/ecom/shop/browse/groceries/toiletries_health_and_beauty/hair_care/shampoo>
{'client': 'Waitrose', 'time': datetime.datetime(2020, 9, 1, 15, 54, 17, 498190), 'category': 'Shampoo', 'id': 'tPp426973-298983-298984', 'prod_name': 'Head & Shoulders 2in1 Apple Fresh', 'waitrose_Qty': '450ml', 'waitrose_discounted_price': '£5.00', 'waitrose_offer_desc': None, 'waitrose_url': 'https://www.waitrose.com/ecom/shop/browse/groceries/toiletries_health_and_beauty/hair_care/shampoo', 'waitrose_rating': None, 'waitrose_unit_price': '(£1.12/100ml)', 'waitrose_new_flag': None, 'waitrose_prod_name': 'Head & Shoulders 2in1 Apple Fresh 450ml', 'images': []}
DEBUG: Scraped from <200 https://www.waitrose.com/ecom/shop/browse/groceries/toiletries_health_and_beauty/hair_care/shampoo>
{'client': 'Waitrose', 'time': datetime.datetime(2020, 9, 1, 15, 54, 17, 498190), 'category': 'Shampoo', 'id': 'tPp027940-13599-13600', 'prod_name': 'Avalon Organics lemon shampoo', 'waitrose_Qty': '325ml', 'waitrose_discounted_price': '£7.00', 'waitrose_offer_desc': None, 'waitrose_url': 'https://www.waitrose.com/ecom/shop/browse/groceries/toiletries_health_and_beauty/hair_care/shampoo', 'waitrose_rating': '3.6', 'waitrose_unit_price': '(£2.16/100ml)', 'waitrose_new_flag': None, 'waitrose_prod_name': 'Avalon Organics lemon shampoo 325ml', 'images': []}
DEBUG: Scraped from <200 https://www.waitrose.com/ecom/shop/browse/groceries/toiletries_health_and_beauty/hair_care/shampoo>
{'client': 'Waitrose', 'time': datetime.datetime(2020, 9, 1, 15, 54, 17, 498190), 'category': 'Shampoo', 'id': 'tPp547359-720175-720176', 'prod_name': 'Maui Moisture Bamboo Shampoo', 'waitrose_Qty': '385ml', 'waitrose_discounted_price': '£6.00', 'waitrose_offer_desc': 'Save 1/3.', 'waitrose_url': 'https://www.waitrose.com/ecom/shop/browse/groceries/toiletries_health_and_beauty/hair_care/shampoo', 'waitrose_rating': '5', 'waitrose_unit_price': '(£1.56/100ml)', 'waitrose_new_flag': None, 'waitrose_prod_name': 'Maui Moisture Bamboo Shampoo 385ml', 'images': []}
DEBUG: Scraped from <200 https://www.waitrose.com/ecom/shop/browse/groceries/toiletries_health_and_beauty/hair_care/shampoo>
{'client': 'Waitrose', 'time': datetime.datetime(2020, 9, 1, 15, 54, 17, 498190), 'category': 'Shampoo', 'id': 'tPp703131-695681-695682', 'prod_name': 'Head & Shoulders Repair Shampoo', 'waitrose_Qty': '400ml', 'waitrose_discounted_price': '£3.33', 'waitrose_offer_desc': 'Save 1/3.', 'waitrose_url': 'https://www.waitrose.com/ecom/shop/browse/groceries/toiletries_health_and_beauty/hair_care/shampoo', 'waitrose_rating': '4', 'waitrose_unit_price': '(83.3p/100ml)', 'waitrose_new_flag': None, 'waitrose_prod_name': 'Head & Shoulders Repair Shampoo 400ml', 'images': []}
DEBUG: Scraped from <200 https://www.waitrose.com/ecom/shop/browse/groceries/toiletries_health_and_beauty/hair_care/shampoo>
{'client': 'Waitrose', 'time': datetime.datetime(2020, 9, 1, 15, 54, 17, 498190), 'category': 'Shampoo', 'id': 'tPp649492-695625-695626', 'prod_name': 'Vosene Kids 2in1 Melon Shampoo', 'waitrose_Qty': '250ml', 'waitrose_discounted_price': '£1.33', 'waitrose_offer_desc': 'Save 1/3.', 'waitrose_url': 'https://www.waitrose.com/ecom/shop/browse/groceries/toiletries_health_and_beauty/hair_care/shampoo', 'waitrose_rating': None, 'waitrose_unit_price': '(53.2p/100ml)', 'waitrose_new_flag': None, 'waitrose_prod_name': 'Vosene Kids 2in1 Melon Shampoo 250ml', 'images': []}
DEBUG: Scraped from <200 https://www.waitrose.com/ecom/shop/browse/groceries/toiletries_health_and_beauty/hair_care/shampoo>
{'client': 'Waitrose', 'time': datetime.datetime(2020, 9, 1, 15, 54, 17, 498190), 'category': 'Shampoo', 'id': 'tPp453160-695433-695434', 'prod_name': 'Argan+ Long & Strong Shampoo', 'waitrose_Qty': '300ml', 'waitrose_discounted_price': '£4.00', 'waitrose_offer_desc': 'Save 1/3.', 'waitrose_url': 'https://www.waitrose.com/ecom/shop/browse/groceries/toiletries_health_and_beauty/hair_care/shampoo', 'waitrose_rating': None, 'waitrose_unit_price': '(£1.34/100ml)', 'waitrose_new_flag': None, 'waitrose_prod_name': 'Argan+ Long & Strong Shampoo 300ml', 'images': []}
DEBUG: Scraped from <200 https://www.waitrose.com/ecom/shop/browse/groceries/toiletries_health_and_beauty/hair_care/shampoo>
{'client': 'Waitrose', 'time': datetime.datetime(2020, 9, 1, 15, 54, 17, 498190), 'category': 'Shampoo', 'id': 'tPp484035-715885-715886', 'prod_name': "L'Oreal Elvive Oil Nourishing Shampoo", 'waitrose_Qty': '400ml', 'waitrose_discounted_price': '£3.75', 'waitrose_offer_desc': None, 'waitrose_url': 'https://www.waitrose.com/ecom/shop/browse/groceries/toiletries_health_and_beauty/hair_care/shampoo', 'waitrose_rating': None, 'waitrose_unit_price': '(93.8p/100ml)', 'waitrose_new_flag': None, 'waitrose_prod_name': "L'Oreal Elvive Oil Nourishing Shampoo 400ml", 'images': []}
DEBUG: Scraped from <200 https://www.waitrose.com/ecom/shop/browse/groceries/toiletries_health_and_beauty/hair_care/shampoo>
{'client': 'Waitrose', 'time': datetime.datetime(2020, 9, 1, 15, 54, 17, 498190), 'category': 'Shampoo', 'id': 'tPp863078-695988-695989', 'prod_name': 'Pantene Hair Biology Full & Vibrant', 'waitrose_Qty': '250ml', 'waitrose_discounted_price': '£4.50', 'waitrose_offer_desc': None, 'waitrose_url': 'https://www.waitrose.com/ecom/shop/browse/groceries/toiletries_health_and_beauty/hair_care/shampoo', 'waitrose_rating': None, 'waitrose_unit_price': '(£1.80/100ml)', 'waitrose_new_flag': None, 'waitrose_prod_name': 'Pantene Hair Biology Full & Vibrant 250ml', 'images': []}
DEBUG: Scraped from <200 https://www.waitrose.com/ecom/shop/browse/groceries/toiletries_health_and_beauty/hair_care/shampoo>
{'client': 'Waitrose', 'time': datetime.datetime(2020, 9, 1, 15, 54, 17, 498190), 'category': 'Shampoo', 'id': 'tPp810302-683828-683829', 'prod_name': 'Herbal Essences Deep Repair Shampoo', 'waitrose_Qty': '400ml', 'waitrose_discounted_price': '£4.50', 'waitrose_offer_desc': None, 'waitrose_url': 'https://www.waitrose.com/ecom/shop/browse/groceries/toiletries_health_and_beauty/hair_care/shampoo', 'waitrose_rating': None, 'waitrose_unit_price': '(£1.13/100ml)', 'waitrose_new_flag': None, 'waitrose_prod_name': 'Herbal Essences Deep Repair Shampoo 400ml', 'images': []}
DEBUG: Scraped from <200 https://www.waitrose.com/ecom/shop/browse/groceries/toiletries_health_and_beauty/hair_care/shampoo>
{'client': 'Waitrose', 'time': datetime.datetime(2020, 9, 1, 15, 54, 17, 498190), 'category': 'Shampoo', 'id': 'tPp407272-440973-440974', 'prod_name': 'Richard Ward Chelsea Cleanse & Condition', 'waitrose_Qty': '250ml', 'waitrose_discounted_price': '£6.00', 'waitrose_offer_desc': None, 'waitrose_url': 'https://www.waitrose.com/ecom/shop/browse/groceries/toiletries_health_and_beauty/hair_care/shampoo', 'waitrose_rating': '3.9', 'waitrose_unit_price': '(£2.40/100ml)', 'waitrose_new_flag': None, 'waitrose_prod_name': 'Richard Ward Chelsea Cleanse & Condition 250ml', 'images': []}
DEBUG: Scraped from <200 https://www.waitrose.com/ecom/shop/browse/groceries/toiletries_health_and_beauty/hair_care/shampoo>
{'client': 'Waitrose', 'time': datetime.datetime(2020, 9, 1, 15, 54, 17, 498190), 'category': 'Shampoo', 'id': 'tPp480888-154495-154496', 'prod_name': 'Head & Shoulders Smooth Shampoo', 'waitrose_Qty': '500ml', 'waitrose_discounted_price': '£5.15', 'waitrose_offer_desc': None, 'waitrose_url': 'https://www.waitrose.com/ecom/shop/browse/groceries/toiletries_health_and_beauty/hair_care/shampoo', 'waitrose_rating': None, 'waitrose_unit_price': '(£1.03/100ml)', 'waitrose_new_flag': None, 'waitrose_prod_name': 'Head & Shoulders Smooth Shampoo 500ml', 'images': []}
DEBUG: Scraped from <200 https://www.waitrose.com/ecom/shop/browse/groceries/toiletries_health_and_beauty/hair_care/shampoo>
{'client': 'Waitrose', 'time': datetime.datetime(2020, 9, 1, 15, 54, 17, 498190), 'category': 'Shampoo', 'id': 'tPp711843-717497-717498', 'prod_name': "L'Oreal Elvive Colour Shampoo", 'waitrose_Qty': '400ml', 'waitrose_discounted_price': '£3.75', 'waitrose_offer_desc': None, 'waitrose_url': 'https://www.waitrose.com/ecom/shop/browse/groceries/toiletries_health_and_beauty/hair_care/shampoo', 'waitrose_rating': None, 'waitrose_unit_price': '(93.8p/100ml)', 'waitrose_new_flag': None, 'waitrose_prod_name': "L'Oreal Elvive Colour Shampoo 400ml", 'images': []}
DEBUG: Scraped from <200 https://www.waitrose.com/ecom/shop/browse/groceries/toiletries_health_and_beauty/hair_care/shampoo>
{'client': 'Waitrose', 'time': datetime.datetime(2020, 9, 1, 15, 54, 17, 498190), 'category': 'Shampoo', 'id': 'tPp686838-346630-346631', 'prod_name': 'Richard Ward argan antiageing shampoo', 'waitrose_Qty': '250ml', 'waitrose_discounted_price': '£6.00', 'waitrose_offer_desc': None, 'waitrose_url': 'https://www.waitrose.com/ecom/shop/browse/groceries/toiletries_health_and_beauty/hair_care/shampoo', 'waitrose_rating': '4.1', 'waitrose_unit_price': '(£2.40/100ml)', 'waitrose_new_flag': None, 'waitrose_prod_name': 'Richard Ward argan antiageing shampoo 250ml', 'images': []}
DEBUG: Scraped from <200 https://www.waitrose.com/ecom/shop/browse/groceries/toiletries_health_and_beauty/hair_care/shampoo>
{'client': 'Waitrose', 'time': datetime.datetime(2020, 9, 1, 15, 54, 17, 498190), 'category': 'Shampoo', 'id': 'tPp889100-330444-330445', 'prod_name': 'AOrganic Rosemary Shampoo', 'waitrose_Qty': '325ml', 'waitrose_discounted_price': '£7.00', 'waitrose_offer_desc': None, 'waitrose_url': 'https://www.waitrose.com/ecom/shop/browse/groceries/toiletries_health_and_beauty/hair_care/shampoo', 'waitrose_rating': '2.5', 'waitrose_unit_price': '(£2.16/100ml)', 'waitrose_new_flag': None, 'waitrose_prod_name': 'AOrganic Rosemary Shampoo 325ml', 'images': []}
DEBUG: Scraped from <200 https://www.waitrose.com/ecom/shop/browse/groceries/toiletries_health_and_beauty/hair_care/shampoo>
{'client': 'Waitrose', 'time': datetime.datetime(2020, 9, 1, 15, 54, 17, 498190), 'category': 'Shampoo', 'id': 'tPp662395-154665-154666', 'prod_name': 'Aussie colour mate shampoo', 'waitrose_Qty': '500ml', 'waitrose_discounted_price': '£6.15', 'waitrose_offer_desc': None, 'waitrose_url': 'https://www.waitrose.com/ecom/shop/browse/groceries/toiletries_health_and_beauty/hair_care/shampoo', 'waitrose_rating': None, 'waitrose_unit_price': '(£1.23/100ml)', 'waitrose_new_flag': None, 'waitrose_prod_name': 'Aussie colour mate shampoo 500ml', 'images': []}
DEBUG: Scraped from <200 https://www.waitrose.com/ecom/shop/browse/groceries/toiletries_health_and_beauty/hair_care/shampoo>
{'client': 'Waitrose', 'time': datetime.datetime(2020, 9, 1, 15, 54, 17, 498190), 'category': 'Shampoo', 'id': 'tPp724972-694185-694186', 'prod_name': 'Pantene 3in1 Repair & Protect', 'waitrose_Qty': '450ml', 'waitrose_discounted_price': '£3.75', 'waitrose_offer_desc': None, 'waitrose_url': 'https://www.waitrose.com/ecom/shop/browse/groceries/toiletries_health_and_beauty/hair_care/shampoo', 'waitrose_rating': None, 'waitrose_unit_price': '(83.3p/100ml)', 'waitrose_new_flag': None, 'waitrose_prod_name': 'Pantene 3in1 Repair & Protect 450ml', 'images': []}
DEBUG: Scraped from <200 https://www.waitrose.com/ecom/shop/browse/groceries/toiletries_health_and_beauty/hair_care/shampoo>
{'client': 'Waitrose', 'time': datetime.datetime(2020, 9, 1, 15, 54, 17, 498190), 'category': 'Shampoo', 'id': 'tPp721134-337091-337092', 'prod_name': 'Aussie miracle shine shampoo', 'waitrose_Qty': '500ml', 'waitrose_discounted_price': '£6.00', 'waitrose_offer_desc': None, 'waitrose_url': 'https://www.waitrose.com/ecom/shop/browse/groceries/toiletries_health_and_beauty/hair_care/shampoo', 'waitrose_rating': None, 'waitrose_unit_price': '(£1.20/100ml)', 'waitrose_new_flag': None, 'waitrose_prod_name': 'Aussie miracle shine shampoo 500ml', 'images': []}
DEBUG: Scraped from <200 https://www.waitrose.com/ecom/shop/browse/groceries/toiletries_health_and_beauty/hair_care/shampoo>
{'client': 'Waitrose', 'time': datetime.datetime(2020, 9, 1, 15, 54, 17, 498190), 'category': 'Shampoo', 'id': 'tPp888765-695909-695910', 'prod_name': 'Umberto Giannini Curl Jelly Wash', 'waitrose_Qty': '250ml', 'waitrose_discounted_price': '£8.00', 'waitrose_offer_desc': 'Mix & Match Add 3 for 2 Cheapest Item Free', 'waitrose_url': 'https://www.waitrose.com/ecom/shop/browse/groceries/toiletries_health_and_beauty/hair_care/shampoo', 'waitrose_rating': '2.5', 'waitrose_unit_price': '(£3.20/100ml)', 'waitrose_new_flag': None, 'waitrose_prod_name': 'Umberto Giannini Curl Jelly Wash 250ml', 'images': []}
DEBUG: Scraped from <200 https://www.waitrose.com/ecom/shop/browse/groceries/toiletries_health_and_beauty/hair_care/shampoo>
{'client': 'Waitrose', 'time': datetime.datetime(2020, 9, 1, 15, 54, 17, 498190), 'category': 'Shampoo', 'id': 'tPp631829-695597-695598', 'prod_name': 'Noughty Detox Dynamo Shampoo', 'waitrose_Qty': '250ml', 'waitrose_discounted_price': '£4.66', 'waitrose_offer_desc': 'Save 1/3.', 'waitrose_url': 'https://www.waitrose.com/ecom/shop/browse/groceries/toiletries_health_and_beauty/hair_care/shampoo', 'waitrose_rating': None, 'waitrose_unit_price': '(£1.87/100ml)', 'waitrose_new_flag': None, 'waitrose_prod_name': 'Noughty Detox Dynamo Shampoo 250ml', 'images': []}
DEBUG: Scraped from <200 https://www.waitrose.com/ecom/shop/browse/groceries/toiletries_health_and_beauty/hair_care/shampoo>
{'client': 'Waitrose', 'time': datetime.datetime(2020, 9, 1, 15, 54, 17, 498190), 'category': 'Shampoo', 'id': 'tPp603087-695555-695556', 'prod_name': 'Noughty Colour Bomb Shampoo', 'waitrose_Qty': '250ml', 'waitrose_discounted_price': '£4.66', 'waitrose_offer_desc': 'Save 1/3.', 'waitrose_url': 'https://www.waitrose.com/ecom/shop/browse/groceries/toiletries_health_and_beauty/hair_care/shampoo', 'waitrose_rating': '3', 'waitrose_unit_price': '(£1.87/100ml)', 'waitrose_new_flag': None, 'waitrose_prod_name': 'Noughty Colour Bomb Shampoo 250ml', 'images': []}
DEBUG: Scraped from <200 https://www.waitrose.com/ecom/shop/browse/groceries/toiletries_health_and_beauty/hair_care/shampoo>
{'client': 'Waitrose', 'time': datetime.datetime(2020, 9, 1, 15, 54, 17, 498190), 'category': 'Shampoo', 'id': 'tPp527154-720165-720166', 'prod_name': 'Maui Moisture Hibiscus Water', 'waitrose_Qty': '385ml', 'waitrose_discounted_price': '£6.00', 'waitrose_offer_desc': 'Save 1/3.', 'waitrose_url': 'https://www.waitrose.com/ecom/shop/browse/groceries/toiletries_health_and_beauty/hair_care/shampoo', 'waitrose_rating': None, 'waitrose_unit_price': '(£1.56/100ml)', 'waitrose_new_flag': None, 'waitrose_prod_name': 'Maui Moisture Hibiscus Water 385ml', 'images': []}
DEBUG: Scraped from <200 https://www.waitrose.com/ecom/shop/browse/groceries/toiletries_health_and_beauty/hair_care/shampoo>
{'client': 'Waitrose', 'time': datetime.datetime(2020, 9, 1, 15, 54, 17, 498190), 'category': 'Shampoo', 'id': 'tPp829437-695831-695832', 'prod_name': 'Umberto Giannini Grow Long Shampoo', 'waitrose_Qty': '250ml', 'waitrose_discounted_price': '£8.00', 'waitrose_offer_desc': 'Mix & Match Add 3 for 2 Cheapest Item Free', 'waitrose_url': 'https://www.waitrose.com/ecom/shop/browse/groceries/toiletries_health_and_beauty/hair_care/shampoo', 'waitrose_rating': '5', 'waitrose_unit_price': '(£3.20/100ml)', 'waitrose_new_flag': None, 'waitrose_prod_name': 'Umberto Giannini Grow Long Shampoo 250ml', 'images': []}
DEBUG: Scraped from <200 https://www.waitrose.com/ecom/shop/browse/groceries/toiletries_health_and_beauty/hair_care/shampoo>
{'client': 'Waitrose', 'time': datetime.datetime(2020, 9, 1, 15, 54, 17, 498190), 'category': 'Shampoo', 'id': 'tPp807825-473364-473365', 'prod_name': 'SenSpa Deep Cleanse Shampoo', 'waitrose_Qty': '250ml', 'waitrose_discounted_price': '£4.00', 'waitrose_offer_desc': 'Save 1/3.', 'waitrose_url': 'https://www.waitrose.com/ecom/shop/browse/groceries/toiletries_health_and_beauty/hair_care/shampoo', 'waitrose_rating': '3.7', 'waitrose_unit_price': '(£1.60/100ml)', 'waitrose_new_flag': None, 'waitrose_prod_name': 'SenSpa Deep Cleanse Shampoo 250ml', 'images': []}
DEBUG: Scraped from <200 https://www.waitrose.com/ecom/shop/browse/groceries/toiletries_health_and_beauty/hair_care/shampoo>
{'client': 'Waitrose', 'time': datetime.datetime(2020, 9, 1, 15, 54, 17, 498190), 'category': 'Shampoo', 'id': 'tPp405353-729640-729641', 'prod_name': 'Percy & Reed No-Fuss Dry Shampoo', 'waitrose_Qty': '200ml', 'waitrose_discounted_price': '£15.00', 'waitrose_offer_desc': None, 'waitrose_url': 'https://www.waitrose.com/ecom/shop/browse/groceries/toiletries_health_and_beauty/hair_care/shampoo', 'waitrose_rating': '3.8', 'waitrose_unit_price': '(£7.50/100ml)', 'waitrose_new_flag': None, 'waitrose_prod_name': 'Percy & Reed No-Fuss Dry Shampoo 200ml', 'images': []}
DEBUG: Scraped from <200 https://www.waitrose.com/ecom/shop/browse/groceries/toiletries_health_and_beauty/hair_care/shampoo>
{'client': 'Waitrose', 'time': datetime.datetime(2020, 9, 1, 15, 54, 17, 498190), 'category': 'Shampoo', 'id': 'tPp812614-707138-707139', 'prod_name': 'Beco Spring Meadow Shampoo Bar', 'waitrose_Qty': '90g', 'waitrose_discounted_price': '£4.00', 'waitrose_offer_desc': None, 'waitrose_url': 'https://www.waitrose.com/ecom/shop/browse/groceries/toiletries_health_and_beauty/hair_care/shampoo', 'waitrose_rating': '3.3', 'waitrose_unit_price': '(£4.45/100g)', 'waitrose_new_flag': None, 'waitrose_prod_name': 'Beco Spring Meadow Shampoo Bar 90g', 'images': []}
DEBUG: Scraped from <200 https://www.waitrose.com/ecom/shop/browse/groceries/toiletries_health_and_beauty/hair_care/shampoo>
{'client': 'Waitrose', 'time': datetime.datetime(2020, 9, 1, 15, 54, 17, 498190), 'category': 'Shampoo', 'id': 'tPp861587-154949-154950', 'prod_name': 'Batiste dark & deep brown dry shampoo', 'waitrose_Qty': '200ml', 'waitrose_discounted_price': '£4.00', 'waitrose_offer_desc': None, 'waitrose_url': 'https://www.waitrose.com/ecom/shop/browse/groceries/toiletries_health_and_beauty/hair_care/shampoo', 'waitrose_rating': None, 'waitrose_unit_price': '(£2/100ml)', 'waitrose_new_flag': None, 'waitrose_prod_name': 'Batiste dark & deep brown dry shampoo 200ml', 'images': []}
DEBUG: Scraped from <200 https://www.waitrose.com/ecom/shop/browse/groceries/toiletries_health_and_beauty/hair_care/shampoo>
{'client': 'Waitrose', 'time': datetime.datetime(2020, 9, 1, 15, 54, 17, 498190), 'category': 'Shampoo', 'id': 'tPp492090-729670-729671', 'prod_name': 'Percy & Reed Volumising Shampoo', 'waitrose_Qty': '250ml', 'waitrose_discounted_price': '£18.00', 'waitrose_offer_desc': None, 'waitrose_url': 'https://www.waitrose.com/ecom/shop/browse/groceries/toiletries_health_and_beauty/hair_care/shampoo', 'waitrose_rating': None, 'waitrose_unit_price': '(£7.20/100ml)', 'waitrose_new_flag': None, 'waitrose_prod_name': 'Percy & Reed Volumising Shampoo 250ml', 'images': []}
DEBUG: Scraped from <200 https://www.waitrose.com/ecom/shop/browse/groceries/toiletries_health_and_beauty/hair_care/shampoo>
{'client': 'Waitrose', 'time': datetime.datetime(2020, 9, 1, 15, 54, 17, 498190), 'category': 'Shampoo', 'id': 'tPp567427-683666-683667', 'prod_name': 'Ogx Charcoal Detox Shampoo', 'waitrose_Qty': '385ml', 'waitrose_discounted_price': '£7.00', 'waitrose_offer_desc': None, 'waitrose_url': 'https://www.waitrose.com/ecom/shop/browse/groceries/toiletries_health_and_beauty/hair_care/shampoo', 'waitrose_rating': None, 'waitrose_unit_price': '(£1.82/100ml)', 'waitrose_new_flag': None, 'waitrose_prod_name': 'Ogx Charcoal Detox Shampoo 385ml', 'images': []}
DEBUG: Scraped from <200 https://www.waitrose.com/ecom/shop/browse/groceries/toiletries_health_and_beauty/hair_care/shampoo>
{'client': 'Waitrose', 'time': datetime.datetime(2020, 9, 1, 15, 54, 17, 498190), 'category': 'Shampoo', 'id': 'tPp567431-729696-729697', 'prod_name': 'Batiste Dry Shampoo for Blondes', 'waitrose_Qty': '200ml', 'waitrose_discounted_price': '£4.00', 'waitrose_offer_desc': None, 'waitrose_url': 'https://www.waitrose.com/ecom/shop/browse/groceries/toiletries_health_and_beauty/hair_care/shampoo', 'waitrose_rating': None, 'waitrose_unit_price': '(£2/100ml)', 'waitrose_new_flag': None, 'waitrose_prod_name': 'Batiste Dry Shampoo for Blondes 200ml', 'images': []}
DEBUG: Scraped from <200 https://www.waitrose.com/ecom/shop/browse/groceries/toiletries_health_and_beauty/hair_care/shampoo>
{'client': 'Waitrose', 'time': datetime.datetime(2020, 9, 1, 15, 54, 17, 498190), 'category': 'Shampoo', 'id': 'tPp076232-38732-38733', 'prod_name': 'AOrganic Lavender Shampoo', 'waitrose_Qty': '325ml', 'waitrose_discounted_price': '£7.00', 'waitrose_offer_desc': None, 'waitrose_url': 'https://www.waitrose.com/ecom/shop/browse/groceries/toiletries_health_and_beauty/hair_care/shampoo', 'waitrose_rating': '3.8', 'waitrose_unit_price': '(£2.16/100ml)', 'waitrose_new_flag': None, 'waitrose_prod_name': 'AOrganic Lavender Shampoo 325ml', 'images': []}
DEBUG: Scraped from <200 https://www.waitrose.com/ecom/shop/browse/groceries/toiletries_health_and_beauty/hair_care/shampoo>
{'client': 'Waitrose', 'time': datetime.datetime(2020, 9, 1, 15, 54, 17, 498190), 'category': 'Shampoo', 'id': 'tPp834106-299691-299692', 'prod_name': 'Head & Shoulders 2in1 smooth & silky', 'waitrose_Qty': '450ml', 'waitrose_discounted_price': '£5.00', 'waitrose_offer_desc': None, 'waitrose_url': 'https://www.waitrose.com/ecom/shop/browse/groceries/toiletries_health_and_beauty/hair_care/shampoo', 'waitrose_rating': None, 'waitrose_unit_price': '(£1.12/100ml)', 'waitrose_new_flag': None, 'waitrose_prod_name': 'Head & Shoulders 2in1 smooth & silky 450ml', 'images': []}
DEBUG: Scraped from <200 https://www.waitrose.com/ecom/shop/browse/groceries/toiletries_health_and_beauty/hair_care/shampoo>
{'client': 'Waitrose', 'time': datetime.datetime(2020, 9, 1, 15, 54, 17, 498190), 'category': 'Shampoo', 'id': 'tPp714629-729752-729753', 'prod_name': 'OGX Keratin Oil Shampoo', 'waitrose_Qty': '385ml', 'waitrose_discounted_price': '£7.00', 'waitrose_offer_desc': None, 'waitrose_url': 'https://www.waitrose.com/ecom/shop/browse/groceries/toiletries_health_and_beauty/hair_care/shampoo', 'waitrose_rating': None, 'waitrose_unit_price': '(£1.82/100ml)', 'waitrose_new_flag': None, 'waitrose_prod_name': 'OGX Keratin Oil Shampoo 385ml', 'images': []}
DEBUG: Scraped from <200 https://www.waitrose.com/ecom/shop/browse/groceries/toiletries_health_and_beauty/hair_care/shampoo>
{'client': 'Waitrose', 'time': datetime.datetime(2020, 9, 1, 15, 54, 17, 498190), 'category': 'Shampoo', 'id': 'tPp803275-329016-329017', 'prod_name': 'AOrganic Peppermint Shampoo', 'waitrose_Qty': '325ml', 'waitrose_discounted_price': '£7.00', 'waitrose_offer_desc': None, 'waitrose_url': 'https://www.waitrose.com/ecom/shop/browse/groceries/toiletries_health_and_beauty/hair_care/shampoo', 'waitrose_rating': None, 'waitrose_unit_price': '(£2.16/100ml)', 'waitrose_new_flag': None, 'waitrose_prod_name': 'AOrganic Peppermint Shampoo 325ml', 'images': []}
DEBUG: Scraped from <200 https://www.waitrose.com/ecom/shop/browse/groceries/toiletries_health_and_beauty/hair_care/shampoo>
{'client': 'Waitrose', 'time': datetime.datetime(2020, 9, 1, 15, 54, 17, 498190), 'category': 'Shampoo', 'id': 'tPp694392-98595-98596', 'prod_name': 'Head & Shoulders Shampoo Cool Menthol', 'waitrose_Qty': '500ml', 'waitrose_discounted_price': '£5.15', 'waitrose_offer_desc': None, 'waitrose_url': 'https://www.waitrose.com/ecom/shop/browse/groceries/toiletries_health_and_beauty/hair_care/shampoo', 'waitrose_rating': None, 'waitrose_unit_price': '(£1.03/100ml)', 'waitrose_new_flag': None, 'waitrose_prod_name': 'Head & Shoulders Shampoo Cool Menthol 500ml', 'images': []}
DEBUG: Scraped from <200 https://www.waitrose.com/ecom/shop/browse/groceries/toiletries_health_and_beauty/hair_care/shampoo>
{'client': 'Waitrose', 'time': datetime.datetime(2020, 9, 1, 15, 54, 17, 498190), 'category': 'Shampoo', 'id': 'tPp581644-729702-729703', 'prod_name': 'Percy & Reed Hydrating Shampoo', 'waitrose_Qty': '250ml', 'waitrose_discounted_price': '£18.00', 'waitrose_offer_desc': None, 'waitrose_url': 'https://www.waitrose.com/ecom/shop/browse/groceries/toiletries_health_and_beauty/hair_care/shampoo', 'waitrose_rating': None, 'waitrose_unit_price': '(£7.20/100ml)', 'waitrose_new_flag': None, 'waitrose_prod_name': 'Percy & Reed Hydrating Shampoo 250ml', 'images': []}
DEBUG: Scraped from <200 https://www.waitrose.com/ecom/shop/browse/groceries/toiletries_health_and_beauty/hair_care/shampoo>
{'client': 'Waitrose', 'time': datetime.datetime(2020, 9, 1, 15, 54, 17, 498190), 'category': 'Shampoo', 'id': 'tPp567481-719558-719559', 'prod_name': 'Fit Kit Gentle Shampoo &Conditioner', 'waitrose_Qty': '200ml', 'waitrose_discounted_price': '£3.99', 'waitrose_offer_desc': None, 'waitrose_url': 'https://www.waitrose.com/ecom/shop/browse/groceries/toiletries_health_and_beauty/hair_care/shampoo', 'waitrose_rating': '5', 'waitrose_unit_price': '(£2/100ml)', 'waitrose_new_flag': None, 'waitrose_prod_name': 'Fit Kit Gentle Shampoo &Conditioner 200ml', 'images': []}
DEBUG: Scraped from <200 https://www.waitrose.com/ecom/shop/browse/groceries/toiletries_health_and_beauty/hair_care/shampoo>
{'client': 'Waitrose', 'time': datetime.datetime(2020, 9, 1, 15, 54, 17, 498190), 'category': 'Shampoo', 'id': 'tPp855732-695986-695987', 'prod_name': 'Hair Biology De-Frizz Shampoo', 'waitrose_Qty': '250ml', 'waitrose_discounted_price': '£4.50', 'waitrose_offer_desc': None, 'waitrose_url': 'https://www.waitrose.com/ecom/shop/browse/groceries/toiletries_health_and_beauty/hair_care/shampoo', 'waitrose_rating': None, 'waitrose_unit_price': '(£1.80/100ml)', 'waitrose_new_flag': None, 'waitrose_prod_name': 'Hair Biology De-Frizz Shampoo 250ml', 'images': []}
DEBUG: Scraped from <200 https://www.waitrose.com/ecom/shop/browse/groceries/toiletries_health_and_beauty/hair_care/shampoo>
{'client': 'Waitrose', 'time': datetime.datetime(2020, 9, 1, 15, 54, 17, 498190), 'category': 'Shampoo', 'id': 'tPp734002-695705-695706', 'prod_name': 'Percy & Reed Wonder Wash Shampoo', 'waitrose_Qty': '250ml', 'waitrose_discounted_price': '£18.00', 'waitrose_offer_desc': None, 'waitrose_url': 'https://www.waitrose.com/ecom/shop/browse/groceries/toiletries_health_and_beauty/hair_care/shampoo', 'waitrose_rating': '4.1', 'waitrose_unit_price': '(£7.20/100ml)', 'waitrose_new_flag': None, 'waitrose_prod_name': 'Percy & Reed Wonder Wash Shampoo 250ml', 'images': []}
DEBUG: Scraped from <200 https://www.waitrose.com/ecom/shop/browse/groceries/toiletries_health_and_beauty/hair_care/shampoo>
{'client': 'Waitrose', 'time': datetime.datetime(2020, 9, 1, 15, 54, 17, 498190), 'category': 'Shampoo', 'id': 'tPp591666-681031-681032', 'prod_name': 'Pure Grace Shower Gel', 'waitrose_Qty': '480ml', 'waitrose_discounted_price': '£19.50', 'waitrose_offer_desc': None, 'waitrose_url': 'https://www.waitrose.com/ecom/shop/browse/groceries/toiletries_health_and_beauty/hair_care/shampoo', 'waitrose_rating': None, 'waitrose_unit_price': '(£4.07/100ml)', 'waitrose_new_flag': None, 'waitrose_prod_name': 'Pure Grace Shower Gel 480ml', 'images': []}
DEBUG: Scraped from <200 https://www.waitrose.com/ecom/shop/browse/groceries/toiletries_health_and_beauty/hair_care/shampoo>
{'client': 'Waitrose', 'time': datetime.datetime(2020, 9, 1, 15, 54, 17, 498190), 'category': 'Shampoo', 'id': 'tPp401660-588303-588304', 'prod_name': 'Richard Ward Brunette Shampoo', 'waitrose_Qty': '250ml', 'waitrose_discounted_price': '£6.00', 'waitrose_offer_desc': None, 'waitrose_url': 'https://www.waitrose.com/ecom/shop/browse/groceries/toiletries_health_and_beauty/hair_care/shampoo', 'waitrose_rating': '5', 'waitrose_unit_price': '(£2.40/100ml)', 'waitrose_new_flag': None, 'waitrose_prod_name': 'Richard Ward Brunette Shampoo 250ml', 'images': []}
DEBUG: Scraped from <200 https://www.waitrose.com/ecom/shop/browse/groceries/toiletries_health_and_beauty/hair_care/shampoo>
{'client': 'Waitrose', 'time': datetime.datetime(2020, 9, 1, 15, 54, 17, 498190), 'category': 'Shampoo', 'id': 'tPp836383-271490-271491', 'prod_name': 'Head & Shoulders 2in1 citrus care', 'waitrose_Qty': '450ml', 'waitrose_discounted_price': '£5.15', 'waitrose_offer_desc': None, 'waitrose_url': 'https://www.waitrose.com/ecom/shop/browse/groceries/toiletries_health_and_beauty/hair_care/shampoo', 'waitrose_rating': None, 'waitrose_unit_price': '(£1.15/100ml)', 'waitrose_new_flag': None, 'waitrose_prod_name': 'Head & Shoulders 2in1 citrus care 450ml', 'images': []}
INFO: Closing spider (finished)
INFO: Stored json feed (140 items) in: waitrose_090120.json
INFO: Dumping Scrapy stats:
{'downloader/request_bytes': 2590,
 'downloader/request_count': 1,
 'downloader/request_method_count/POST': 1,
 'downloader/response_bytes': 1661190,
 'downloader/response_count': 1,
 'downloader/response_status_count/200': 1,
 'finish_reason': 'finished',
 'finish_time': datetime.datetime(2020, 9, 1, 10, 25, 59, 903862),
 'item_scraped_count': 140,
 'log_count/DEBUG': 141,
 'log_count/INFO': 11,
 'log_count/WARNING': 1,
 'response_received_count': 1,
 'scheduler/dequeued': 2,
 'scheduler/dequeued/memory': 2,
 'scheduler/enqueued': 2,
 'scheduler/enqueued/memory': 2,
 'splash/execute/request_count': 1,
 'splash/execute/response_count/200': 1,
 'start_time': datetime.datetime(2020, 9, 1, 10, 24, 17, 838598)}
INFO: Spider closed (finished)
INFO: Scrapy 1.6.0 started (bot: waitrose)
INFO: Versions: lxml 4.5.1.0, libxml2 2.9.10, cssselect 1.1.0, parsel 1.6.0, w3lib 1.22.0, Twisted 20.3.0, Python 3.7.7 (default, May  6 2020, 11:45:54) [MSC v.1916 64 bit (AMD64)], pyOpenSSL 19.1.0 (OpenSSL 1.1.1g  21 Apr 2020), cryptography 2.9.2, Platform Windows-10-10.0.18362-SP0
INFO: Overridden settings: {'BOT_NAME': 'waitrose', 'DOWNLOAD_TIMEOUT': 1200, 'DUPEFILTER_CLASS': 'scrapy_splash.SplashAwareDupeFilter', 'FEED_EXPORT_ENCODING': 'utf-8', 'FEED_FORMAT': 'json', 'FEED_URI': 'waitrose_090320.json', 'NEWSPIDER_MODULE': 'waitrose.spiders', 'SPIDER_MODULES': ['waitrose.spiders']}
INFO: Telnet Password: 9f122112bc3d9b5c
INFO: Enabled extensions:
['scrapy.extensions.corestats.CoreStats',
 'scrapy.extensions.telnet.TelnetConsole',
 'scrapy.extensions.feedexport.FeedExporter',
 'scrapy.extensions.logstats.LogStats']
INFO: Enabled downloader middlewares:
['scrapy.downloadermiddlewares.httpauth.HttpAuthMiddleware',
 'scrapy.downloadermiddlewares.downloadtimeout.DownloadTimeoutMiddleware',
 'scrapy.downloadermiddlewares.defaultheaders.DefaultHeadersMiddleware',
 'scrapy.downloadermiddlewares.useragent.UserAgentMiddleware',
 'scrapy.downloadermiddlewares.retry.RetryMiddleware',
 'scrapy.downloadermiddlewares.redirect.MetaRefreshMiddleware',
 'scrapy.downloadermiddlewares.redirect.RedirectMiddleware',
 'scrapy.downloadermiddlewares.cookies.CookiesMiddleware',
 'scrapy_splash.SplashCookiesMiddleware',
 'scrapy_splash.SplashMiddleware',
 'scrapy.downloadermiddlewares.httpproxy.HttpProxyMiddleware',
 'scrapy.downloadermiddlewares.httpcompression.HttpCompressionMiddleware',
 'scrapy.downloadermiddlewares.stats.DownloaderStats']
INFO: Enabled spider middlewares:
['scrapy.spidermiddlewares.httperror.HttpErrorMiddleware',
 'scrapy_splash.SplashDeduplicateArgsMiddleware',
 'scrapy.spidermiddlewares.offsite.OffsiteMiddleware',
 'scrapy.spidermiddlewares.referer.RefererMiddleware',
 'scrapy.spidermiddlewares.urllength.UrlLengthMiddleware',
 'scrapy.spidermiddlewares.depth.DepthMiddleware']
INFO: Enabled item pipelines:
['waitrose.pipelines.ImageDownloaderPipeline',
 'waitrose.pipelines.SQLlitePipeline']
INFO: Spider opened
INFO: Crawled 0 pages (at 0 pages/min), scraped 0 items (at 0 items/min)
WARNING: C:\Users\sujithk\AppData\Local\Continuum\anaconda3\envs\Virtual_Env\lib\site-packages\scrapy\spidermiddlewares\offsite.py:61: URLWarning: allowed_domains accepts only domains, not URLs. Ignoring URL entry https://www.waitrose.com/ in allowed_domains.
  warnings.warn(message, URLWarning)

INFO: Telnet console listening on 127.0.0.1:6026
DEBUG: Retrying <GET https://www.waitrose.com/ecom/shop/browse/groceries/toiletries_health_and_beauty/hair_care/shampoo via http://192.168.65.33:8050/execute> (failed 1 times): TCP connection timed out: 10060: A connection attempt failed because the connected party did not properly respond after a period of time, or established connection failed because connected host has failed to respond..
DEBUG: Retrying <GET https://www.waitrose.com/ecom/shop/browse/groceries/toiletries_health_and_beauty/hair_care/shampoo via http://192.168.65.33:8050/execute> (failed 2 times): TCP connection timed out: 10060: A connection attempt failed because the connected party did not properly respond after a period of time, or established connection failed because connected host has failed to respond..
INFO: Crawled 0 pages (at 0 pages/min), scraped 0 items (at 0 items/min)
DEBUG: Gave up retrying <GET https://www.waitrose.com/ecom/shop/browse/groceries/toiletries_health_and_beauty/hair_care/shampoo via http://192.168.65.33:8050/execute> (failed 3 times): TCP connection timed out: 10060: A connection attempt failed because the connected party did not properly respond after a period of time, or established connection failed because connected host has failed to respond..
ERROR: Error downloading <GET https://www.waitrose.com/ecom/shop/browse/groceries/toiletries_health_and_beauty/hair_care/shampoo via http://192.168.65.33:8050/execute>
Traceback (most recent call last):
  File "C:\Users\sujithk\AppData\Local\Continuum\anaconda3\envs\Virtual_Env\lib\site-packages\scrapy\core\downloader\middleware.py", line 43, in process_request
    defer.returnValue((yield download_func(request=request,spider=spider)))
twisted.internet.error.TCPTimedOutError: TCP connection timed out: 10060: A connection attempt failed because the connected party did not properly respond after a period of time, or established connection failed because connected host has failed to respond..
INFO: Closing spider (finished)
INFO: Dumping Scrapy stats:
{'downloader/exception_count': 3,
 'downloader/exception_type_count/twisted.internet.error.TCPTimedOutError': 3,
 'downloader/request_bytes': 7770,
 'downloader/request_count': 3,
 'downloader/request_method_count/POST': 3,
 'finish_reason': 'finished',
 'finish_time': datetime.datetime(2020, 9, 3, 7, 31, 38, 981450),
 'log_count/DEBUG': 3,
 'log_count/ERROR': 1,
 'log_count/INFO': 10,
 'log_count/WARNING': 1,
 'retry/count': 2,
 'retry/max_reached': 1,
 'retry/reason_count/twisted.internet.error.TCPTimedOutError': 2,
 'scheduler/dequeued': 4,
 'scheduler/dequeued/memory': 4,
 'scheduler/enqueued': 4,
 'scheduler/enqueued/memory': 4,
 'splash/execute/request_count': 1,
 'start_time': datetime.datetime(2020, 9, 3, 7, 30, 35, 684641)}
INFO: Spider closed (finished)
INFO: Scrapy 1.6.0 started (bot: waitrose)
INFO: Versions: lxml 4.5.1.0, libxml2 2.9.10, cssselect 1.1.0, parsel 1.6.0, w3lib 1.22.0, Twisted 20.3.0, Python 3.7.7 (default, May  6 2020, 11:45:54) [MSC v.1916 64 bit (AMD64)], pyOpenSSL 19.1.0 (OpenSSL 1.1.1g  21 Apr 2020), cryptography 2.9.2, Platform Windows-10-10.0.18362-SP0
INFO: Overridden settings: {'BOT_NAME': 'waitrose', 'DOWNLOAD_TIMEOUT': 1200, 'DUPEFILTER_CLASS': 'scrapy_splash.SplashAwareDupeFilter', 'FEED_EXPORT_ENCODING': 'utf-8', 'FEED_FORMAT': 'json', 'FEED_URI': 'waitrose_090320.json', 'NEWSPIDER_MODULE': 'waitrose.spiders', 'SPIDER_MODULES': ['waitrose.spiders']}
INFO: Telnet Password: e4881b4c8de060de
INFO: Enabled extensions:
['scrapy.extensions.corestats.CoreStats',
 'scrapy.extensions.telnet.TelnetConsole',
 'scrapy.extensions.feedexport.FeedExporter',
 'scrapy.extensions.logstats.LogStats']
INFO: Enabled downloader middlewares:
['scrapy.downloadermiddlewares.httpauth.HttpAuthMiddleware',
 'scrapy.downloadermiddlewares.downloadtimeout.DownloadTimeoutMiddleware',
 'scrapy.downloadermiddlewares.defaultheaders.DefaultHeadersMiddleware',
 'scrapy.downloadermiddlewares.useragent.UserAgentMiddleware',
 'scrapy.downloadermiddlewares.retry.RetryMiddleware',
 'scrapy.downloadermiddlewares.redirect.MetaRefreshMiddleware',
 'scrapy.downloadermiddlewares.redirect.RedirectMiddleware',
 'scrapy.downloadermiddlewares.cookies.CookiesMiddleware',
 'scrapy_splash.SplashCookiesMiddleware',
 'scrapy_splash.SplashMiddleware',
 'scrapy.downloadermiddlewares.httpproxy.HttpProxyMiddleware',
 'scrapy.downloadermiddlewares.httpcompression.HttpCompressionMiddleware',
 'scrapy.downloadermiddlewares.stats.DownloaderStats']
INFO: Enabled spider middlewares:
['scrapy.spidermiddlewares.httperror.HttpErrorMiddleware',
 'scrapy_splash.SplashDeduplicateArgsMiddleware',
 'scrapy.spidermiddlewares.offsite.OffsiteMiddleware',
 'scrapy.spidermiddlewares.referer.RefererMiddleware',
 'scrapy.spidermiddlewares.urllength.UrlLengthMiddleware',
 'scrapy.spidermiddlewares.depth.DepthMiddleware']
INFO: Enabled item pipelines:
['waitrose.pipelines.ImageDownloaderPipeline',
 'waitrose.pipelines.SQLlitePipeline']
INFO: Spider opened
INFO: Crawled 0 pages (at 0 pages/min), scraped 0 items (at 0 items/min)
WARNING: C:\Users\sujithk\AppData\Local\Continuum\anaconda3\envs\Virtual_Env\lib\site-packages\scrapy\spidermiddlewares\offsite.py:61: URLWarning: allowed_domains accepts only domains, not URLs. Ignoring URL entry https://www.waitrose.com/ in allowed_domains.
  warnings.warn(message, URLWarning)

INFO: Telnet console listening on 127.0.0.1:6026
DEBUG: Retrying <GET https://www.waitrose.com/ecom/shop/browse/groceries/toiletries_health_and_beauty/hair_care/shampoo via http://192.168.65.33:8050/execute> (failed 1 times): TCP connection timed out: 10060: A connection attempt failed because the connected party did not properly respond after a period of time, or established connection failed because connected host has failed to respond..
DEBUG: Retrying <GET https://www.waitrose.com/ecom/shop/browse/groceries/toiletries_health_and_beauty/hair_care/shampoo via http://192.168.65.33:8050/execute> (failed 2 times): TCP connection timed out: 10060: A connection attempt failed because the connected party did not properly respond after a period of time, or established connection failed because connected host has failed to respond..
INFO: Crawled 0 pages (at 0 pages/min), scraped 0 items (at 0 items/min)
DEBUG: Gave up retrying <GET https://www.waitrose.com/ecom/shop/browse/groceries/toiletries_health_and_beauty/hair_care/shampoo via http://192.168.65.33:8050/execute> (failed 3 times): TCP connection timed out: 10060: A connection attempt failed because the connected party did not properly respond after a period of time, or established connection failed because connected host has failed to respond..
ERROR: Error downloading <GET https://www.waitrose.com/ecom/shop/browse/groceries/toiletries_health_and_beauty/hair_care/shampoo via http://192.168.65.33:8050/execute>
Traceback (most recent call last):
  File "C:\Users\sujithk\AppData\Local\Continuum\anaconda3\envs\Virtual_Env\lib\site-packages\scrapy\core\downloader\middleware.py", line 43, in process_request
    defer.returnValue((yield download_func(request=request,spider=spider)))
twisted.internet.error.TCPTimedOutError: TCP connection timed out: 10060: A connection attempt failed because the connected party did not properly respond after a period of time, or established connection failed because connected host has failed to respond..
INFO: Closing spider (finished)
INFO: Dumping Scrapy stats:
{'downloader/exception_count': 3,
 'downloader/exception_type_count/twisted.internet.error.TCPTimedOutError': 3,
 'downloader/request_bytes': 7770,
 'downloader/request_count': 3,
 'downloader/request_method_count/POST': 3,
 'finish_reason': 'finished',
 'finish_time': datetime.datetime(2020, 9, 3, 8, 16, 28, 761664),
 'log_count/DEBUG': 3,
 'log_count/ERROR': 1,
 'log_count/INFO': 10,
 'log_count/WARNING': 1,
 'retry/count': 2,
 'retry/max_reached': 1,
 'retry/reason_count/twisted.internet.error.TCPTimedOutError': 2,
 'scheduler/dequeued': 4,
 'scheduler/dequeued/memory': 4,
 'scheduler/enqueued': 4,
 'scheduler/enqueued/memory': 4,
 'splash/execute/request_count': 1,
 'start_time': datetime.datetime(2020, 9, 3, 8, 15, 25, 467098)}
INFO: Spider closed (finished)
INFO: Scrapy 1.6.0 started (bot: waitrose)
INFO: Versions: lxml 4.5.1.0, libxml2 2.9.10, cssselect 1.1.0, parsel 1.6.0, w3lib 1.22.0, Twisted 20.3.0, Python 3.7.7 (default, May  6 2020, 11:45:54) [MSC v.1916 64 bit (AMD64)], pyOpenSSL 19.1.0 (OpenSSL 1.1.1g  21 Apr 2020), cryptography 2.9.2, Platform Windows-10-10.0.18362-SP0
INFO: Overridden settings: {'BOT_NAME': 'waitrose', 'DOWNLOAD_TIMEOUT': 1200, 'DUPEFILTER_CLASS': 'scrapy_splash.SplashAwareDupeFilter', 'FEED_EXPORT_ENCODING': 'utf-8', 'FEED_FORMAT': 'json', 'FEED_URI': 'waitrose_090320.json', 'NEWSPIDER_MODULE': 'waitrose.spiders', 'SPIDER_MODULES': ['waitrose.spiders']}
INFO: Telnet Password: 620b8773a4d6ec70
INFO: Enabled extensions:
['scrapy.extensions.corestats.CoreStats',
 'scrapy.extensions.telnet.TelnetConsole',
 'scrapy.extensions.feedexport.FeedExporter',
 'scrapy.extensions.logstats.LogStats']
INFO: Enabled downloader middlewares:
['scrapy.downloadermiddlewares.httpauth.HttpAuthMiddleware',
 'scrapy.downloadermiddlewares.downloadtimeout.DownloadTimeoutMiddleware',
 'scrapy.downloadermiddlewares.defaultheaders.DefaultHeadersMiddleware',
 'scrapy.downloadermiddlewares.useragent.UserAgentMiddleware',
 'scrapy.downloadermiddlewares.retry.RetryMiddleware',
 'scrapy.downloadermiddlewares.redirect.MetaRefreshMiddleware',
 'scrapy.downloadermiddlewares.redirect.RedirectMiddleware',
 'scrapy.downloadermiddlewares.cookies.CookiesMiddleware',
 'scrapy_splash.SplashCookiesMiddleware',
 'scrapy_splash.SplashMiddleware',
 'scrapy.downloadermiddlewares.httpproxy.HttpProxyMiddleware',
 'scrapy.downloadermiddlewares.httpcompression.HttpCompressionMiddleware',
 'scrapy.downloadermiddlewares.stats.DownloaderStats']
INFO: Enabled spider middlewares:
['scrapy.spidermiddlewares.httperror.HttpErrorMiddleware',
 'scrapy_splash.SplashDeduplicateArgsMiddleware',
 'scrapy.spidermiddlewares.offsite.OffsiteMiddleware',
 'scrapy.spidermiddlewares.referer.RefererMiddleware',
 'scrapy.spidermiddlewares.urllength.UrlLengthMiddleware',
 'scrapy.spidermiddlewares.depth.DepthMiddleware']
INFO: Enabled item pipelines:
['waitrose.pipelines.ImageDownloaderPipeline',
 'waitrose.pipelines.SQLlitePipeline']
INFO: Spider opened
INFO: Crawled 0 pages (at 0 pages/min), scraped 0 items (at 0 items/min)
WARNING: C:\Users\sujithk\AppData\Local\Continuum\anaconda3\envs\Virtual_Env\lib\site-packages\scrapy\spidermiddlewares\offsite.py:61: URLWarning: allowed_domains accepts only domains, not URLs. Ignoring URL entry https://www.waitrose.com/ in allowed_domains.
  warnings.warn(message, URLWarning)

INFO: Telnet console listening on 127.0.0.1:6026
DEBUG: Retrying <GET https://www.waitrose.com/ecom/shop/browse/groceries/toiletries_health_and_beauty/hair_care/shampoo via http://192.168.65.33:8050/execute> (failed 1 times): TCP connection timed out: 10060: A connection attempt failed because the connected party did not properly respond after a period of time, or established connection failed because connected host has failed to respond..
DEBUG: Retrying <GET https://www.waitrose.com/ecom/shop/browse/groceries/toiletries_health_and_beauty/hair_care/shampoo via http://192.168.65.33:8050/execute> (failed 2 times): TCP connection timed out: 10060: A connection attempt failed because the connected party did not properly respond after a period of time, or established connection failed because connected host has failed to respond..
INFO: Crawled 0 pages (at 0 pages/min), scraped 0 items (at 0 items/min)
DEBUG: Gave up retrying <GET https://www.waitrose.com/ecom/shop/browse/groceries/toiletries_health_and_beauty/hair_care/shampoo via http://192.168.65.33:8050/execute> (failed 3 times): TCP connection timed out: 10060: A connection attempt failed because the connected party did not properly respond after a period of time, or established connection failed because connected host has failed to respond..
ERROR: Error downloading <GET https://www.waitrose.com/ecom/shop/browse/groceries/toiletries_health_and_beauty/hair_care/shampoo via http://192.168.65.33:8050/execute>
Traceback (most recent call last):
  File "C:\Users\sujithk\AppData\Local\Continuum\anaconda3\envs\Virtual_Env\lib\site-packages\scrapy\core\downloader\middleware.py", line 43, in process_request
    defer.returnValue((yield download_func(request=request,spider=spider)))
twisted.internet.error.TCPTimedOutError: TCP connection timed out: 10060: A connection attempt failed because the connected party did not properly respond after a period of time, or established connection failed because connected host has failed to respond..
INFO: Closing spider (finished)
INFO: Dumping Scrapy stats:
{'downloader/exception_count': 3,
 'downloader/exception_type_count/twisted.internet.error.TCPTimedOutError': 3,
 'downloader/request_bytes': 7770,
 'downloader/request_count': 3,
 'downloader/request_method_count/POST': 3,
 'finish_reason': 'finished',
 'finish_time': datetime.datetime(2020, 9, 3, 8, 24, 48, 664830),
 'log_count/DEBUG': 3,
 'log_count/ERROR': 1,
 'log_count/INFO': 10,
 'log_count/WARNING': 1,
 'retry/count': 2,
 'retry/max_reached': 1,
 'retry/reason_count/twisted.internet.error.TCPTimedOutError': 2,
 'scheduler/dequeued': 4,
 'scheduler/dequeued/memory': 4,
 'scheduler/enqueued': 4,
 'scheduler/enqueued/memory': 4,
 'splash/execute/request_count': 1,
 'start_time': datetime.datetime(2020, 9, 3, 8, 23, 45, 405484)}
INFO: Spider closed (finished)
INFO: Scrapy 1.6.0 started (bot: waitrose)
INFO: Versions: lxml 4.5.1.0, libxml2 2.9.10, cssselect 1.1.0, parsel 1.6.0, w3lib 1.22.0, Twisted 20.3.0, Python 3.7.7 (default, May  6 2020, 11:45:54) [MSC v.1916 64 bit (AMD64)], pyOpenSSL 19.1.0 (OpenSSL 1.1.1g  21 Apr 2020), cryptography 2.9.2, Platform Windows-10-10.0.18362-SP0
INFO: Overridden settings: {'BOT_NAME': 'waitrose', 'DOWNLOAD_TIMEOUT': 1200, 'DUPEFILTER_CLASS': 'scrapy_splash.SplashAwareDupeFilter', 'FEED_EXPORT_ENCODING': 'utf-8', 'FEED_FORMAT': 'json', 'FEED_URI': 'waitrose_090320.json', 'NEWSPIDER_MODULE': 'waitrose.spiders', 'SPIDER_MODULES': ['waitrose.spiders']}
INFO: Telnet Password: 38e47331814cc03c
INFO: Enabled extensions:
['scrapy.extensions.corestats.CoreStats',
 'scrapy.extensions.telnet.TelnetConsole',
 'scrapy.extensions.feedexport.FeedExporter',
 'scrapy.extensions.logstats.LogStats']
INFO: Enabled downloader middlewares:
['scrapy.downloadermiddlewares.httpauth.HttpAuthMiddleware',
 'scrapy.downloadermiddlewares.downloadtimeout.DownloadTimeoutMiddleware',
 'scrapy.downloadermiddlewares.defaultheaders.DefaultHeadersMiddleware',
 'scrapy.downloadermiddlewares.useragent.UserAgentMiddleware',
 'scrapy.downloadermiddlewares.retry.RetryMiddleware',
 'scrapy.downloadermiddlewares.redirect.MetaRefreshMiddleware',
 'scrapy.downloadermiddlewares.redirect.RedirectMiddleware',
 'scrapy.downloadermiddlewares.cookies.CookiesMiddleware',
 'scrapy_splash.SplashCookiesMiddleware',
 'scrapy_splash.SplashMiddleware',
 'scrapy.downloadermiddlewares.httpproxy.HttpProxyMiddleware',
 'scrapy.downloadermiddlewares.httpcompression.HttpCompressionMiddleware',
 'scrapy.downloadermiddlewares.stats.DownloaderStats']
INFO: Enabled spider middlewares:
['scrapy.spidermiddlewares.httperror.HttpErrorMiddleware',
 'scrapy_splash.SplashDeduplicateArgsMiddleware',
 'scrapy.spidermiddlewares.offsite.OffsiteMiddleware',
 'scrapy.spidermiddlewares.referer.RefererMiddleware',
 'scrapy.spidermiddlewares.urllength.UrlLengthMiddleware',
 'scrapy.spidermiddlewares.depth.DepthMiddleware']
INFO: Enabled item pipelines:
['waitrose.pipelines.ImageDownloaderPipeline',
 'waitrose.pipelines.SQLlitePipeline']
INFO: Spider opened
INFO: Crawled 0 pages (at 0 pages/min), scraped 0 items (at 0 items/min)
WARNING: C:\Users\sujithk\AppData\Local\Continuum\anaconda3\envs\Virtual_Env\lib\site-packages\scrapy\spidermiddlewares\offsite.py:61: URLWarning: allowed_domains accepts only domains, not URLs. Ignoring URL entry https://www.waitrose.com/ in allowed_domains.
  warnings.warn(message, URLWarning)

INFO: Telnet console listening on 127.0.0.1:6026
INFO: Crawled 0 pages (at 0 pages/min), scraped 0 items (at 0 items/min)
INFO: Crawled 0 pages (at 0 pages/min), scraped 0 items (at 0 items/min)
INFO: Crawled 0 pages (at 0 pages/min), scraped 0 items (at 0 items/min)
INFO: Crawled 0 pages (at 0 pages/min), scraped 0 items (at 0 items/min)
INFO: Crawled 0 pages (at 0 pages/min), scraped 0 items (at 0 items/min)
INFO: Crawled 0 pages (at 0 pages/min), scraped 0 items (at 0 items/min)
INFO: Crawled 0 pages (at 0 pages/min), scraped 0 items (at 0 items/min)
INFO: Crawled 0 pages (at 0 pages/min), scraped 0 items (at 0 items/min)
INFO: Crawled 0 pages (at 0 pages/min), scraped 0 items (at 0 items/min)
INFO: Crawled 0 pages (at 0 pages/min), scraped 0 items (at 0 items/min)
INFO: Crawled 0 pages (at 0 pages/min), scraped 0 items (at 0 items/min)
INFO: Crawled 0 pages (at 0 pages/min), scraped 0 items (at 0 items/min)
INFO: Crawled 0 pages (at 0 pages/min), scraped 0 items (at 0 items/min)
INFO: Crawled 0 pages (at 0 pages/min), scraped 0 items (at 0 items/min)
INFO: Crawled 0 pages (at 0 pages/min), scraped 0 items (at 0 items/min)
INFO: Crawled 0 pages (at 0 pages/min), scraped 0 items (at 0 items/min)
INFO: Crawled 0 pages (at 0 pages/min), scraped 0 items (at 0 items/min)
INFO: Crawled 0 pages (at 0 pages/min), scraped 0 items (at 0 items/min)
INFO: Crawled 0 pages (at 0 pages/min), scraped 0 items (at 0 items/min)
INFO: Scrapy 1.6.0 started (bot: waitrose)
INFO: Versions: lxml 4.5.1.0, libxml2 2.9.10, cssselect 1.1.0, parsel 1.6.0, w3lib 1.22.0, Twisted 20.3.0, Python 3.7.7 (default, May  6 2020, 11:45:54) [MSC v.1916 64 bit (AMD64)], pyOpenSSL 19.1.0 (OpenSSL 1.1.1g  21 Apr 2020), cryptography 2.9.2, Platform Windows-10-10.0.18362-SP0
INFO: Overridden settings: {'BOT_NAME': 'waitrose', 'DOWNLOAD_TIMEOUT': 1200, 'DUPEFILTER_CLASS': 'scrapy_splash.SplashAwareDupeFilter', 'FEED_EXPORT_ENCODING': 'utf-8', 'FEED_FORMAT': 'json', 'FEED_URI': 'waitrose_090320.json', 'NEWSPIDER_MODULE': 'waitrose.spiders', 'SPIDER_MODULES': ['waitrose.spiders']}
INFO: Telnet Password: 693b3a78eae4c8f8
INFO: Enabled extensions:
['scrapy.extensions.corestats.CoreStats',
 'scrapy.extensions.telnet.TelnetConsole',
 'scrapy.extensions.feedexport.FeedExporter',
 'scrapy.extensions.logstats.LogStats']
INFO: Enabled downloader middlewares:
['scrapy.downloadermiddlewares.httpauth.HttpAuthMiddleware',
 'scrapy.downloadermiddlewares.downloadtimeout.DownloadTimeoutMiddleware',
 'scrapy.downloadermiddlewares.defaultheaders.DefaultHeadersMiddleware',
 'scrapy.downloadermiddlewares.useragent.UserAgentMiddleware',
 'scrapy.downloadermiddlewares.retry.RetryMiddleware',
 'scrapy.downloadermiddlewares.redirect.MetaRefreshMiddleware',
 'scrapy.downloadermiddlewares.redirect.RedirectMiddleware',
 'scrapy.downloadermiddlewares.cookies.CookiesMiddleware',
 'scrapy_splash.SplashCookiesMiddleware',
 'scrapy_splash.SplashMiddleware',
 'scrapy.downloadermiddlewares.httpproxy.HttpProxyMiddleware',
 'scrapy.downloadermiddlewares.httpcompression.HttpCompressionMiddleware',
 'scrapy.downloadermiddlewares.stats.DownloaderStats']
INFO: Enabled spider middlewares:
['scrapy.spidermiddlewares.httperror.HttpErrorMiddleware',
 'scrapy_splash.SplashDeduplicateArgsMiddleware',
 'scrapy.spidermiddlewares.offsite.OffsiteMiddleware',
 'scrapy.spidermiddlewares.referer.RefererMiddleware',
 'scrapy.spidermiddlewares.urllength.UrlLengthMiddleware',
 'scrapy.spidermiddlewares.depth.DepthMiddleware']
INFO: Enabled item pipelines:
['waitrose.pipelines.ImageDownloaderPipeline',
 'waitrose.pipelines.SQLlitePipeline']
INFO: Spider opened
INFO: Crawled 0 pages (at 0 pages/min), scraped 0 items (at 0 items/min)
WARNING: C:\Users\sujithk\AppData\Local\Continuum\anaconda3\envs\Virtual_Env\lib\site-packages\scrapy\spidermiddlewares\offsite.py:61: URLWarning: allowed_domains accepts only domains, not URLs. Ignoring URL entry https://www.waitrose.com/ in allowed_domains.
  warnings.warn(message, URLWarning)

INFO: Telnet console listening on 127.0.0.1:6023
INFO: Scrapy 1.6.0 started (bot: waitrose)
INFO: Versions: lxml 4.5.1.0, libxml2 2.9.10, cssselect 1.1.0, parsel 1.6.0, w3lib 1.22.0, Twisted 20.3.0, Python 3.7.7 (default, May  6 2020, 11:45:54) [MSC v.1916 64 bit (AMD64)], pyOpenSSL 19.1.0 (OpenSSL 1.1.1g  21 Apr 2020), cryptography 2.9.2, Platform Windows-10-10.0.18362-SP0
INFO: Overridden settings: {'BOT_NAME': 'waitrose', 'DOWNLOAD_TIMEOUT': 1200, 'DUPEFILTER_CLASS': 'scrapy_splash.SplashAwareDupeFilter', 'FEED_EXPORT_ENCODING': 'utf-8', 'FEED_FORMAT': 'json', 'FEED_URI': 'waitrose_090420.json', 'NEWSPIDER_MODULE': 'waitrose.spiders', 'SPIDER_MODULES': ['waitrose.spiders']}
INFO: Telnet Password: a93bce758b99663f
INFO: Enabled extensions:
['scrapy.extensions.corestats.CoreStats',
 'scrapy.extensions.telnet.TelnetConsole',
 'scrapy.extensions.feedexport.FeedExporter',
 'scrapy.extensions.logstats.LogStats']
INFO: Enabled downloader middlewares:
['scrapy.downloadermiddlewares.httpauth.HttpAuthMiddleware',
 'scrapy.downloadermiddlewares.downloadtimeout.DownloadTimeoutMiddleware',
 'scrapy.downloadermiddlewares.defaultheaders.DefaultHeadersMiddleware',
 'scrapy.downloadermiddlewares.useragent.UserAgentMiddleware',
 'scrapy.downloadermiddlewares.retry.RetryMiddleware',
 'scrapy.downloadermiddlewares.redirect.MetaRefreshMiddleware',
 'scrapy.downloadermiddlewares.redirect.RedirectMiddleware',
 'scrapy.downloadermiddlewares.cookies.CookiesMiddleware',
 'scrapy_splash.SplashCookiesMiddleware',
 'scrapy_splash.SplashMiddleware',
 'scrapy.downloadermiddlewares.httpproxy.HttpProxyMiddleware',
 'scrapy.downloadermiddlewares.httpcompression.HttpCompressionMiddleware',
 'scrapy.downloadermiddlewares.stats.DownloaderStats']
INFO: Enabled spider middlewares:
['scrapy.spidermiddlewares.httperror.HttpErrorMiddleware',
 'scrapy_splash.SplashDeduplicateArgsMiddleware',
 'scrapy.spidermiddlewares.offsite.OffsiteMiddleware',
 'scrapy.spidermiddlewares.referer.RefererMiddleware',
 'scrapy.spidermiddlewares.urllength.UrlLengthMiddleware',
 'scrapy.spidermiddlewares.depth.DepthMiddleware']
INFO: Enabled item pipelines:
['waitrose.pipelines.ImageDownloaderPipeline',
 'waitrose.pipelines.SQLlitePipeline']
INFO: Spider opened
INFO: Crawled 0 pages (at 0 pages/min), scraped 0 items (at 0 items/min)
WARNING: C:\Users\sujithk\AppData\Local\Continuum\anaconda3\envs\Virtual_Env\lib\site-packages\scrapy\spidermiddlewares\offsite.py:61: URLWarning: allowed_domains accepts only domains, not URLs. Ignoring URL entry https://www.waitrose.com/ in allowed_domains.
  warnings.warn(message, URLWarning)

INFO: Telnet console listening on 127.0.0.1:6026
INFO: Crawled 0 pages (at 0 pages/min), scraped 0 items (at 0 items/min)
DEBUG: Crawled (200) <GET https://www.waitrose.com/ecom/shop/browse/groceries/toiletries_health_and_beauty/hair_care/shampoo via http://192.168.43.15:8050/execute> (referer: None)
DEBUG: Scraped from <200 https://www.waitrose.com/ecom/shop/browse/groceries/toiletries_health_and_beauty/hair_care/shampoo>
{'client': 'Waitrose', 'time': datetime.datetime(2020, 9, 4, 15, 9, 48, 42939), 'category': 'Shampoo', 'id': 'tPp096508-49364-49365', 'prod_name': 'Aussie Miracle Moist Shampoo', 'waitrose_Qty': '300ml', 'waitrose_discounted_price': '£2.05', 'waitrose_offer_desc': 'Half Price.', 'waitrose_url': 'https://www.waitrose.com/ecom/shop/browse/groceries/toiletries_health_and_beauty/hair_care/shampoo', 'waitrose_rating': '3.7', 'waitrose_unit_price': '(68.3p/100ml)', 'waitrose_new_flag': None, 'waitrose_prod_name': 'Aussie Miracle Moist Shampoo 300ml', 'images': []}
DEBUG: Scraped from <200 https://www.waitrose.com/ecom/shop/browse/groceries/toiletries_health_and_beauty/hair_care/shampoo>
{'client': 'Waitrose', 'time': datetime.datetime(2020, 9, 4, 15, 9, 48, 42939), 'category': 'Shampoo', 'id': 'tPp059421-29947-29948', 'prod_name': 'Aussie Aussome Volume Shampoo', 'waitrose_Qty': '300ml', 'waitrose_discounted_price': '£2.00', 'waitrose_offer_desc': 'Half Price.', 'waitrose_url': 'https://www.waitrose.com/ecom/shop/browse/groceries/toiletries_health_and_beauty/hair_care/shampoo', 'waitrose_rating': '5', 'waitrose_unit_price': '(66.7p/100ml)', 'waitrose_new_flag': None, 'waitrose_prod_name': 'Aussie Aussome Volume Shampoo 300ml', 'images': []}
DEBUG: Scraped from <200 https://www.waitrose.com/ecom/shop/browse/groceries/toiletries_health_and_beauty/hair_care/shampoo>
{'client': 'Waitrose', 'time': datetime.datetime(2020, 9, 4, 15, 9, 48, 42939), 'category': 'Shampoo', 'id': 'tPp096232-49248-49249', 'prod_name': 'Aussie Mega Shampoo', 'waitrose_Qty': '300ml', 'waitrose_discounted_price': '£2.05', 'waitrose_offer_desc': 'Half Price.', 'waitrose_url': 'https://www.waitrose.com/ecom/shop/browse/groceries/toiletries_health_and_beauty/hair_care/shampoo', 'waitrose_rating': '2.5', 'waitrose_unit_price': '(68.3p/100ml)', 'waitrose_new_flag': None, 'waitrose_prod_name': 'Aussie Mega Shampoo 300ml', 'images': []}
DEBUG: Scraped from <200 https://www.waitrose.com/ecom/shop/browse/groceries/toiletries_health_and_beauty/hair_care/shampoo>
{'client': 'Waitrose', 'time': datetime.datetime(2020, 9, 4, 15, 9, 48, 42939), 'category': 'Shampoo', 'id': 'tPp092708-47659-47660', 'prod_name': 'Vosene Original Shampoo', 'waitrose_Qty': '250ml', 'waitrose_discounted_price': '£1.36', 'waitrose_offer_desc': 'Save 1/3.', 'waitrose_url': 'https://www.waitrose.com/ecom/shop/browse/groceries/toiletries_health_and_beauty/hair_care/shampoo', 'waitrose_rating': '5', 'waitrose_unit_price': '(54.4p/100ml)', 'waitrose_new_flag': None, 'waitrose_prod_name': 'Vosene Original Shampoo 250ml', 'images': []}
DEBUG: Scraped from <200 https://www.waitrose.com/ecom/shop/browse/groceries/toiletries_health_and_beauty/hair_care/shampoo>
{'client': 'Waitrose', 'time': datetime.datetime(2020, 9, 4, 15, 9, 48, 42939), 'category': 'Shampoo', 'id': 'tPp092708-47659-47660', 'prod_name': 'Vosene Original Shampoo', 'waitrose_Qty': '250ml', 'waitrose_discounted_price': '£1.36', 'waitrose_offer_desc': 'Save 1/3.', 'waitrose_url': 'https://www.waitrose.com/ecom/shop/browse/groceries/toiletries_health_and_beauty/hair_care/shampoo', 'waitrose_rating': '5', 'waitrose_unit_price': '(54.4p/100ml)', 'waitrose_new_flag': None, 'waitrose_prod_name': 'Vosene Original Shampoo 250ml', 'images': []}
DEBUG: Scraped from <200 https://www.waitrose.com/ecom/shop/browse/groceries/toiletries_health_and_beauty/hair_care/shampoo>
{'client': 'Waitrose', 'time': datetime.datetime(2020, 9, 4, 15, 9, 48, 42939), 'category': 'Shampoo', 'id': 'tPp083596-42439-42440', 'prod_name': 'Aussie Colour Mate Shampoo', 'waitrose_Qty': '300ml', 'waitrose_discounted_price': '£2.05', 'waitrose_offer_desc': 'Half Price.', 'waitrose_url': 'https://www.waitrose.com/ecom/shop/browse/groceries/toiletries_health_and_beauty/hair_care/shampoo', 'waitrose_rating': '5', 'waitrose_unit_price': '(68.3p/100ml)', 'waitrose_new_flag': None, 'waitrose_prod_name': 'Aussie Colour Mate Shampoo 300ml', 'images': []}
DEBUG: Scraped from <200 https://www.waitrose.com/ecom/shop/browse/groceries/toiletries_health_and_beauty/hair_care/shampoo>
{'client': 'Waitrose', 'time': datetime.datetime(2020, 9, 4, 15, 9, 48, 42939), 'category': 'Shampoo', 'id': 'tPp639145-337007-337008', 'prod_name': 'Tresemmé Shampoo Deep Cleansing', 'waitrose_Qty': '800ml', 'waitrose_discounted_price': '£2.75', 'waitrose_offer_desc': 'Half Price.', 'waitrose_url': 'https://www.waitrose.com/ecom/shop/browse/groceries/toiletries_health_and_beauty/hair_care/shampoo', 'waitrose_rating': '5', 'waitrose_unit_price': '(34.4p/100ml)', 'waitrose_new_flag': None, 'waitrose_prod_name': 'Tresemmé Shampoo Deep Cleansing 800ml', 'images': []}
DEBUG: Scraped from <200 https://www.waitrose.com/ecom/shop/browse/groceries/toiletries_health_and_beauty/hair_care/shampoo>
{'client': 'Waitrose', 'time': datetime.datetime(2020, 9, 4, 15, 9, 48, 42939), 'category': 'Shampoo', 'id': 'tPp575547-494836-494837', 'prod_name': 'DGJ Thickening Shampoo', 'waitrose_Qty': '250ml', 'waitrose_discounted_price': '£2.50', 'waitrose_offer_desc': 'Half Price.', 'waitrose_url': 'https://www.waitrose.com/ecom/shop/browse/groceries/toiletries_health_and_beauty/hair_care/shampoo', 'waitrose_rating': '5', 'waitrose_unit_price': '(£1/100ml)', 'waitrose_new_flag': None, 'waitrose_prod_name': 'DGJ Thickening Shampoo 250ml', 'images': []}
DEBUG: Scraped from <200 https://www.waitrose.com/ecom/shop/browse/groceries/toiletries_health_and_beauty/hair_care/shampoo>
{'client': 'Waitrose', 'time': datetime.datetime(2020, 9, 4, 15, 9, 48, 42939), 'category': 'Shampoo', 'id': 'tPp819563-729788-729789', 'prod_name': 'Aussie Blonde Purple Shampoo', 'waitrose_Qty': '290ml', 'waitrose_discounted_price': '£2.99', 'waitrose_offer_desc': 'Half Price.', 'waitrose_url': 'https://www.waitrose.com/ecom/shop/browse/groceries/toiletries_health_and_beauty/hair_care/shampoo', 'waitrose_rating': None, 'waitrose_unit_price': '(£1.04/100ml)', 'waitrose_new_flag': None, 'waitrose_prod_name': 'Aussie Blonde Purple Shampoo 290ml', 'images': []}
DEBUG: Scraped from <200 https://www.waitrose.com/ecom/shop/browse/groceries/toiletries_health_and_beauty/hair_care/shampoo>
{'client': 'Waitrose', 'time': datetime.datetime(2020, 9, 4, 15, 9, 48, 42939), 'category': 'Shampoo', 'id': 'tPp011495-5706-5707', 'prod_name': 'John Frieda Shampoo Touchably Full', 'waitrose_Qty': '250ml', 'waitrose_discounted_price': '£3.99', 'waitrose_offer_desc': 'Save 1/3.', 'waitrose_url': 'https://www.waitrose.com/ecom/shop/browse/groceries/toiletries_health_and_beauty/hair_care/shampoo', 'waitrose_rating': '4', 'waitrose_unit_price': '(£1.60/100ml)', 'waitrose_new_flag': None, 'waitrose_prod_name': 'John Frieda Shampoo Touchably Full 250ml', 'images': []}
DEBUG: Scraped from <200 https://www.waitrose.com/ecom/shop/browse/groceries/toiletries_health_and_beauty/hair_care/shampoo>
{'client': 'Waitrose', 'time': datetime.datetime(2020, 9, 4, 15, 9, 48, 42939), 'category': 'Shampoo', 'id': 'tPp364793-255761-255762', 'prod_name': 'Aussie Miracle Shine Shampoo', 'waitrose_Qty': '300ml', 'waitrose_discounted_price': '£2.00', 'waitrose_offer_desc': 'Half Price.', 'waitrose_url': 'https://www.waitrose.com/ecom/shop/browse/groceries/toiletries_health_and_beauty/hair_care/shampoo', 'waitrose_rating': None, 'waitrose_unit_price': '(66.7p/100ml)', 'waitrose_new_flag': None, 'waitrose_prod_name': 'Aussie Miracle Shine Shampoo 300ml', 'images': []}
DEBUG: Scraped from <200 https://www.waitrose.com/ecom/shop/browse/groceries/toiletries_health_and_beauty/hair_care/shampoo>
{'client': 'Waitrose', 'time': datetime.datetime(2020, 9, 4, 15, 9, 48, 42939), 'category': 'Shampoo', 'id': 'tPp595050-720203-720204', 'prod_name': 'Herbal Essences Coconut Shampoo', 'waitrose_Qty': '250ml', 'waitrose_discounted_price': '£2.00', 'waitrose_offer_desc': 'Save 1/3.', 'waitrose_url': 'https://www.waitrose.com/ecom/shop/browse/groceries/toiletries_health_and_beauty/hair_care/shampoo', 'waitrose_rating': None, 'waitrose_unit_price': '(80p/100ml)', 'waitrose_new_flag': None, 'waitrose_prod_name': 'Herbal Essences Coconut Shampoo 250ml', 'images': []}
DEBUG: Scraped from <200 https://www.waitrose.com/ecom/shop/browse/groceries/toiletries_health_and_beauty/hair_care/shampoo>
{'client': 'Waitrose', 'time': datetime.datetime(2020, 9, 4, 15, 9, 48, 42939), 'category': 'Shampoo', 'id': 'tPp819340-720339-720340', 'prod_name': 'Head & Shoulders Supreme Shampoo', 'waitrose_Qty': '400ml', 'waitrose_discounted_price': '£3.33', 'waitrose_offer_desc': 'Save 1/3.', 'waitrose_url': 'https://www.waitrose.com/ecom/shop/browse/groceries/toiletries_health_and_beauty/hair_care/shampoo', 'waitrose_rating': None, 'waitrose_unit_price': '(83.3p/100ml)', 'waitrose_new_flag': None, 'waitrose_prod_name': 'Head & Shoulders Supreme Shampoo 400ml', 'images': []}
DEBUG: Scraped from <200 https://www.waitrose.com/ecom/shop/browse/groceries/toiletries_health_and_beauty/hair_care/shampoo>
{'client': 'Waitrose', 'time': datetime.datetime(2020, 9, 4, 15, 9, 48, 42939), 'category': 'Shampoo', 'id': 'tPp433216-720111-720112', 'prod_name': 'John Frieda Hydrate & Recharge Shampoo', 'waitrose_Qty': '250ml', 'waitrose_discounted_price': '£3.99', 'waitrose_offer_desc': 'Save 1/3.', 'waitrose_url': 'https://www.waitrose.com/ecom/shop/browse/groceries/toiletries_health_and_beauty/hair_care/shampoo', 'waitrose_rating': None, 'waitrose_unit_price': '(£1.60/100ml)', 'waitrose_new_flag': None, 'waitrose_prod_name': 'John Frieda Hydrate & Recharge Shampoo 250ml', 'images': []}
DEBUG: Scraped from <200 https://www.waitrose.com/ecom/shop/browse/groceries/toiletries_health_and_beauty/hair_care/shampoo>
{'client': 'Waitrose', 'time': datetime.datetime(2020, 9, 4, 15, 9, 48, 42939), 'category': 'Shampoo', 'id': 'tPp494340-69860-69861', 'prod_name': "Neal's Yard Rose Shampoo", 'waitrose_Qty': '200ml', 'waitrose_discounted_price': '£7.66', 'waitrose_offer_desc': 'Save 1/3.', 'waitrose_url': 'https://www.waitrose.com/ecom/shop/browse/groceries/toiletries_health_and_beauty/hair_care/shampoo', 'waitrose_rating': '3.1', 'waitrose_unit_price': '(£3.83/100ml)', 'waitrose_new_flag': None, 'waitrose_prod_name': "Neal's Yard Rose Shampoo 200ml", 'images': []}
DEBUG: Scraped from <200 https://www.waitrose.com/ecom/shop/browse/groceries/toiletries_health_and_beauty/hair_care/shampoo>
{'client': 'Waitrose', 'time': datetime.datetime(2020, 9, 4, 15, 9, 48, 42939), 'category': 'Shampoo', 'id': 'tPp610920-86669-86670', 'prod_name': 'Sheer Blonde Go Blonder Shampoo', 'waitrose_Qty': '250ml', 'waitrose_discounted_price': '£3.99', 'waitrose_offer_desc': 'Save 1/3.', 'waitrose_url': 'https://www.waitrose.com/ecom/shop/browse/groceries/toiletries_health_and_beauty/hair_care/shampoo', 'waitrose_rating': '3.5', 'waitrose_unit_price': '(£1.60/100ml)', 'waitrose_new_flag': None, 'waitrose_prod_name': 'Sheer Blonde Go Blonder Shampoo 250ml', 'images': []}
DEBUG: Scraped from <200 https://www.waitrose.com/ecom/shop/browse/groceries/toiletries_health_and_beauty/hair_care/shampoo>
{'client': 'Waitrose', 'time': datetime.datetime(2020, 9, 4, 15, 9, 48, 42939), 'category': 'Shampoo', 'id': 'tPp747801-683764-683765', 'prod_name': 'Aussie Shampoo Scent-sational', 'waitrose_Qty': '300ml', 'waitrose_discounted_price': '£2.00', 'waitrose_offer_desc': 'Half Price.', 'waitrose_url': 'https://www.waitrose.com/ecom/shop/browse/groceries/toiletries_health_and_beauty/hair_care/shampoo', 'waitrose_rating': '5', 'waitrose_unit_price': '(66.7p/100ml)', 'waitrose_new_flag': None, 'waitrose_prod_name': 'Aussie Shampoo Scent-sational 300ml', 'images': []}
DEBUG: Scraped from <200 https://www.waitrose.com/ecom/shop/browse/groceries/toiletries_health_and_beauty/hair_care/shampoo>
{'client': 'Waitrose', 'time': datetime.datetime(2020, 9, 4, 15, 9, 48, 42939), 'category': 'Shampoo', 'id': 'tPp775870-724036-724037', 'prod_name': 'Faith in Nature Wild Rose Shampoo', 'waitrose_Qty': '400ml', 'waitrose_discounted_price': '£3.86', 'waitrose_offer_desc': 'Save 1/3.', 'waitrose_url': 'https://www.waitrose.com/ecom/shop/browse/groceries/toiletries_health_and_beauty/hair_care/shampoo', 'waitrose_rating': '5', 'waitrose_unit_price': '(96.5p/100ml)', 'waitrose_new_flag': None, 'waitrose_prod_name': 'Faith in Nature Wild Rose Shampoo 400ml', 'images': []}
DEBUG: Scraped from <200 https://www.waitrose.com/ecom/shop/browse/groceries/toiletries_health_and_beauty/hair_care/shampoo>
{'client': 'Waitrose', 'time': datetime.datetime(2020, 9, 4, 15, 9, 48, 42939), 'category': 'Shampoo', 'id': 'tPp871494-495182-495183', 'prod_name': 'DGJ Hairjuice Shampoo', 'waitrose_Qty': '250ml', 'waitrose_discounted_price': '£2.50', 'waitrose_offer_desc': 'Half Price.', 'waitrose_url': 'https://www.waitrose.com/ecom/shop/browse/groceries/toiletries_health_and_beauty/hair_care/shampoo', 'waitrose_rating': '5', 'waitrose_unit_price': '(£1/100ml)', 'waitrose_new_flag': None, 'waitrose_prod_name': 'DGJ Hairjuice Shampoo 250ml', 'images': []}
DEBUG: Scraped from <200 https://www.waitrose.com/ecom/shop/browse/groceries/toiletries_health_and_beauty/hair_care/shampoo>
{'client': 'Waitrose', 'time': datetime.datetime(2020, 9, 4, 15, 9, 48, 42939), 'category': 'Shampoo', 'id': 'tPp701301-99532-99533', 'prod_name': 'Essential Daily Care Shampoo', 'waitrose_Qty': '300ml', 'waitrose_discounted_price': '80p', 'waitrose_offer_desc': None, 'waitrose_url': 'https://www.waitrose.com/ecom/shop/browse/groceries/toiletries_health_and_beauty/hair_care/shampoo', 'waitrose_rating': '4.1', 'waitrose_unit_price': '(26.7p/100ml)', 'waitrose_new_flag': None, 'waitrose_prod_name': 'Essential Daily Care Shampoo 300ml', 'images': []}
DEBUG: Scraped from <200 https://www.waitrose.com/ecom/shop/browse/groceries/toiletries_health_and_beauty/hair_care/shampoo>
{'client': 'Waitrose', 'time': datetime.datetime(2020, 9, 4, 15, 9, 48, 42939), 'category': 'Shampoo', 'id': 'tPp538896-720173-720174', 'prod_name': 'Herbal Essences Argan Oil Shampoo', 'waitrose_Qty': '250ml', 'waitrose_discounted_price': '£2.00', 'waitrose_offer_desc': 'Save 1/3.', 'waitrose_url': 'https://www.waitrose.com/ecom/shop/browse/groceries/toiletries_health_and_beauty/hair_care/shampoo', 'waitrose_rating': None, 'waitrose_unit_price': '(80p/100ml)', 'waitrose_new_flag': None, 'waitrose_prod_name': 'Herbal Essences Argan Oil Shampoo 250ml', 'images': []}
DEBUG: Scraped from <200 https://www.waitrose.com/ecom/shop/browse/groceries/toiletries_health_and_beauty/hair_care/shampoo>
{'client': 'Waitrose', 'time': datetime.datetime(2020, 9, 4, 15, 9, 48, 42939), 'category': 'Shampoo', 'id': 'tPp535961-75786-75787', 'prod_name': 'essential Waitrose Nourishing Shampoo', 'waitrose_Qty': '300ml', 'waitrose_discounted_price': '80p', 'waitrose_offer_desc': None, 'waitrose_url': 'https://www.waitrose.com/ecom/shop/browse/groceries/toiletries_health_and_beauty/hair_care/shampoo', 'waitrose_rating': '4.3', 'waitrose_unit_price': '(26.7p/100ml)', 'waitrose_new_flag': None, 'waitrose_prod_name': 'essential Waitrose Nourishing Shampoo 300ml', 'images': []}
DEBUG: Scraped from <200 https://www.waitrose.com/ecom/shop/browse/groceries/toiletries_health_and_beauty/hair_care/shampoo>
{'client': 'Waitrose', 'time': datetime.datetime(2020, 9, 4, 15, 9, 48, 42939), 'category': 'Shampoo', 'id': 'tPp563832-295347-295348', 'prod_name': 'Argan + Argan Oil 5Oil Miracle Shampoo', 'waitrose_Qty': '300ml', 'waitrose_discounted_price': '£4.00', 'waitrose_offer_desc': 'Save 1/3.', 'waitrose_url': 'https://www.waitrose.com/ecom/shop/browse/groceries/toiletries_health_and_beauty/hair_care/shampoo', 'waitrose_rating': '5', 'waitrose_unit_price': '(£1.34/100ml)', 'waitrose_new_flag': None, 'waitrose_prod_name': 'Argan + Argan Oil 5Oil Miracle Shampoo 300ml', 'images': []}
DEBUG: Scraped from <200 https://www.waitrose.com/ecom/shop/browse/groceries/toiletries_health_and_beauty/hair_care/shampoo>
{'client': 'Waitrose', 'time': datetime.datetime(2020, 9, 4, 15, 9, 48, 42939), 'category': 'Shampoo', 'id': 'tPp847454-724141-724142', 'prod_name': 'Faith in Nature Grapefruit Shampoo', 'waitrose_Qty': '400ml', 'waitrose_discounted_price': '£3.86', 'waitrose_offer_desc': 'Save 1/3.', 'waitrose_url': 'https://www.waitrose.com/ecom/shop/browse/groceries/toiletries_health_and_beauty/hair_care/shampoo', 'waitrose_rating': None, 'waitrose_unit_price': '(96.5p/100ml)', 'waitrose_new_flag': None, 'waitrose_prod_name': 'Faith in Nature Grapefruit Shampoo 400ml', 'images': []}
DEBUG: Scraped from <200 https://www.waitrose.com/ecom/shop/browse/groceries/toiletries_health_and_beauty/hair_care/shampoo>
{'client': 'Waitrose', 'time': datetime.datetime(2020, 9, 4, 15, 9, 48, 42939), 'category': 'Shampoo', 'id': 'tPp502437-720153-720154', 'prod_name': 'Aussie Calm The Frizz Shampoo', 'waitrose_Qty': '300ml', 'waitrose_discounted_price': '£2.00', 'waitrose_offer_desc': 'Half Price.', 'waitrose_url': 'https://www.waitrose.com/ecom/shop/browse/groceries/toiletries_health_and_beauty/hair_care/shampoo', 'waitrose_rating': None, 'waitrose_unit_price': '(66.7p/100ml)', 'waitrose_new_flag': None, 'waitrose_prod_name': 'Aussie Calm The Frizz Shampoo 300ml', 'images': []}
DEBUG: Scraped from <200 https://www.waitrose.com/ecom/shop/browse/groceries/toiletries_health_and_beauty/hair_care/shampoo>
{'client': 'Waitrose', 'time': datetime.datetime(2020, 9, 4, 15, 9, 48, 42939), 'category': 'Shampoo', 'id': 'tPp425124-59787-59788', 'prod_name': 'Brilliant Brunette Protecting Shampoo', 'waitrose_Qty': '250ml', 'waitrose_discounted_price': '£3.99', 'waitrose_offer_desc': 'Save 1/3.', 'waitrose_url': 'https://www.waitrose.com/ecom/shop/browse/groceries/toiletries_health_and_beauty/hair_care/shampoo', 'waitrose_rating': None, 'waitrose_unit_price': '(£1.60/100ml)', 'waitrose_new_flag': None, 'waitrose_prod_name': 'Brilliant Brunette Protecting Shampoo 250ml', 'images': []}
DEBUG: Scraped from <200 https://www.waitrose.com/ecom/shop/browse/groceries/toiletries_health_and_beauty/hair_care/shampoo>
{'client': 'Waitrose', 'time': datetime.datetime(2020, 9, 4, 15, 9, 48, 42939), 'category': 'Shampoo', 'id': 'tPp639366-90822-90823', 'prod_name': 'Head & Shoulders Shampoo Classic', 'waitrose_Qty': '500ml', 'waitrose_discounted_price': '£5.15', 'waitrose_offer_desc': None, 'waitrose_url': 'https://www.waitrose.com/ecom/shop/browse/groceries/toiletries_health_and_beauty/hair_care/shampoo', 'waitrose_rating': '3.5', 'waitrose_unit_price': '(£1.03/100ml)', 'waitrose_new_flag': None, 'waitrose_prod_name': 'Head & Shoulders Shampoo Classic 500ml', 'images': []}
DEBUG: Scraped from <200 https://www.waitrose.com/ecom/shop/browse/groceries/toiletries_health_and_beauty/hair_care/shampoo>
{'client': 'Waitrose', 'time': datetime.datetime(2020, 9, 4, 15, 9, 48, 42939), 'category': 'Shampoo', 'id': 'tPp425163-526469-526470', 'prod_name': 'Frizz Ease Shampoo Miraculous Recovery', 'waitrose_Qty': '250ml', 'waitrose_discounted_price': '£3.99', 'waitrose_offer_desc': 'Save 1/3.', 'waitrose_url': 'https://www.waitrose.com/ecom/shop/browse/groceries/toiletries_health_and_beauty/hair_care/shampoo', 'waitrose_rating': None, 'waitrose_unit_price': '(£1.60/100ml)', 'waitrose_new_flag': None, 'waitrose_prod_name': 'Frizz Ease Shampoo Miraculous Recovery 250ml', 'images': []}
DEBUG: Scraped from <200 https://www.waitrose.com/ecom/shop/browse/groceries/toiletries_health_and_beauty/hair_care/shampoo>
{'client': 'Waitrose', 'time': datetime.datetime(2020, 9, 4, 15, 9, 48, 42939), 'category': 'Shampoo', 'id': 'tPp583946-82773-82774', 'prod_name': "Neal's Yard Lavender Shampoo", 'waitrose_Qty': '200ml', 'waitrose_discounted_price': '£7.66', 'waitrose_offer_desc': 'Save 1/3.', 'waitrose_url': 'https://www.waitrose.com/ecom/shop/browse/groceries/toiletries_health_and_beauty/hair_care/shampoo', 'waitrose_rating': '2.3', 'waitrose_unit_price': '(£3.83/100ml)', 'waitrose_new_flag': None, 'waitrose_prod_name': "Neal's Yard Lavender Shampoo 200ml", 'images': []}
DEBUG: Scraped from <200 https://www.waitrose.com/ecom/shop/browse/groceries/toiletries_health_and_beauty/hair_care/shampoo>
{'client': 'Waitrose', 'time': datetime.datetime(2020, 9, 4, 15, 9, 48, 42939), 'category': 'Shampoo', 'id': 'tPp833802-337290-337291', 'prod_name': 'Aussie Miracle Moist Spray', 'waitrose_Qty': '250ml', 'waitrose_discounted_price': '£2.57', 'waitrose_offer_desc': 'Half Price.', 'waitrose_url': 'https://www.waitrose.com/ecom/shop/browse/groceries/toiletries_health_and_beauty/hair_care/shampoo', 'waitrose_rating': None, 'waitrose_unit_price': '(£1.03/100ml)', 'waitrose_new_flag': None, 'waitrose_prod_name': 'Aussie Miracle Moist Spray 250ml', 'images': []}
DEBUG: Scraped from <200 https://www.waitrose.com/ecom/shop/browse/groceries/toiletries_health_and_beauty/hair_care/shampoo>
{'client': 'Waitrose', 'time': datetime.datetime(2020, 9, 4, 15, 9, 48, 42939), 'category': 'Shampoo', 'id': 'tPp735040-695707-695708', 'prod_name': 'Vosene Kids 3in1 Tea Tree Shampoo', 'waitrose_Qty': '250ml', 'waitrose_discounted_price': '£1.66', 'waitrose_offer_desc': 'Save 1/3.', 'waitrose_url': 'https://www.waitrose.com/ecom/shop/browse/groceries/toiletries_health_and_beauty/hair_care/shampoo', 'waitrose_rating': None, 'waitrose_unit_price': '(66.4p/100ml)', 'waitrose_new_flag': None, 'waitrose_prod_name': 'Vosene Kids 3in1 Tea Tree Shampoo 250ml', 'images': []}
DEBUG: Scraped from <200 https://www.waitrose.com/ecom/shop/browse/groceries/toiletries_health_and_beauty/hair_care/shampoo>
{'client': 'Waitrose', 'time': datetime.datetime(2020, 9, 4, 15, 9, 48, 42939), 'category': 'Shampoo', 'id': 'tPp895328-495224-495225', 'prod_name': 'DGJ Kids Detangle Shampoo', 'waitrose_Qty': '250ml', 'waitrose_discounted_price': '£1.75', 'waitrose_offer_desc': 'Half Price.', 'waitrose_url': 'https://www.waitrose.com/ecom/shop/browse/groceries/toiletries_health_and_beauty/hair_care/shampoo', 'waitrose_rating': '5', 'waitrose_unit_price': '(70p/100ml)', 'waitrose_new_flag': None, 'waitrose_prod_name': 'DGJ Kids Detangle Shampoo 250ml', 'images': []}
DEBUG: Scraped from <200 https://www.waitrose.com/ecom/shop/browse/groceries/toiletries_health_and_beauty/hair_care/shampoo>
{'client': 'Waitrose', 'time': datetime.datetime(2020, 9, 4, 15, 9, 48, 42939), 'category': 'Shampoo', 'id': 'tPp745828-495012-495013', 'prod_name': 'DGJ Kids Lice Repel Shampoo', 'waitrose_Qty': '250ml', 'waitrose_discounted_price': '£1.75', 'waitrose_offer_desc': 'Half Price.', 'waitrose_url': 'https://www.waitrose.com/ecom/shop/browse/groceries/toiletries_health_and_beauty/hair_care/shampoo', 'waitrose_rating': None, 'waitrose_unit_price': '(70p/100ml)', 'waitrose_new_flag': None, 'waitrose_prod_name': 'DGJ Kids Lice Repel Shampoo 250ml', 'images': []}
DEBUG: Scraped from <200 https://www.waitrose.com/ecom/shop/browse/groceries/toiletries_health_and_beauty/hair_care/shampoo>
{'client': 'Waitrose', 'time': datetime.datetime(2020, 9, 4, 15, 9, 48, 42939), 'category': 'Shampoo', 'id': 'tPp755186-495024-495025', 'prod_name': 'DGJ Colour Save Shampoo', 'waitrose_Qty': '250ml', 'waitrose_discounted_price': '£2.50', 'waitrose_offer_desc': 'Half Price.', 'waitrose_url': 'https://www.waitrose.com/ecom/shop/browse/groceries/toiletries_health_and_beauty/hair_care/shampoo', 'waitrose_rating': None, 'waitrose_unit_price': '(£1/100ml)', 'waitrose_new_flag': None, 'waitrose_prod_name': 'DGJ Colour Save Shampoo 250ml', 'images': []}
DEBUG: Scraped from <200 https://www.waitrose.com/ecom/shop/browse/groceries/toiletries_health_and_beauty/hair_care/shampoo>
{'client': 'Waitrose', 'time': datetime.datetime(2020, 9, 4, 15, 9, 48, 42939), 'category': 'Shampoo', 'id': 'tPp702159-494964-494965', 'prod_name': 'DGJ Argan Oil Shampoo', 'waitrose_Qty': '250ml', 'waitrose_discounted_price': '£2.50', 'waitrose_offer_desc': 'Half Price.', 'waitrose_url': 'https://www.waitrose.com/ecom/shop/browse/groceries/toiletries_health_and_beauty/hair_care/shampoo', 'waitrose_rating': None, 'waitrose_unit_price': '(£1/100ml)', 'waitrose_new_flag': None, 'waitrose_prod_name': 'DGJ Argan Oil Shampoo 250ml', 'images': []}
DEBUG: Scraped from <200 https://www.waitrose.com/ecom/shop/browse/groceries/toiletries_health_and_beauty/hair_care/shampoo>
{'client': 'Waitrose', 'time': datetime.datetime(2020, 9, 4, 15, 9, 48, 42939), 'category': 'Shampoo', 'id': 'tPp687186-337057-337058', 'prod_name': 'Argan + Argan Oil Rejuvenating Shampoo', 'waitrose_Qty': '300ml', 'waitrose_discounted_price': '£4.00', 'waitrose_offer_desc': 'Save 1/3.', 'waitrose_url': 'https://www.waitrose.com/ecom/shop/browse/groceries/toiletries_health_and_beauty/hair_care/shampoo', 'waitrose_rating': '5', 'waitrose_unit_price': '(£1.34/100ml)', 'waitrose_new_flag': None, 'waitrose_prod_name': 'Argan + Argan Oil Rejuvenating Shampoo 300ml', 'images': []}
DEBUG: Scraped from <200 https://www.waitrose.com/ecom/shop/browse/groceries/toiletries_health_and_beauty/hair_care/shampoo>
{'client': 'Waitrose', 'time': datetime.datetime(2020, 9, 4, 15, 9, 48, 42939), 'category': 'Shampoo', 'id': 'tPp065299-33095-33096', 'prod_name': 'Frizz Ease Dream Curls Shampoo', 'waitrose_Qty': '250ml', 'waitrose_discounted_price': '£3.99', 'waitrose_offer_desc': 'Save 1/3.', 'waitrose_url': 'https://www.waitrose.com/ecom/shop/browse/groceries/toiletries_health_and_beauty/hair_care/shampoo', 'waitrose_rating': '5', 'waitrose_unit_price': '(£1.60/100ml)', 'waitrose_new_flag': None, 'waitrose_prod_name': 'Frizz Ease Dream Curls Shampoo 250ml', 'images': []}
DEBUG: Scraped from <200 https://www.waitrose.com/ecom/shop/browse/groceries/toiletries_health_and_beauty/hair_care/shampoo>
{'client': 'Waitrose', 'time': datetime.datetime(2020, 9, 4, 15, 9, 48, 42939), 'category': 'Shampoo', 'id': 'tPp051100-25409-25410', 'prod_name': 'Sheer Blonde Moisturising Shampoo', 'waitrose_Qty': '250ml', 'waitrose_discounted_price': '£3.99', 'waitrose_offer_desc': 'Save 1/3.', 'waitrose_url': 'https://www.waitrose.com/ecom/shop/browse/groceries/toiletries_health_and_beauty/hair_care/shampoo', 'waitrose_rating': '3', 'waitrose_unit_price': '(£1.60/100ml)', 'waitrose_new_flag': None, 'waitrose_prod_name': 'Sheer Blonde Moisturising Shampoo 250ml', 'images': []}
DEBUG: Scraped from <200 https://www.waitrose.com/ecom/shop/browse/groceries/toiletries_health_and_beauty/hair_care/shampoo>
{'client': 'Waitrose', 'time': datetime.datetime(2020, 9, 4, 15, 9, 48, 42939), 'category': 'Shampoo', 'id': 'tPp810201-352482-352483', 'prod_name': 'Essential Daily Care 2 in 1', 'waitrose_Qty': '300ml', 'waitrose_discounted_price': '80p', 'waitrose_offer_desc': None, 'waitrose_url': 'https://www.waitrose.com/ecom/shop/browse/groceries/toiletries_health_and_beauty/hair_care/shampoo', 'waitrose_rating': '4.3', 'waitrose_unit_price': '(26.7p/100ml)', 'waitrose_new_flag': None, 'waitrose_prod_name': 'Essential Daily Care 2 in 1 300ml', 'images': []}
DEBUG: Scraped from <200 https://www.waitrose.com/ecom/shop/browse/groceries/toiletries_health_and_beauty/hair_care/shampoo>
{'client': 'Waitrose', 'time': datetime.datetime(2020, 9, 4, 15, 9, 48, 42939), 'category': 'Shampoo', 'id': 'tPp725068-723986-723987', 'prod_name': 'Faith in Nature Lavender Shampoo', 'waitrose_Qty': '400ml', 'waitrose_discounted_price': '£3.86', 'waitrose_offer_desc': 'Save 1/3.', 'waitrose_url': 'https://www.waitrose.com/ecom/shop/browse/groceries/toiletries_health_and_beauty/hair_care/shampoo', 'waitrose_rating': None, 'waitrose_unit_price': '(96.5p/100ml)', 'waitrose_new_flag': None, 'waitrose_prod_name': 'Faith in Nature Lavender Shampoo 400ml', 'images': []}
DEBUG: Scraped from <200 https://www.waitrose.com/ecom/shop/browse/groceries/toiletries_health_and_beauty/hair_care/shampoo>
{'client': 'Waitrose', 'time': datetime.datetime(2020, 9, 4, 15, 9, 48, 42939), 'category': 'Shampoo', 'id': 'tPp414862-695397-695398', 'prod_name': 'Noughty Wave Hello Shampoo', 'waitrose_Qty': '250ml', 'waitrose_discounted_price': '£4.66', 'waitrose_offer_desc': 'Save 1/3.', 'waitrose_url': 'https://www.waitrose.com/ecom/shop/browse/groceries/toiletries_health_and_beauty/hair_care/shampoo', 'waitrose_rating': None, 'waitrose_unit_price': '(£1.87/100ml)', 'waitrose_new_flag': None, 'waitrose_prod_name': 'Noughty Wave Hello Shampoo 250ml', 'images': []}
DEBUG: Scraped from <200 https://www.waitrose.com/ecom/shop/browse/groceries/toiletries_health_and_beauty/hair_care/shampoo>
{'client': 'Waitrose', 'time': datetime.datetime(2020, 9, 4, 15, 9, 48, 42939), 'category': 'Shampoo', 'id': 'tPp402915-526384-526385', 'prod_name': 'John Frieda Violet Crush Shampoo', 'waitrose_Qty': '250ml', 'waitrose_discounted_price': '£3.99', 'waitrose_offer_desc': 'Save 1/3.', 'waitrose_url': 'https://www.waitrose.com/ecom/shop/browse/groceries/toiletries_health_and_beauty/hair_care/shampoo', 'waitrose_rating': '5', 'waitrose_unit_price': '(£1.60/100ml)', 'waitrose_new_flag': None, 'waitrose_prod_name': 'John Frieda Violet Crush Shampoo 250ml', 'images': []}
DEBUG: Scraped from <200 https://www.waitrose.com/ecom/shop/browse/groceries/toiletries_health_and_beauty/hair_care/shampoo>
{'client': 'Waitrose', 'time': datetime.datetime(2020, 9, 4, 15, 9, 48, 42939), 'category': 'Shampoo', 'id': 'tPp435635-694165-694166', 'prod_name': 'Pantene Classic Clean Shampoo', 'waitrose_Qty': '500ml', 'waitrose_discounted_price': '£5.15', 'waitrose_offer_desc': None, 'waitrose_url': 'https://www.waitrose.com/ecom/shop/browse/groceries/toiletries_health_and_beauty/hair_care/shampoo', 'waitrose_rating': None, 'waitrose_unit_price': '(£1.03/100ml)', 'waitrose_new_flag': None, 'waitrose_prod_name': 'Pantene Classic Clean Shampoo 500ml', 'images': []}
DEBUG: Scraped from <200 https://www.waitrose.com/ecom/shop/browse/groceries/toiletries_health_and_beauty/hair_care/shampoo>
{'client': 'Waitrose', 'time': datetime.datetime(2020, 9, 4, 15, 9, 48, 42939), 'category': 'Shampoo', 'id': 'tPp657721-694179-694180', 'prod_name': 'Pantene 3 in 1 Classic Clean', 'waitrose_Qty': '450ml', 'waitrose_discounted_price': '£3.75', 'waitrose_offer_desc': None, 'waitrose_url': 'https://www.waitrose.com/ecom/shop/browse/groceries/toiletries_health_and_beauty/hair_care/shampoo', 'waitrose_rating': None, 'waitrose_unit_price': '(83.3p/100ml)', 'waitrose_new_flag': None, 'waitrose_prod_name': 'Pantene 3 in 1 Classic Clean 450ml', 'images': []}
DEBUG: Scraped from <200 https://www.waitrose.com/ecom/shop/browse/groceries/toiletries_health_and_beauty/hair_care/shampoo>
{'client': 'Waitrose', 'time': datetime.datetime(2020, 9, 4, 15, 9, 48, 42939), 'category': 'Shampoo', 'id': 'tPp711086-652694-652695', 'prod_name': 'Head & Shoulders Supreme Moisture', 'waitrose_Qty': '400ml', 'waitrose_discounted_price': '£3.43', 'waitrose_offer_desc': 'Save 1/3.', 'waitrose_url': 'https://www.waitrose.com/ecom/shop/browse/groceries/toiletries_health_and_beauty/hair_care/shampoo', 'waitrose_rating': None, 'waitrose_unit_price': '(85.8p/100ml)', 'waitrose_new_flag': None, 'waitrose_prod_name': 'Head & Shoulders Supreme Moisture 400ml', 'images': []}
DEBUG: Scraped from <200 https://www.waitrose.com/ecom/shop/browse/groceries/toiletries_health_and_beauty/hair_care/shampoo>
{'client': 'Waitrose', 'time': datetime.datetime(2020, 9, 4, 15, 9, 48, 42939), 'category': 'Shampoo', 'id': 'tPp740653-352034-352035', 'prod_name': 'essential Waitrose Anti-Dandruff 2 in 1', 'waitrose_Qty': '300ml', 'waitrose_discounted_price': '£1.00', 'waitrose_offer_desc': None, 'waitrose_url': 'https://www.waitrose.com/ecom/shop/browse/groceries/toiletries_health_and_beauty/hair_care/shampoo', 'waitrose_rating': '4', 'waitrose_unit_price': '(33.3p/100ml)', 'waitrose_new_flag': None, 'waitrose_prod_name': 'essential Waitrose Anti-Dandruff 2 in 1 300ml', 'images': []}
DEBUG: Scraped from <200 https://www.waitrose.com/ecom/shop/browse/groceries/toiletries_health_and_beauty/hair_care/shampoo>
{'client': 'Waitrose', 'time': datetime.datetime(2020, 9, 4, 15, 9, 48, 42939), 'category': 'Shampoo', 'id': 'tPp464815-154487-154488', 'prod_name': 'Batiste original dry shampoo', 'waitrose_Qty': '200ml', 'waitrose_discounted_price': '£3.00', 'waitrose_offer_desc': None, 'waitrose_url': 'https://www.waitrose.com/ecom/shop/browse/groceries/toiletries_health_and_beauty/hair_care/shampoo', 'waitrose_rating': '5', 'waitrose_unit_price': '(£1.50/100ml)', 'waitrose_new_flag': None, 'waitrose_prod_name': 'Batiste original dry shampoo 200ml', 'images': []}
DEBUG: Scraped from <200 https://www.waitrose.com/ecom/shop/browse/groceries/toiletries_health_and_beauty/hair_care/shampoo>
{'client': 'Waitrose', 'time': datetime.datetime(2020, 9, 4, 15, 9, 48, 42939), 'category': 'Shampoo', 'id': 'tPp492466-631281-631282', 'prod_name': 'Hask Keratin Protein Smoothing Shampoo', 'waitrose_Qty': '355ml', 'waitrose_discounted_price': '£4.66', 'waitrose_offer_desc': 'Save 1/3.', 'waitrose_url': 'https://www.waitrose.com/ecom/shop/browse/groceries/toiletries_health_and_beauty/hair_care/shampoo', 'waitrose_rating': None, 'waitrose_unit_price': '(£1.32/100ml)', 'waitrose_new_flag': None, 'waitrose_prod_name': 'Hask Keratin Protein Smoothing Shampoo 355ml', 'images': []}
DEBUG: Scraped from <200 https://www.waitrose.com/ecom/shop/browse/groceries/toiletries_health_and_beauty/hair_care/shampoo>
{'client': 'Waitrose', 'time': datetime.datetime(2020, 9, 4, 15, 9, 48, 42939), 'category': 'Shampoo', 'id': 'tPp836753-694201-694202', 'prod_name': 'Pantene Volume & Body Shampoo', 'waitrose_Qty': '500ml', 'waitrose_discounted_price': '£5.15', 'waitrose_offer_desc': None, 'waitrose_url': 'https://www.waitrose.com/ecom/shop/browse/groceries/toiletries_health_and_beauty/hair_care/shampoo', 'waitrose_rating': None, 'waitrose_unit_price': '(£1.03/100ml)', 'waitrose_new_flag': None, 'waitrose_prod_name': 'Pantene Volume & Body Shampoo 500ml', 'images': []}
DEBUG: Scraped from <200 https://www.waitrose.com/ecom/shop/browse/groceries/toiletries_health_and_beauty/hair_care/shampoo>
{'client': 'Waitrose', 'time': datetime.datetime(2020, 9, 4, 15, 9, 48, 42939), 'category': 'Shampoo', 'id': 'tPp547359-720175-720176', 'prod_name': 'Maui Moisture Bamboo Shampoo', 'waitrose_Qty': '385ml', 'waitrose_discounted_price': '£6.00', 'waitrose_offer_desc': 'Save 1/3.', 'waitrose_url': 'https://www.waitrose.com/ecom/shop/browse/groceries/toiletries_health_and_beauty/hair_care/shampoo', 'waitrose_rating': '5', 'waitrose_unit_price': '(£1.56/100ml)', 'waitrose_new_flag': None, 'waitrose_prod_name': 'Maui Moisture Bamboo Shampoo 385ml', 'images': []}
DEBUG: Scraped from <200 https://www.waitrose.com/ecom/shop/browse/groceries/toiletries_health_and_beauty/hair_care/shampoo>
{'client': 'Waitrose', 'time': datetime.datetime(2020, 9, 4, 15, 9, 48, 42939), 'category': 'Shampoo', 'id': 'tPp757780-107799-107800', 'prod_name': 'Head & Shoulders 2in1 Classic Clean', 'waitrose_Qty': '450ml', 'waitrose_discounted_price': '£5.15', 'waitrose_offer_desc': None, 'waitrose_url': 'https://www.waitrose.com/ecom/shop/browse/groceries/toiletries_health_and_beauty/hair_care/shampoo', 'waitrose_rating': '4', 'waitrose_unit_price': '(£1.15/100ml)', 'waitrose_new_flag': None, 'waitrose_prod_name': 'Head & Shoulders 2in1 Classic Clean 450ml', 'images': []}
DEBUG: Scraped from <200 https://www.waitrose.com/ecom/shop/browse/groceries/toiletries_health_and_beauty/hair_care/shampoo>
{'client': 'Waitrose', 'time': datetime.datetime(2020, 9, 4, 15, 9, 48, 42939), 'category': 'Shampoo', 'id': 'tPp824583-694195-694196', 'prod_name': 'Pantene Repair & Protect Shampoo', 'waitrose_Qty': '500ml', 'waitrose_discounted_price': '£3.75', 'waitrose_offer_desc': None, 'waitrose_url': 'https://www.waitrose.com/ecom/shop/browse/groceries/toiletries_health_and_beauty/hair_care/shampoo', 'waitrose_rating': None, 'waitrose_unit_price': '(75p/100ml)', 'waitrose_new_flag': None, 'waitrose_prod_name': 'Pantene Repair & Protect Shampoo 500ml', 'images': []}
DEBUG: Scraped from <200 https://www.waitrose.com/ecom/shop/browse/groceries/toiletries_health_and_beauty/hair_care/shampoo>
{'client': 'Waitrose', 'time': datetime.datetime(2020, 9, 4, 15, 9, 48, 42939), 'category': 'Shampoo', 'id': 'tPp808436-720325-720326', 'prod_name': 'Hask Biotin Boost Shampoo', 'waitrose_Qty': '355ml', 'waitrose_discounted_price': '£4.66', 'waitrose_offer_desc': 'Save 1/3.', 'waitrose_url': 'https://www.waitrose.com/ecom/shop/browse/groceries/toiletries_health_and_beauty/hair_care/shampoo', 'waitrose_rating': None, 'waitrose_unit_price': '(£1.32/100ml)', 'waitrose_new_flag': None, 'waitrose_prod_name': 'Hask Biotin Boost Shampoo 355ml', 'images': []}
DEBUG: Scraped from <200 https://www.waitrose.com/ecom/shop/browse/groceries/toiletries_health_and_beauty/hair_care/shampoo>
{'client': 'Waitrose', 'time': datetime.datetime(2020, 9, 4, 15, 9, 48, 42939), 'category': 'Shampoo', 'id': 'tPp844892-695845-695846', 'prod_name': 'Head & Shoulders Colour Protect', 'waitrose_Qty': '400ml', 'waitrose_discounted_price': '£3.33', 'waitrose_offer_desc': 'Save 1/3.', 'waitrose_url': 'https://www.waitrose.com/ecom/shop/browse/groceries/toiletries_health_and_beauty/hair_care/shampoo', 'waitrose_rating': None, 'waitrose_unit_price': '(83.3p/100ml)', 'waitrose_new_flag': None, 'waitrose_prod_name': 'Head & Shoulders Colour Protect 400ml', 'images': []}
DEBUG: Scraped from <200 https://www.waitrose.com/ecom/shop/browse/groceries/toiletries_health_and_beauty/hair_care/shampoo>
{'client': 'Waitrose', 'time': datetime.datetime(2020, 9, 4, 15, 9, 48, 42939), 'category': 'Shampoo', 'id': 'tPp884562-720413-720414', 'prod_name': 'Maui Moisture Shea Butter Shampoo', 'waitrose_Qty': '385ml', 'waitrose_discounted_price': '£6.00', 'waitrose_offer_desc': 'Save 1/3.', 'waitrose_url': 'https://www.waitrose.com/ecom/shop/browse/groceries/toiletries_health_and_beauty/hair_care/shampoo', 'waitrose_rating': None, 'waitrose_unit_price': '(£1.56/100ml)', 'waitrose_new_flag': None, 'waitrose_prod_name': 'Maui Moisture Shea Butter Shampoo 385ml', 'images': []}
DEBUG: Scraped from <200 https://www.waitrose.com/ecom/shop/browse/groceries/toiletries_health_and_beauty/hair_care/shampoo>
{'client': 'Waitrose', 'time': datetime.datetime(2020, 9, 4, 15, 9, 48, 42939), 'category': 'Shampoo', 'id': 'tPp725372-631511-631512', 'prod_name': 'Hask Moni Coconut Oil Shampoo', 'waitrose_Qty': '355ml', 'waitrose_discounted_price': '£4.66', 'waitrose_offer_desc': 'Save 1/3.', 'waitrose_url': 'https://www.waitrose.com/ecom/shop/browse/groceries/toiletries_health_and_beauty/hair_care/shampoo', 'waitrose_rating': None, 'waitrose_unit_price': '(£1.32/100ml)', 'waitrose_new_flag': None, 'waitrose_prod_name': 'Hask Moni Coconut Oil Shampoo 355ml', 'images': []}
DEBUG: Scraped from <200 https://www.waitrose.com/ecom/shop/browse/groceries/toiletries_health_and_beauty/hair_care/shampoo>
{'client': 'Waitrose', 'time': datetime.datetime(2020, 9, 4, 15, 9, 48, 42939), 'category': 'Shampoo', 'id': 'tPp807825-473364-473365', 'prod_name': 'SenSpa Deep Cleanse Shampoo', 'waitrose_Qty': '250ml', 'waitrose_discounted_price': '£4.00', 'waitrose_offer_desc': 'Save 1/3.', 'waitrose_url': 'https://www.waitrose.com/ecom/shop/browse/groceries/toiletries_health_and_beauty/hair_care/shampoo', 'waitrose_rating': '3.7', 'waitrose_unit_price': '(£1.60/100ml)', 'waitrose_new_flag': None, 'waitrose_prod_name': 'SenSpa Deep Cleanse Shampoo 250ml', 'images': []}
DEBUG: Scraped from <200 https://www.waitrose.com/ecom/shop/browse/groceries/toiletries_health_and_beauty/hair_care/shampoo>
{'client': 'Waitrose', 'time': datetime.datetime(2020, 9, 4, 15, 9, 48, 42939), 'category': 'Shampoo', 'id': 'tPp645178-695617-695618', 'prod_name': 'John Frieda Shampoo Weightless Wonder', 'waitrose_Qty': '250ml', 'waitrose_discounted_price': '£3.99', 'waitrose_offer_desc': 'Save 1/3.', 'waitrose_url': 'https://www.waitrose.com/ecom/shop/browse/groceries/toiletries_health_and_beauty/hair_care/shampoo', 'waitrose_rating': '4.6', 'waitrose_unit_price': '(£1.60/100ml)', 'waitrose_new_flag': None, 'waitrose_prod_name': 'John Frieda Shampoo Weightless Wonder 250ml', 'images': []}
DEBUG: Scraped from <200 https://www.waitrose.com/ecom/shop/browse/groceries/toiletries_health_and_beauty/hair_care/shampoo>
{'client': 'Waitrose', 'time': datetime.datetime(2020, 9, 4, 15, 9, 48, 42939), 'category': 'Shampoo', 'id': 'tPp455905-591789-591790', 'prod_name': 'Herbal Essences clean Shampoo', 'waitrose_Qty': '400ml', 'waitrose_discounted_price': '£4.50', 'waitrose_offer_desc': None, 'waitrose_url': 'https://www.waitrose.com/ecom/shop/browse/groceries/toiletries_health_and_beauty/hair_care/shampoo', 'waitrose_rating': None, 'waitrose_unit_price': '(£1.13/100ml)', 'waitrose_new_flag': None, 'waitrose_prod_name': 'Herbal Essences clean Shampoo 400ml', 'images': []}
DEBUG: Scraped from <200 https://www.waitrose.com/ecom/shop/browse/groceries/toiletries_health_and_beauty/hair_care/shampoo>
{'client': 'Waitrose', 'time': datetime.datetime(2020, 9, 4, 15, 9, 48, 42939), 'category': 'Shampoo', 'id': 'tPp062495-31737-31738', 'prod_name': 'Neutrogena T/Gel shampoo dry hair', 'waitrose_Qty': '125ml', 'waitrose_discounted_price': '£5.15', 'waitrose_offer_desc': None, 'waitrose_url': 'https://www.waitrose.com/ecom/shop/browse/groceries/toiletries_health_and_beauty/hair_care/shampoo', 'waitrose_rating': None, 'waitrose_unit_price': '(£4.12/100ml)', 'waitrose_new_flag': None, 'waitrose_prod_name': 'Neutrogena T/Gel shampoo dry hair 125ml', 'images': []}
DEBUG: Scraped from <200 https://www.waitrose.com/ecom/shop/browse/groceries/toiletries_health_and_beauty/hair_care/shampoo>
{'client': 'Waitrose', 'time': datetime.datetime(2020, 9, 4, 15, 9, 48, 42939), 'category': 'Shampoo', 'id': 'tPp882824-154983-154984', 'prod_name': 'Head & Shoulders itchy scalp shampoo', 'waitrose_Qty': '500ml', 'waitrose_discounted_price': '£5.15', 'waitrose_offer_desc': None, 'waitrose_url': 'https://www.waitrose.com/ecom/shop/browse/groceries/toiletries_health_and_beauty/hair_care/shampoo', 'waitrose_rating': '5', 'waitrose_unit_price': '(£1.03/100ml)', 'waitrose_new_flag': None, 'waitrose_prod_name': 'Head & Shoulders itchy scalp shampoo 500ml', 'images': []}
DEBUG: Scraped from <200 https://www.waitrose.com/ecom/shop/browse/groceries/toiletries_health_and_beauty/hair_care/shampoo>
{'client': 'Waitrose', 'time': datetime.datetime(2020, 9, 4, 15, 9, 48, 42939), 'category': 'Shampoo', 'id': 'tPp816738-442231-442232', 'prod_name': 'SensSpa Nourishing Shampoo', 'waitrose_Qty': '250ml', 'waitrose_discounted_price': '£4.00', 'waitrose_offer_desc': 'Save 1/3.', 'waitrose_url': 'https://www.waitrose.com/ecom/shop/browse/groceries/toiletries_health_and_beauty/hair_care/shampoo', 'waitrose_rating': '2.6', 'waitrose_unit_price': '(£1.60/100ml)', 'waitrose_new_flag': None, 'waitrose_prod_name': 'SensSpa Nourishing Shampoo 250ml', 'images': []}
DEBUG: Scraped from <200 https://www.waitrose.com/ecom/shop/browse/groceries/toiletries_health_and_beauty/hair_care/shampoo>
{'client': 'Waitrose', 'time': datetime.datetime(2020, 9, 4, 15, 9, 48, 42939), 'category': 'Shampoo', 'id': 'tPp472240-591833-591834', 'prod_name': 'Herbal Essences Repair Shampoo', 'waitrose_Qty': '400ml', 'waitrose_discounted_price': '£4.50', 'waitrose_offer_desc': None, 'waitrose_url': 'https://www.waitrose.com/ecom/shop/browse/groceries/toiletries_health_and_beauty/hair_care/shampoo', 'waitrose_rating': '5', 'waitrose_unit_price': '(£1.13/100ml)', 'waitrose_new_flag': None, 'waitrose_prod_name': 'Herbal Essences Repair Shampoo 400ml', 'images': []}
DEBUG: Scraped from <200 https://www.waitrose.com/ecom/shop/browse/groceries/toiletries_health_and_beauty/hair_care/shampoo>
{'client': 'Waitrose', 'time': datetime.datetime(2020, 9, 4, 15, 9, 48, 42939), 'category': 'Shampoo', 'id': 'tPp755349-720291-720292', 'prod_name': 'Herbal Essences Aloe & Mango Shampoo', 'waitrose_Qty': '380ml', 'waitrose_discounted_price': '£4.50', 'waitrose_offer_desc': None, 'waitrose_url': 'https://www.waitrose.com/ecom/shop/browse/groceries/toiletries_health_and_beauty/hair_care/shampoo', 'waitrose_rating': None, 'waitrose_unit_price': '(£1.19/100ml)', 'waitrose_new_flag': None, 'waitrose_prod_name': 'Herbal Essences Aloe & Mango Shampoo 380ml', 'images': []}
DEBUG: Scraped from <200 https://www.waitrose.com/ecom/shop/browse/groceries/toiletries_health_and_beauty/hair_care/shampoo>
{'client': 'Waitrose', 'time': datetime.datetime(2020, 9, 4, 15, 9, 48, 42939), 'category': 'Shampoo', 'id': 'tPp432893-216691-216692', 'prod_name': 'Head & Shoulders Shampoo Apple Fresh', 'waitrose_Qty': '500ml', 'waitrose_discounted_price': '£5.15', 'waitrose_offer_desc': None, 'waitrose_url': 'https://www.waitrose.com/ecom/shop/browse/groceries/toiletries_health_and_beauty/hair_care/shampoo', 'waitrose_rating': None, 'waitrose_unit_price': '(£1.03/100ml)', 'waitrose_new_flag': None, 'waitrose_prod_name': 'Head & Shoulders Shampoo Apple Fresh 500ml', 'images': []}
DEBUG: Scraped from <200 https://www.waitrose.com/ecom/shop/browse/groceries/toiletries_health_and_beauty/hair_care/shampoo>
{'client': 'Waitrose', 'time': datetime.datetime(2020, 9, 4, 15, 9, 48, 42939), 'category': 'Shampoo', 'id': 'tPp852396-695857-695858', 'prod_name': 'BECO. Honey Blossom Shampoo Bar', 'waitrose_Qty': '90g', 'waitrose_discounted_price': '£4.00', 'waitrose_offer_desc': None, 'waitrose_url': 'https://www.waitrose.com/ecom/shop/browse/groceries/toiletries_health_and_beauty/hair_care/shampoo', 'waitrose_rating': '4.9', 'waitrose_unit_price': '(£4.45/100g)', 'waitrose_new_flag': None, 'waitrose_prod_name': 'BECO. Honey Blossom Shampoo Bar 90g', 'images': []}
DEBUG: Scraped from <200 https://www.waitrose.com/ecom/shop/browse/groceries/toiletries_health_and_beauty/hair_care/shampoo>
{'client': 'Waitrose', 'time': datetime.datetime(2020, 9, 4, 15, 9, 48, 42939), 'category': 'Shampoo', 'id': 'tPp486943-68769-68770', 'prod_name': 'Head & Shoulders 2in1 classic clean', 'waitrose_Qty': '225ml', 'waitrose_discounted_price': '£3.00', 'waitrose_offer_desc': None, 'waitrose_url': 'https://www.waitrose.com/ecom/shop/browse/groceries/toiletries_health_and_beauty/hair_care/shampoo', 'waitrose_rating': '4', 'waitrose_unit_price': '(£1.34/100ml)', 'waitrose_new_flag': None, 'waitrose_prod_name': 'Head & Shoulders 2in1 classic clean 225ml', 'images': []}
DEBUG: Scraped from <200 https://www.waitrose.com/ecom/shop/browse/groceries/toiletries_health_and_beauty/hair_care/shampoo>
{'client': 'Waitrose', 'time': datetime.datetime(2020, 9, 4, 15, 9, 48, 42939), 'category': 'Shampoo', 'id': 'tPp853982-154925-154926', 'prod_name': 'Batiste blush dry shampoo', 'waitrose_Qty': '200ml', 'waitrose_discounted_price': '£3.00', 'waitrose_offer_desc': None, 'waitrose_url': 'https://www.waitrose.com/ecom/shop/browse/groceries/toiletries_health_and_beauty/hair_care/shampoo', 'waitrose_rating': '4', 'waitrose_unit_price': '(£1.50/100ml)', 'waitrose_new_flag': None, 'waitrose_prod_name': 'Batiste blush dry shampoo 200ml', 'images': []}
DEBUG: Scraped from <200 https://www.waitrose.com/ecom/shop/browse/groceries/toiletries_health_and_beauty/hair_care/shampoo>
{'client': 'Waitrose', 'time': datetime.datetime(2020, 9, 4, 15, 9, 48, 42939), 'category': 'Shampoo', 'id': 'tPp711843-717497-717498', 'prod_name': "L'Oreal Elvive Colour Shampoo", 'waitrose_Qty': '400ml', 'waitrose_discounted_price': '£3.75', 'waitrose_offer_desc': None, 'waitrose_url': 'https://www.waitrose.com/ecom/shop/browse/groceries/toiletries_health_and_beauty/hair_care/shampoo', 'waitrose_rating': None, 'waitrose_unit_price': '(93.8p/100ml)', 'waitrose_new_flag': None, 'waitrose_prod_name': "L'Oreal Elvive Colour Shampoo 400ml", 'images': []}
DEBUG: Scraped from <200 https://www.waitrose.com/ecom/shop/browse/groceries/toiletries_health_and_beauty/hair_care/shampoo>
{'client': 'Waitrose', 'time': datetime.datetime(2020, 9, 4, 15, 9, 48, 42939), 'category': 'Shampoo', 'id': 'tPp490113-591883-591884', 'prod_name': 'Herbal Essences Volume Shampoo', 'waitrose_Qty': '400ml', 'waitrose_discounted_price': '£4.50', 'waitrose_offer_desc': None, 'waitrose_url': 'https://www.waitrose.com/ecom/shop/browse/groceries/toiletries_health_and_beauty/hair_care/shampoo', 'waitrose_rating': '5', 'waitrose_unit_price': '(£1.13/100ml)', 'waitrose_new_flag': None, 'waitrose_prod_name': 'Herbal Essences Volume Shampoo 400ml', 'images': []}
DEBUG: Scraped from <200 https://www.waitrose.com/ecom/shop/browse/groceries/toiletries_health_and_beauty/hair_care/shampoo>
{'client': 'Waitrose', 'time': datetime.datetime(2020, 9, 4, 15, 9, 48, 42939), 'category': 'Shampoo', 'id': 'tPp530991-695493-695494', 'prod_name': 'John Frieda Shampoo Detox & Repair', 'waitrose_Qty': '250ml', 'waitrose_discounted_price': '£3.99', 'waitrose_offer_desc': 'Save 1/3.', 'waitrose_url': 'https://www.waitrose.com/ecom/shop/browse/groceries/toiletries_health_and_beauty/hair_care/shampoo', 'waitrose_rating': None, 'waitrose_unit_price': '(£1.60/100ml)', 'waitrose_new_flag': None, 'waitrose_prod_name': 'John Frieda Shampoo Detox & Repair 250ml', 'images': []}
DEBUG: Scraped from <200 https://www.waitrose.com/ecom/shop/browse/groceries/toiletries_health_and_beauty/hair_care/shampoo>
{'client': 'Waitrose', 'time': datetime.datetime(2020, 9, 4, 15, 9, 48, 42939), 'category': 'Shampoo', 'id': 'tPp756229-563906-563907', 'prod_name': 'Head & Shoulders 2 in 1 Total Care', 'waitrose_Qty': '225ml', 'waitrose_discounted_price': '£3.00', 'waitrose_offer_desc': None, 'waitrose_url': 'https://www.waitrose.com/ecom/shop/browse/groceries/toiletries_health_and_beauty/hair_care/shampoo', 'waitrose_rating': None, 'waitrose_unit_price': '(£1.34/100ml)', 'waitrose_new_flag': None, 'waitrose_prod_name': 'Head & Shoulders 2 in 1 Total Care 225ml', 'images': []}
DEBUG: Scraped from <200 https://www.waitrose.com/ecom/shop/browse/groceries/toiletries_health_and_beauty/hair_care/shampoo>
{'client': 'Waitrose', 'time': datetime.datetime(2020, 9, 4, 15, 9, 48, 42939), 'category': 'Shampoo', 'id': 'tPp855140-216863-216864', 'prod_name': 'Ogx Coconut Milk Shampoo', 'waitrose_Qty': '385ml', 'waitrose_discounted_price': '£7.00', 'waitrose_offer_desc': None, 'waitrose_url': 'https://www.waitrose.com/ecom/shop/browse/groceries/toiletries_health_and_beauty/hair_care/shampoo', 'waitrose_rating': '5', 'waitrose_unit_price': '(£1.82/100ml)', 'waitrose_new_flag': None, 'waitrose_prod_name': 'Ogx Coconut Milk Shampoo 385ml', 'images': []}
DEBUG: Scraped from <200 https://www.waitrose.com/ecom/shop/browse/groceries/toiletries_health_and_beauty/hair_care/shampoo>
{'client': 'Waitrose', 'time': datetime.datetime(2020, 9, 4, 15, 9, 48, 42939), 'category': 'Shampoo', 'id': 'tPp868154-695990-695991', 'prod_name': 'Hair Biology Purple Shampoo', 'waitrose_Qty': '250ml', 'waitrose_discounted_price': '£4.50', 'waitrose_offer_desc': None, 'waitrose_url': 'https://www.waitrose.com/ecom/shop/browse/groceries/toiletries_health_and_beauty/hair_care/shampoo', 'waitrose_rating': None, 'waitrose_unit_price': '(£1.80/100ml)', 'waitrose_new_flag': None, 'waitrose_prod_name': 'Hair Biology Purple Shampoo 250ml', 'images': []}
DEBUG: Scraped from <200 https://www.waitrose.com/ecom/shop/browse/groceries/toiletries_health_and_beauty/hair_care/shampoo>
{'client': 'Waitrose', 'time': datetime.datetime(2020, 9, 4, 15, 9, 48, 42939), 'category': 'Shampoo', 'id': 'tPp821139-694191-694192', 'prod_name': 'Pantene Smooth & Sleek Shampoo', 'waitrose_Qty': '500ml', 'waitrose_discounted_price': '£5.15', 'waitrose_offer_desc': None, 'waitrose_url': 'https://www.waitrose.com/ecom/shop/browse/groceries/toiletries_health_and_beauty/hair_care/shampoo', 'waitrose_rating': None, 'waitrose_unit_price': '(£1.03/100ml)', 'waitrose_new_flag': None, 'waitrose_prod_name': 'Pantene Smooth & Sleek Shampoo 500ml', 'images': []}
DEBUG: Scraped from <200 https://www.waitrose.com/ecom/shop/browse/groceries/toiletries_health_and_beauty/hair_care/shampoo>
{'client': 'Waitrose', 'time': datetime.datetime(2020, 9, 4, 15, 9, 48, 42939), 'category': 'Shampoo', 'id': 'tPp047805-23664-23665', 'prod_name': 'Avalon Organics tea tree shampoo', 'waitrose_Qty': '325ml', 'waitrose_discounted_price': '£7.00', 'waitrose_offer_desc': None, 'waitrose_url': 'https://www.waitrose.com/ecom/shop/browse/groceries/toiletries_health_and_beauty/hair_care/shampoo', 'waitrose_rating': '4.9', 'waitrose_unit_price': '(£2.16/100ml)', 'waitrose_new_flag': None, 'waitrose_prod_name': 'Avalon Organics tea tree shampoo 325ml', 'images': []}
DEBUG: Scraped from <200 https://www.waitrose.com/ecom/shop/browse/groceries/toiletries_health_and_beauty/hair_care/shampoo>
{'client': 'Waitrose', 'time': datetime.datetime(2020, 9, 4, 15, 9, 48, 42939), 'category': 'Shampoo', 'id': 'tPp865734-216867-216868', 'prod_name': 'Ogx Argan Oil of Morocco Shampoo', 'waitrose_Qty': '385ml', 'waitrose_discounted_price': '£7.00', 'waitrose_offer_desc': None, 'waitrose_url': 'https://www.waitrose.com/ecom/shop/browse/groceries/toiletries_health_and_beauty/hair_care/shampoo', 'waitrose_rating': '3.4', 'waitrose_unit_price': '(£1.82/100ml)', 'waitrose_new_flag': None, 'waitrose_prod_name': 'Ogx Argan Oil of Morocco Shampoo 385ml', 'images': []}
DEBUG: Scraped from <200 https://www.waitrose.com/ecom/shop/browse/groceries/toiletries_health_and_beauty/hair_care/shampoo>
{'client': 'Waitrose', 'time': datetime.datetime(2020, 9, 4, 15, 9, 48, 42939), 'category': 'Shampoo', 'id': 'tPp657930-695639-695640', 'prod_name': 'Noughty Pumped Up Shampoo', 'waitrose_Qty': '250ml', 'waitrose_discounted_price': '£4.66', 'waitrose_offer_desc': 'Save 1/3.', 'waitrose_url': 'https://www.waitrose.com/ecom/shop/browse/groceries/toiletries_health_and_beauty/hair_care/shampoo', 'waitrose_rating': '5', 'waitrose_unit_price': '(£1.87/100ml)', 'waitrose_new_flag': None, 'waitrose_prod_name': 'Noughty Pumped Up Shampoo 250ml', 'images': []}
DEBUG: Scraped from <200 https://www.waitrose.com/ecom/shop/browse/groceries/toiletries_health_and_beauty/hair_care/shampoo>
{'client': 'Waitrose', 'time': datetime.datetime(2020, 9, 4, 15, 9, 48, 42939), 'category': 'Shampoo', 'id': 'tPp649492-695625-695626', 'prod_name': 'Vosene Kids 2in1 Melon Shampoo', 'waitrose_Qty': '250ml', 'waitrose_discounted_price': '£1.33', 'waitrose_offer_desc': 'Save 1/3.', 'waitrose_url': 'https://www.waitrose.com/ecom/shop/browse/groceries/toiletries_health_and_beauty/hair_care/shampoo', 'waitrose_rating': None, 'waitrose_unit_price': '(53.2p/100ml)', 'waitrose_new_flag': None, 'waitrose_prod_name': 'Vosene Kids 2in1 Melon Shampoo 250ml', 'images': []}
DEBUG: Scraped from <200 https://www.waitrose.com/ecom/shop/browse/groceries/toiletries_health_and_beauty/hair_care/shampoo>
{'client': 'Waitrose', 'time': datetime.datetime(2020, 9, 4, 15, 9, 48, 42939), 'category': 'Shampoo', 'id': 'tPp626001-88825-88826', 'prod_name': 'Head & Shoulders Shampoo Citrus Fresh', 'waitrose_Qty': '500ml', 'waitrose_discounted_price': '£5.15', 'waitrose_offer_desc': None, 'waitrose_url': 'https://www.waitrose.com/ecom/shop/browse/groceries/toiletries_health_and_beauty/hair_care/shampoo', 'waitrose_rating': None, 'waitrose_unit_price': '(£1.03/100ml)', 'waitrose_new_flag': None, 'waitrose_prod_name': 'Head & Shoulders Shampoo Citrus Fresh 500ml', 'images': []}
DEBUG: Scraped from <200 https://www.waitrose.com/ecom/shop/browse/groceries/toiletries_health_and_beauty/hair_care/shampoo>
{'client': 'Waitrose', 'time': datetime.datetime(2020, 9, 4, 15, 9, 48, 42939), 'category': 'Shampoo', 'id': 'tPp484035-715885-715886', 'prod_name': "L'Oreal Elvive Oil Nourishing Shampoo", 'waitrose_Qty': '400ml', 'waitrose_discounted_price': '£3.75', 'waitrose_offer_desc': None, 'waitrose_url': 'https://www.waitrose.com/ecom/shop/browse/groceries/toiletries_health_and_beauty/hair_care/shampoo', 'waitrose_rating': None, 'waitrose_unit_price': '(93.8p/100ml)', 'waitrose_new_flag': None, 'waitrose_prod_name': "L'Oreal Elvive Oil Nourishing Shampoo 400ml", 'images': []}
DEBUG: Scraped from <200 https://www.waitrose.com/ecom/shop/browse/groceries/toiletries_health_and_beauty/hair_care/shampoo>
{'client': 'Waitrose', 'time': datetime.datetime(2020, 9, 4, 15, 9, 48, 42939), 'category': 'Shampoo', 'id': 'tPp581617-694173-694174', 'prod_name': 'Pantene Colour Protect Shampoo', 'waitrose_Qty': '500ml', 'waitrose_discounted_price': '£5.15', 'waitrose_offer_desc': None, 'waitrose_url': 'https://www.waitrose.com/ecom/shop/browse/groceries/toiletries_health_and_beauty/hair_care/shampoo', 'waitrose_rating': None, 'waitrose_unit_price': '(£1.03/100ml)', 'waitrose_new_flag': None, 'waitrose_prod_name': 'Pantene Colour Protect Shampoo 500ml', 'images': []}
DEBUG: Scraped from <200 https://www.waitrose.com/ecom/shop/browse/groceries/toiletries_health_and_beauty/hair_care/shampoo>
{'client': 'Waitrose', 'time': datetime.datetime(2020, 9, 4, 15, 9, 48, 42939), 'category': 'Shampoo', 'id': 'tPp582132-472091-472092', 'prod_name': 'Ogx Argan Oil Morocco Shampoo', 'waitrose_Qty': '385ml', 'waitrose_discounted_price': '£7.00', 'waitrose_offer_desc': None, 'waitrose_url': 'https://www.waitrose.com/ecom/shop/browse/groceries/toiletries_health_and_beauty/hair_care/shampoo', 'waitrose_rating': '4', 'waitrose_unit_price': '(£1.82/100ml)', 'waitrose_new_flag': None, 'waitrose_prod_name': 'Ogx Argan Oil Morocco Shampoo 385ml', 'images': []}
DEBUG: Scraped from <200 https://www.waitrose.com/ecom/shop/browse/groceries/toiletries_health_and_beauty/hair_care/shampoo>
{'client': 'Waitrose', 'time': datetime.datetime(2020, 9, 4, 15, 9, 48, 42939), 'category': 'Shampoo', 'id': 'tPp686838-346630-346631', 'prod_name': 'Richard Ward argan antiageing shampoo', 'waitrose_Qty': '250ml', 'waitrose_discounted_price': '£6.00', 'waitrose_offer_desc': None, 'waitrose_url': 'https://www.waitrose.com/ecom/shop/browse/groceries/toiletries_health_and_beauty/hair_care/shampoo', 'waitrose_rating': '4.1', 'waitrose_unit_price': '(£2.40/100ml)', 'waitrose_new_flag': None, 'waitrose_prod_name': 'Richard Ward argan antiageing shampoo 250ml', 'images': []}
DEBUG: Scraped from <200 https://www.waitrose.com/ecom/shop/browse/groceries/toiletries_health_and_beauty/hair_care/shampoo>
{'client': 'Waitrose', 'time': datetime.datetime(2020, 9, 4, 15, 9, 48, 42939), 'category': 'Shampoo', 'id': 'tPp791725-375655-375656', 'prod_name': 'Ogx Kukuí Oil Shampoo', 'waitrose_Qty': '385ml', 'waitrose_discounted_price': '£7.00', 'waitrose_offer_desc': None, 'waitrose_url': 'https://www.waitrose.com/ecom/shop/browse/groceries/toiletries_health_and_beauty/hair_care/shampoo', 'waitrose_rating': '5', 'waitrose_unit_price': '(£1.82/100ml)', 'waitrose_new_flag': None, 'waitrose_prod_name': 'Ogx Kukuí Oil Shampoo 385ml', 'images': []}
DEBUG: Scraped from <200 https://www.waitrose.com/ecom/shop/browse/groceries/toiletries_health_and_beauty/hair_care/shampoo>
{'client': 'Waitrose', 'time': datetime.datetime(2020, 9, 4, 15, 9, 48, 42939), 'category': 'Shampoo', 'id': 'tPp032765-16025-16026', 'prod_name': "L'Oréal kids shampoo berry strawberry", 'waitrose_Qty': '250ml', 'waitrose_discounted_price': '£2.00', 'waitrose_offer_desc': None, 'waitrose_url': 'https://www.waitrose.com/ecom/shop/browse/groceries/toiletries_health_and_beauty/hair_care/shampoo', 'waitrose_rating': None, 'waitrose_unit_price': '(80p/100ml)', 'waitrose_new_flag': None, 'waitrose_prod_name': "L'Oréal kids shampoo berry strawberry 250ml", 'images': []}
DEBUG: Scraped from <200 https://www.waitrose.com/ecom/shop/browse/groceries/toiletries_health_and_beauty/hair_care/shampoo>
{'client': 'Waitrose', 'time': datetime.datetime(2020, 9, 4, 15, 9, 48, 42939), 'category': 'Shampoo', 'id': 'tPp755068-720289-720290', 'prod_name': 'Herbal Essences Aloe Hemp Shampoo', 'waitrose_Qty': '380ml', 'waitrose_discounted_price': '£4.50', 'waitrose_offer_desc': None, 'waitrose_url': 'https://www.waitrose.com/ecom/shop/browse/groceries/toiletries_health_and_beauty/hair_care/shampoo', 'waitrose_rating': None, 'waitrose_unit_price': '(£1.19/100ml)', 'waitrose_new_flag': None, 'waitrose_prod_name': 'Herbal Essences Aloe Hemp Shampoo 380ml', 'images': []}
DEBUG: Scraped from <200 https://www.waitrose.com/ecom/shop/browse/groceries/toiletries_health_and_beauty/hair_care/shampoo>
{'client': 'Waitrose', 'time': datetime.datetime(2020, 9, 4, 15, 9, 48, 42939), 'category': 'Shampoo', 'id': 'tPp407453-471203-471204', 'prod_name': 'Ogx Biotin & Collagen Shampoo', 'waitrose_Qty': '385ml', 'waitrose_discounted_price': '£7.00', 'waitrose_offer_desc': None, 'waitrose_url': 'https://www.waitrose.com/ecom/shop/browse/groceries/toiletries_health_and_beauty/hair_care/shampoo', 'waitrose_rating': None, 'waitrose_unit_price': '(£1.82/100ml)', 'waitrose_new_flag': None, 'waitrose_prod_name': 'Ogx Biotin & Collagen Shampoo 385ml', 'images': []}
DEBUG: Scraped from <200 https://www.waitrose.com/ecom/shop/browse/groceries/toiletries_health_and_beauty/hair_care/shampoo>
{'client': 'Waitrose', 'time': datetime.datetime(2020, 9, 4, 15, 9, 48, 42939), 'category': 'Shampoo', 'id': 'tPp778297-720309-720310', 'prod_name': 'Pantene Grow Strong Shampoo', 'waitrose_Qty': '400ml', 'waitrose_discounted_price': '£3.75', 'waitrose_offer_desc': None, 'waitrose_url': 'https://www.waitrose.com/ecom/shop/browse/groceries/toiletries_health_and_beauty/hair_care/shampoo', 'waitrose_rating': None, 'waitrose_unit_price': '(93.8p/100ml)', 'waitrose_new_flag': None, 'waitrose_prod_name': 'Pantene Grow Strong Shampoo 400ml', 'images': []}
DEBUG: Scraped from <200 https://www.waitrose.com/ecom/shop/browse/groceries/toiletries_health_and_beauty/hair_care/shampoo>
{'client': 'Waitrose', 'time': datetime.datetime(2020, 9, 4, 15, 9, 48, 42939), 'category': 'Shampoo', 'id': 'tPp790782-694215-694216', 'prod_name': 'Pantene 3in1 Smooth & Sleek', 'waitrose_Qty': '450ml', 'waitrose_discounted_price': '£3.75', 'waitrose_offer_desc': None, 'waitrose_url': 'https://www.waitrose.com/ecom/shop/browse/groceries/toiletries_health_and_beauty/hair_care/shampoo', 'waitrose_rating': None, 'waitrose_unit_price': '(83.3p/100ml)', 'waitrose_new_flag': None, 'waitrose_prod_name': 'Pantene 3in1 Smooth & Sleek 450ml', 'images': []}
DEBUG: Scraped from <200 https://www.waitrose.com/ecom/shop/browse/groceries/toiletries_health_and_beauty/hair_care/shampoo>
{'client': 'Waitrose', 'time': datetime.datetime(2020, 9, 4, 15, 9, 48, 42939), 'category': 'Shampoo', 'id': 'tPp480728-631267-631268', 'prod_name': 'Ogx Orchid Oil Shampoo', 'waitrose_Qty': '385ml', 'waitrose_discounted_price': '£7.00', 'waitrose_offer_desc': None, 'waitrose_url': 'https://www.waitrose.com/ecom/shop/browse/groceries/toiletries_health_and_beauty/hair_care/shampoo', 'waitrose_rating': '5', 'waitrose_unit_price': '(£1.82/100ml)', 'waitrose_new_flag': None, 'waitrose_prod_name': 'Ogx Orchid Oil Shampoo 385ml', 'images': []}
DEBUG: Scraped from <200 https://www.waitrose.com/ecom/shop/browse/groceries/toiletries_health_and_beauty/hair_care/shampoo>
{'client': 'Waitrose', 'time': datetime.datetime(2020, 9, 4, 15, 9, 48, 42939), 'category': 'Shampoo', 'id': 'tPp427668-591713-591714', 'prod_name': 'Herbal Essences Hydrate Shampoo', 'waitrose_Qty': '400ml', 'waitrose_discounted_price': '£4.50', 'waitrose_offer_desc': None, 'waitrose_url': 'https://www.waitrose.com/ecom/shop/browse/groceries/toiletries_health_and_beauty/hair_care/shampoo', 'waitrose_rating': '5', 'waitrose_unit_price': '(£1.13/100ml)', 'waitrose_new_flag': None, 'waitrose_prod_name': 'Herbal Essences Hydrate Shampoo 400ml', 'images': []}
DEBUG: Scraped from <200 https://www.waitrose.com/ecom/shop/browse/groceries/toiletries_health_and_beauty/hair_care/shampoo>
{'client': 'Waitrose', 'time': datetime.datetime(2020, 9, 4, 15, 9, 48, 42939), 'category': 'Shampoo', 'id': 'tPp735751-154731-154732', 'prod_name': 'Aussie aussome volume shampoo', 'waitrose_Qty': '500ml', 'waitrose_discounted_price': '£6.10', 'waitrose_offer_desc': None, 'waitrose_url': 'https://www.waitrose.com/ecom/shop/browse/groceries/toiletries_health_and_beauty/hair_care/shampoo', 'waitrose_rating': None, 'waitrose_unit_price': '(£1.22/100ml)', 'waitrose_new_flag': None, 'waitrose_prod_name': 'Aussie aussome volume shampoo 500ml', 'images': []}
DEBUG: Scraped from <200 https://www.waitrose.com/ecom/shop/browse/groceries/toiletries_health_and_beauty/hair_care/shampoo>
{'client': 'Waitrose', 'time': datetime.datetime(2020, 9, 4, 15, 9, 48, 42939), 'category': 'Shampoo', 'id': 'tPp027940-13599-13600', 'prod_name': 'Avalon Organics lemon shampoo', 'waitrose_Qty': '325ml', 'waitrose_discounted_price': '£7.00', 'waitrose_offer_desc': None, 'waitrose_url': 'https://www.waitrose.com/ecom/shop/browse/groceries/toiletries_health_and_beauty/hair_care/shampoo', 'waitrose_rating': '3.6', 'waitrose_unit_price': '(£2.16/100ml)', 'waitrose_new_flag': None, 'waitrose_prod_name': 'Avalon Organics lemon shampoo 325ml', 'images': []}
DEBUG: Scraped from <200 https://www.waitrose.com/ecom/shop/browse/groceries/toiletries_health_and_beauty/hair_care/shampoo>
{'client': 'Waitrose', 'time': datetime.datetime(2020, 9, 4, 15, 9, 48, 42939), 'category': 'Shampoo', 'id': 'tPp752186-631541-631542', 'prod_name': 'Ogx Coconut OIl Shampoo', 'waitrose_Qty': '385ml', 'waitrose_discounted_price': '£7.00', 'waitrose_offer_desc': None, 'waitrose_url': 'https://www.waitrose.com/ecom/shop/browse/groceries/toiletries_health_and_beauty/hair_care/shampoo', 'waitrose_rating': None, 'waitrose_unit_price': '(£1.82/100ml)', 'waitrose_new_flag': None, 'waitrose_prod_name': 'Ogx Coconut OIl Shampoo 385ml', 'images': []}
DEBUG: Scraped from <200 https://www.waitrose.com/ecom/shop/browse/groceries/toiletries_health_and_beauty/hair_care/shampoo>
{'client': 'Waitrose', 'time': datetime.datetime(2020, 9, 4, 15, 9, 48, 42939), 'category': 'Shampoo', 'id': 'tPp426973-298983-298984', 'prod_name': 'Head & Shoulders 2in1 Apple Fresh', 'waitrose_Qty': '450ml', 'waitrose_discounted_price': '£5.00', 'waitrose_offer_desc': None, 'waitrose_url': 'https://www.waitrose.com/ecom/shop/browse/groceries/toiletries_health_and_beauty/hair_care/shampoo', 'waitrose_rating': None, 'waitrose_unit_price': '(£1.12/100ml)', 'waitrose_new_flag': None, 'waitrose_prod_name': 'Head & Shoulders 2in1 Apple Fresh 450ml', 'images': []}
DEBUG: Scraped from <200 https://www.waitrose.com/ecom/shop/browse/groceries/toiletries_health_and_beauty/hair_care/shampoo>
{'client': 'Waitrose', 'time': datetime.datetime(2020, 9, 4, 15, 9, 48, 42939), 'category': 'Shampoo', 'id': 'tPp839781-154875-154876', 'prod_name': 'Aussie miracle moist shampoo', 'waitrose_Qty': '500ml', 'waitrose_discounted_price': '£6.15', 'waitrose_offer_desc': None, 'waitrose_url': 'https://www.waitrose.com/ecom/shop/browse/groceries/toiletries_health_and_beauty/hair_care/shampoo', 'waitrose_rating': None, 'waitrose_unit_price': '(£1.23/100ml)', 'waitrose_new_flag': None, 'waitrose_prod_name': 'Aussie miracle moist shampoo 500ml', 'images': []}
DEBUG: Scraped from <200 https://www.waitrose.com/ecom/shop/browse/groceries/toiletries_health_and_beauty/hair_care/shampoo>
{'client': 'Waitrose', 'time': datetime.datetime(2020, 9, 4, 15, 9, 48, 42939), 'category': 'Shampoo', 'id': 'tPp888765-695909-695910', 'prod_name': 'Umberto Giannini Curl Jelly Wash', 'waitrose_Qty': '250ml', 'waitrose_discounted_price': '£8.00', 'waitrose_offer_desc': 'Mix & Match Add 3 for 2 Cheapest Item Free', 'waitrose_url': 'https://www.waitrose.com/ecom/shop/browse/groceries/toiletries_health_and_beauty/hair_care/shampoo', 'waitrose_rating': '2.5', 'waitrose_unit_price': '(£3.20/100ml)', 'waitrose_new_flag': None, 'waitrose_prod_name': 'Umberto Giannini Curl Jelly Wash 250ml', 'images': []}
DEBUG: Scraped from <200 https://www.waitrose.com/ecom/shop/browse/groceries/toiletries_health_and_beauty/hair_care/shampoo>
{'client': 'Waitrose', 'time': datetime.datetime(2020, 9, 4, 15, 9, 48, 42939), 'category': 'Shampoo', 'id': 'tPp631829-695597-695598', 'prod_name': 'Noughty Detox Dynamo Shampoo', 'waitrose_Qty': '250ml', 'waitrose_discounted_price': '£4.66', 'waitrose_offer_desc': 'Save 1/3.', 'waitrose_url': 'https://www.waitrose.com/ecom/shop/browse/groceries/toiletries_health_and_beauty/hair_care/shampoo', 'waitrose_rating': None, 'waitrose_unit_price': '(£1.87/100ml)', 'waitrose_new_flag': None, 'waitrose_prod_name': 'Noughty Detox Dynamo Shampoo 250ml', 'images': []}
DEBUG: Scraped from <200 https://www.waitrose.com/ecom/shop/browse/groceries/toiletries_health_and_beauty/hair_care/shampoo>
{'client': 'Waitrose', 'time': datetime.datetime(2020, 9, 4, 15, 9, 48, 42939), 'category': 'Shampoo', 'id': 'tPp453160-695433-695434', 'prod_name': 'Argan+ Long & Strong Shampoo', 'waitrose_Qty': '300ml', 'waitrose_discounted_price': '£4.00', 'waitrose_offer_desc': 'Save 1/3.', 'waitrose_url': 'https://www.waitrose.com/ecom/shop/browse/groceries/toiletries_health_and_beauty/hair_care/shampoo', 'waitrose_rating': None, 'waitrose_unit_price': '(£1.34/100ml)', 'waitrose_new_flag': None, 'waitrose_prod_name': 'Argan+ Long & Strong Shampoo 300ml', 'images': []}
DEBUG: Scraped from <200 https://www.waitrose.com/ecom/shop/browse/groceries/toiletries_health_and_beauty/hair_care/shampoo>
{'client': 'Waitrose', 'time': datetime.datetime(2020, 9, 4, 15, 9, 48, 42939), 'category': 'Shampoo', 'id': 'tPp867514-720387-720388', 'prod_name': 'Head & Shoulders Coconut Shampoo', 'waitrose_Qty': '500ml', 'waitrose_discounted_price': '£5.00', 'waitrose_offer_desc': None, 'waitrose_url': 'https://www.waitrose.com/ecom/shop/browse/groceries/toiletries_health_and_beauty/hair_care/shampoo', 'waitrose_rating': None, 'waitrose_unit_price': '(£1/100ml)', 'waitrose_new_flag': None, 'waitrose_prod_name': 'Head & Shoulders Coconut Shampoo 500ml', 'images': []}
DEBUG: Scraped from <200 https://www.waitrose.com/ecom/shop/browse/groceries/toiletries_health_and_beauty/hair_care/shampoo>
{'client': 'Waitrose', 'time': datetime.datetime(2020, 9, 4, 15, 9, 48, 42939), 'category': 'Shampoo', 'id': 'tPp809690-337194-337195', 'prod_name': 'Head & Shoulders 2in1 Itchy Scalp', 'waitrose_Qty': '450ml', 'waitrose_discounted_price': '£5.15', 'waitrose_offer_desc': None, 'waitrose_url': 'https://www.waitrose.com/ecom/shop/browse/groceries/toiletries_health_and_beauty/hair_care/shampoo', 'waitrose_rating': '5', 'waitrose_unit_price': '(£1.15/100ml)', 'waitrose_new_flag': None, 'waitrose_prod_name': 'Head & Shoulders 2in1 Itchy Scalp 450ml', 'images': []}
DEBUG: Scraped from <200 https://www.waitrose.com/ecom/shop/browse/groceries/toiletries_health_and_beauty/hair_care/shampoo>
{'client': 'Waitrose', 'time': datetime.datetime(2020, 9, 4, 15, 9, 48, 42939), 'category': 'Shampoo', 'id': 'tPp480888-154495-154496', 'prod_name': 'Head & Shoulders Smooth Shampoo', 'waitrose_Qty': '500ml', 'waitrose_discounted_price': '£5.15', 'waitrose_offer_desc': None, 'waitrose_url': 'https://www.waitrose.com/ecom/shop/browse/groceries/toiletries_health_and_beauty/hair_care/shampoo', 'waitrose_rating': None, 'waitrose_unit_price': '(£1.03/100ml)', 'waitrose_new_flag': None, 'waitrose_prod_name': 'Head & Shoulders Smooth Shampoo 500ml', 'images': []}
DEBUG: Scraped from <200 https://www.waitrose.com/ecom/shop/browse/groceries/toiletries_health_and_beauty/hair_care/shampoo>
{'client': 'Waitrose', 'time': datetime.datetime(2020, 9, 4, 15, 9, 48, 42939), 'category': 'Shampoo', 'id': 'tPp584599-695531-695532', 'prod_name': 'Batiste Dry Shampoo Volume', 'waitrose_Qty': '200ml', 'waitrose_discounted_price': '£4.25', 'waitrose_offer_desc': None, 'waitrose_url': 'https://www.waitrose.com/ecom/shop/browse/groceries/toiletries_health_and_beauty/hair_care/shampoo', 'waitrose_rating': None, 'waitrose_unit_price': '(£2.13/100ml)', 'waitrose_new_flag': None, 'waitrose_prod_name': 'Batiste Dry Shampoo Volume 200ml', 'images': []}
DEBUG: Scraped from <200 https://www.waitrose.com/ecom/shop/browse/groceries/toiletries_health_and_beauty/hair_care/shampoo>
{'client': 'Waitrose', 'time': datetime.datetime(2020, 9, 4, 15, 9, 48, 42939), 'category': 'Shampoo', 'id': 'tPp810302-683828-683829', 'prod_name': 'Herbal Essences Deep Repair Shampoo', 'waitrose_Qty': '400ml', 'waitrose_discounted_price': '£4.50', 'waitrose_offer_desc': None, 'waitrose_url': 'https://www.waitrose.com/ecom/shop/browse/groceries/toiletries_health_and_beauty/hair_care/shampoo', 'waitrose_rating': None, 'waitrose_unit_price': '(£1.13/100ml)', 'waitrose_new_flag': None, 'waitrose_prod_name': 'Herbal Essences Deep Repair Shampoo 400ml', 'images': []}
DEBUG: Scraped from <200 https://www.waitrose.com/ecom/shop/browse/groceries/toiletries_health_and_beauty/hair_care/shampoo>
{'client': 'Waitrose', 'time': datetime.datetime(2020, 9, 4, 15, 9, 48, 42939), 'category': 'Shampoo', 'id': 'tPp076232-38732-38733', 'prod_name': 'AOrganic Lavender Shampoo', 'waitrose_Qty': '325ml', 'waitrose_discounted_price': '£7.00', 'waitrose_offer_desc': None, 'waitrose_url': 'https://www.waitrose.com/ecom/shop/browse/groceries/toiletries_health_and_beauty/hair_care/shampoo', 'waitrose_rating': '3.8', 'waitrose_unit_price': '(£2.16/100ml)', 'waitrose_new_flag': None, 'waitrose_prod_name': 'AOrganic Lavender Shampoo 325ml', 'images': []}
DEBUG: Scraped from <200 https://www.waitrose.com/ecom/shop/browse/groceries/toiletries_health_and_beauty/hair_care/shampoo>
{'client': 'Waitrose', 'time': datetime.datetime(2020, 9, 4, 15, 9, 48, 42939), 'category': 'Shampoo', 'id': 'tPp886458-216893-216894', 'prod_name': 'Ogx Brazilian Keratin Shampoo', 'waitrose_Qty': '385ml', 'waitrose_discounted_price': '£7.00', 'waitrose_offer_desc': None, 'waitrose_url': 'https://www.waitrose.com/ecom/shop/browse/groceries/toiletries_health_and_beauty/hair_care/shampoo', 'waitrose_rating': '5', 'waitrose_unit_price': '(£1.82/100ml)', 'waitrose_new_flag': None, 'waitrose_prod_name': 'Ogx Brazilian Keratin Shampoo 385ml', 'images': []}
DEBUG: Scraped from <200 https://www.waitrose.com/ecom/shop/browse/groceries/toiletries_health_and_beauty/hair_care/shampoo>
{'client': 'Waitrose', 'time': datetime.datetime(2020, 9, 4, 15, 9, 48, 42939), 'category': 'Shampoo', 'id': 'tPp627460-154629-154630', 'prod_name': 'Aussie mega shampoo', 'waitrose_Qty': '500ml', 'waitrose_discounted_price': '£6.15', 'waitrose_offer_desc': None, 'waitrose_url': 'https://www.waitrose.com/ecom/shop/browse/groceries/toiletries_health_and_beauty/hair_care/shampoo', 'waitrose_rating': '3.8', 'waitrose_unit_price': '(£1.23/100ml)', 'waitrose_new_flag': None, 'waitrose_prod_name': 'Aussie mega shampoo 500ml', 'images': []}
DEBUG: Scraped from <200 https://www.waitrose.com/ecom/shop/browse/groceries/toiletries_health_and_beauty/hair_care/shampoo>
{'client': 'Waitrose', 'time': datetime.datetime(2020, 9, 4, 15, 9, 48, 42939), 'category': 'Shampoo', 'id': 'tPp527154-720165-720166', 'prod_name': 'Maui Moisture Hibiscus Water', 'waitrose_Qty': '385ml', 'waitrose_discounted_price': '£6.00', 'waitrose_offer_desc': 'Save 1/3.', 'waitrose_url': 'https://www.waitrose.com/ecom/shop/browse/groceries/toiletries_health_and_beauty/hair_care/shampoo', 'waitrose_rating': None, 'waitrose_unit_price': '(£1.56/100ml)', 'waitrose_new_flag': None, 'waitrose_prod_name': 'Maui Moisture Hibiscus Water 385ml', 'images': []}
DEBUG: Scraped from <200 https://www.waitrose.com/ecom/shop/browse/groceries/toiletries_health_and_beauty/hair_care/shampoo>
{'client': 'Waitrose', 'time': datetime.datetime(2020, 9, 4, 15, 9, 48, 42939), 'category': 'Shampoo', 'id': 'tPp603087-695555-695556', 'prod_name': 'Noughty Colour Bomb Shampoo', 'waitrose_Qty': '250ml', 'waitrose_discounted_price': '£4.66', 'waitrose_offer_desc': 'Save 1/3.', 'waitrose_url': 'https://www.waitrose.com/ecom/shop/browse/groceries/toiletries_health_and_beauty/hair_care/shampoo', 'waitrose_rating': '3', 'waitrose_unit_price': '(£1.87/100ml)', 'waitrose_new_flag': None, 'waitrose_prod_name': 'Noughty Colour Bomb Shampoo 250ml', 'images': []}
DEBUG: Scraped from <200 https://www.waitrose.com/ecom/shop/browse/groceries/toiletries_health_and_beauty/hair_care/shampoo>
{'client': 'Waitrose', 'time': datetime.datetime(2020, 9, 4, 15, 9, 48, 42939), 'category': 'Shampoo', 'id': 'tPp554742-695503-695504', 'prod_name': 'Umberto Giannini Violet Shampoo', 'waitrose_Qty': '250ml', 'waitrose_discounted_price': '£8.00', 'waitrose_offer_desc': 'Mix & Match Add 3 for 2 Cheapest Item Free', 'waitrose_url': 'https://www.waitrose.com/ecom/shop/browse/groceries/toiletries_health_and_beauty/hair_care/shampoo', 'waitrose_rating': None, 'waitrose_unit_price': '(£3.20/100ml)', 'waitrose_new_flag': None, 'waitrose_prod_name': 'Umberto Giannini Violet Shampoo 250ml', 'images': []}
DEBUG: Scraped from <200 https://www.waitrose.com/ecom/shop/browse/groceries/toiletries_health_and_beauty/hair_care/shampoo>
{'client': 'Waitrose', 'time': datetime.datetime(2020, 9, 4, 15, 9, 48, 42939), 'category': 'Shampoo', 'id': 'tPp895244-495222-495223', 'prod_name': 'DGJ Clarifying Shampoo', 'waitrose_Qty': '250ml', 'waitrose_discounted_price': '£2.50', 'waitrose_offer_desc': 'Half Price.', 'waitrose_url': 'https://www.waitrose.com/ecom/shop/browse/groceries/toiletries_health_and_beauty/hair_care/shampoo', 'waitrose_rating': None, 'waitrose_unit_price': '(£1/100ml)', 'waitrose_new_flag': None, 'waitrose_prod_name': 'DGJ Clarifying Shampoo 250ml', 'images': []}
DEBUG: Scraped from <200 https://www.waitrose.com/ecom/shop/browse/groceries/toiletries_health_and_beauty/hair_care/shampoo>
{'client': 'Waitrose', 'time': datetime.datetime(2020, 9, 4, 15, 9, 48, 42939), 'category': 'Shampoo', 'id': 'tPp829437-695831-695832', 'prod_name': 'Umberto Giannini Grow Long Shampoo', 'waitrose_Qty': '250ml', 'waitrose_discounted_price': '£8.00', 'waitrose_offer_desc': 'Mix & Match Add 3 for 2 Cheapest Item Free', 'waitrose_url': 'https://www.waitrose.com/ecom/shop/browse/groceries/toiletries_health_and_beauty/hair_care/shampoo', 'waitrose_rating': '5', 'waitrose_unit_price': '(£3.20/100ml)', 'waitrose_new_flag': None, 'waitrose_prod_name': 'Umberto Giannini Grow Long Shampoo 250ml', 'images': []}
DEBUG: Scraped from <200 https://www.waitrose.com/ecom/shop/browse/groceries/toiletries_health_and_beauty/hair_care/shampoo>
{'client': 'Waitrose', 'time': datetime.datetime(2020, 9, 4, 15, 9, 48, 42939), 'category': 'Shampoo', 'id': 'tPp703131-695681-695682', 'prod_name': 'Head & Shoulders Repair Shampoo', 'waitrose_Qty': '400ml', 'waitrose_discounted_price': '£3.33', 'waitrose_offer_desc': 'Save 1/3.', 'waitrose_url': 'https://www.waitrose.com/ecom/shop/browse/groceries/toiletries_health_and_beauty/hair_care/shampoo', 'waitrose_rating': '4', 'waitrose_unit_price': '(83.3p/100ml)', 'waitrose_new_flag': None, 'waitrose_prod_name': 'Head & Shoulders Repair Shampoo 400ml', 'images': []}
DEBUG: Scraped from <200 https://www.waitrose.com/ecom/shop/browse/groceries/toiletries_health_and_beauty/hair_care/shampoo>
{'client': 'Waitrose', 'time': datetime.datetime(2020, 9, 4, 15, 9, 48, 42939), 'category': 'Shampoo', 'id': 'tPp812614-707138-707139', 'prod_name': 'Beco Spring Meadow Shampoo Bar', 'waitrose_Qty': '90g', 'waitrose_discounted_price': '£4.00', 'waitrose_offer_desc': None, 'waitrose_url': 'https://www.waitrose.com/ecom/shop/browse/groceries/toiletries_health_and_beauty/hair_care/shampoo', 'waitrose_rating': '3.3', 'waitrose_unit_price': '(£4.45/100g)', 'waitrose_new_flag': None, 'waitrose_prod_name': 'Beco Spring Meadow Shampoo Bar 90g', 'images': []}
DEBUG: Scraped from <200 https://www.waitrose.com/ecom/shop/browse/groceries/toiletries_health_and_beauty/hair_care/shampoo>
{'client': 'Waitrose', 'time': datetime.datetime(2020, 9, 4, 15, 9, 48, 42939), 'category': 'Shampoo', 'id': 'tPp724972-694185-694186', 'prod_name': 'Pantene 3in1 Repair & Protect', 'waitrose_Qty': '450ml', 'waitrose_discounted_price': '£3.75', 'waitrose_offer_desc': None, 'waitrose_url': 'https://www.waitrose.com/ecom/shop/browse/groceries/toiletries_health_and_beauty/hair_care/shampoo', 'waitrose_rating': None, 'waitrose_unit_price': '(83.3p/100ml)', 'waitrose_new_flag': None, 'waitrose_prod_name': 'Pantene 3in1 Repair & Protect 450ml', 'images': []}
DEBUG: Scraped from <200 https://www.waitrose.com/ecom/shop/browse/groceries/toiletries_health_and_beauty/hair_care/shampoo>
{'client': 'Waitrose', 'time': datetime.datetime(2020, 9, 4, 15, 9, 48, 42939), 'category': 'Shampoo', 'id': 'tPp861587-154949-154950', 'prod_name': 'Batiste dark & deep brown dry shampoo', 'waitrose_Qty': '200ml', 'waitrose_discounted_price': '£4.00', 'waitrose_offer_desc': None, 'waitrose_url': 'https://www.waitrose.com/ecom/shop/browse/groceries/toiletries_health_and_beauty/hair_care/shampoo', 'waitrose_rating': None, 'waitrose_unit_price': '(£2/100ml)', 'waitrose_new_flag': None, 'waitrose_prod_name': 'Batiste dark & deep brown dry shampoo 200ml', 'images': []}
DEBUG: Scraped from <200 https://www.waitrose.com/ecom/shop/browse/groceries/toiletries_health_and_beauty/hair_care/shampoo>
{'client': 'Waitrose', 'time': datetime.datetime(2020, 9, 4, 15, 9, 48, 42939), 'category': 'Shampoo', 'id': 'tPp581644-729702-729703', 'prod_name': 'Percy & Reed Hydrating Shampoo', 'waitrose_Qty': '250ml', 'waitrose_discounted_price': '£18.00', 'waitrose_offer_desc': None, 'waitrose_url': 'https://www.waitrose.com/ecom/shop/browse/groceries/toiletries_health_and_beauty/hair_care/shampoo', 'waitrose_rating': None, 'waitrose_unit_price': '(£7.20/100ml)', 'waitrose_new_flag': None, 'waitrose_prod_name': 'Percy & Reed Hydrating Shampoo 250ml', 'images': []}
DEBUG: Scraped from <200 https://www.waitrose.com/ecom/shop/browse/groceries/toiletries_health_and_beauty/hair_care/shampoo>
{'client': 'Waitrose', 'time': datetime.datetime(2020, 9, 4, 15, 9, 48, 42939), 'category': 'Shampoo', 'id': 'tPp567431-729696-729697', 'prod_name': 'Batiste Dry Shampoo for Blondes', 'waitrose_Qty': '200ml', 'waitrose_discounted_price': '£4.00', 'waitrose_offer_desc': None, 'waitrose_url': 'https://www.waitrose.com/ecom/shop/browse/groceries/toiletries_health_and_beauty/hair_care/shampoo', 'waitrose_rating': None, 'waitrose_unit_price': '(£2/100ml)', 'waitrose_new_flag': None, 'waitrose_prod_name': 'Batiste Dry Shampoo for Blondes 200ml', 'images': []}
DEBUG: Scraped from <200 https://www.waitrose.com/ecom/shop/browse/groceries/toiletries_health_and_beauty/hair_care/shampoo>
{'client': 'Waitrose', 'time': datetime.datetime(2020, 9, 4, 15, 9, 48, 42939), 'category': 'Shampoo', 'id': 'tPp820157-724089-724090', 'prod_name': 'Eco Warrior Shampoo Bar', 'waitrose_Qty': '100g', 'waitrose_discounted_price': '£4.50', 'waitrose_offer_desc': None, 'waitrose_url': 'https://www.waitrose.com/ecom/shop/browse/groceries/toiletries_health_and_beauty/hair_care/shampoo', 'waitrose_rating': None, 'waitrose_unit_price': '(£4.50/100g)', 'waitrose_new_flag': None, 'waitrose_prod_name': 'Eco Warrior Shampoo Bar 100g', 'images': []}
DEBUG: Scraped from <200 https://www.waitrose.com/ecom/shop/browse/groceries/toiletries_health_and_beauty/hair_care/shampoo>
{'client': 'Waitrose', 'time': datetime.datetime(2020, 9, 4, 15, 9, 48, 42939), 'category': 'Shampoo', 'id': 'tPp407272-440973-440974', 'prod_name': 'Richard Ward Chelsea Cleanse & Condition', 'waitrose_Qty': '250ml', 'waitrose_discounted_price': '£6.00', 'waitrose_offer_desc': None, 'waitrose_url': 'https://www.waitrose.com/ecom/shop/browse/groceries/toiletries_health_and_beauty/hair_care/shampoo', 'waitrose_rating': '3.9', 'waitrose_unit_price': '(£2.40/100ml)', 'waitrose_new_flag': None, 'waitrose_prod_name': 'Richard Ward Chelsea Cleanse & Condition 250ml', 'images': []}
DEBUG: Scraped from <200 https://www.waitrose.com/ecom/shop/browse/groceries/toiletries_health_and_beauty/hair_care/shampoo>
{'client': 'Waitrose', 'time': datetime.datetime(2020, 9, 4, 15, 9, 48, 42939), 'category': 'Shampoo', 'id': 'tPp889100-330444-330445', 'prod_name': 'AOrganic Rosemary Shampoo', 'waitrose_Qty': '325ml', 'waitrose_discounted_price': '£7.00', 'waitrose_offer_desc': None, 'waitrose_url': 'https://www.waitrose.com/ecom/shop/browse/groceries/toiletries_health_and_beauty/hair_care/shampoo', 'waitrose_rating': '2.5', 'waitrose_unit_price': '(£2.16/100ml)', 'waitrose_new_flag': None, 'waitrose_prod_name': 'AOrganic Rosemary Shampoo 325ml', 'images': []}
DEBUG: Scraped from <200 https://www.waitrose.com/ecom/shop/browse/groceries/toiletries_health_and_beauty/hair_care/shampoo>
{'client': 'Waitrose', 'time': datetime.datetime(2020, 9, 4, 15, 9, 48, 42939), 'category': 'Shampoo', 'id': 'tPp662395-154665-154666', 'prod_name': 'Aussie colour mate shampoo', 'waitrose_Qty': '500ml', 'waitrose_discounted_price': '£6.15', 'waitrose_offer_desc': None, 'waitrose_url': 'https://www.waitrose.com/ecom/shop/browse/groceries/toiletries_health_and_beauty/hair_care/shampoo', 'waitrose_rating': None, 'waitrose_unit_price': '(£1.23/100ml)', 'waitrose_new_flag': None, 'waitrose_prod_name': 'Aussie colour mate shampoo 500ml', 'images': []}
DEBUG: Scraped from <200 https://www.waitrose.com/ecom/shop/browse/groceries/toiletries_health_and_beauty/hair_care/shampoo>
{'client': 'Waitrose', 'time': datetime.datetime(2020, 9, 4, 15, 9, 48, 42939), 'category': 'Shampoo', 'id': 'tPp714629-729752-729753', 'prod_name': 'OGX Keratin Oil Shampoo', 'waitrose_Qty': '385ml', 'waitrose_discounted_price': '£7.00', 'waitrose_offer_desc': None, 'waitrose_url': 'https://www.waitrose.com/ecom/shop/browse/groceries/toiletries_health_and_beauty/hair_care/shampoo', 'waitrose_rating': None, 'waitrose_unit_price': '(£1.82/100ml)', 'waitrose_new_flag': None, 'waitrose_prod_name': 'OGX Keratin Oil Shampoo 385ml', 'images': []}
DEBUG: Scraped from <200 https://www.waitrose.com/ecom/shop/browse/groceries/toiletries_health_and_beauty/hair_care/shampoo>
{'client': 'Waitrose', 'time': datetime.datetime(2020, 9, 4, 15, 9, 48, 42939), 'category': 'Shampoo', 'id': 'tPp405353-729640-729641', 'prod_name': 'Percy & Reed No-Fuss Dry Shampoo', 'waitrose_Qty': '200ml', 'waitrose_discounted_price': '£15.00', 'waitrose_offer_desc': None, 'waitrose_url': 'https://www.waitrose.com/ecom/shop/browse/groceries/toiletries_health_and_beauty/hair_care/shampoo', 'waitrose_rating': '3.8', 'waitrose_unit_price': '(£7.50/100ml)', 'waitrose_new_flag': None, 'waitrose_prod_name': 'Percy & Reed No-Fuss Dry Shampoo 200ml', 'images': []}
DEBUG: Scraped from <200 https://www.waitrose.com/ecom/shop/browse/groceries/toiletries_health_and_beauty/hair_care/shampoo>
{'client': 'Waitrose', 'time': datetime.datetime(2020, 9, 4, 15, 9, 48, 42939), 'category': 'Shampoo', 'id': 'tPp567481-719558-719559', 'prod_name': 'Fit Kit Gentle Shampoo &Conditioner', 'waitrose_Qty': '200ml', 'waitrose_discounted_price': '£4.00', 'waitrose_offer_desc': None, 'waitrose_url': 'https://www.waitrose.com/ecom/shop/browse/groceries/toiletries_health_and_beauty/hair_care/shampoo', 'waitrose_rating': '5', 'waitrose_unit_price': '(£2/100ml)', 'waitrose_new_flag': None, 'waitrose_prod_name': 'Fit Kit Gentle Shampoo &Conditioner 200ml', 'images': []}
DEBUG: Scraped from <200 https://www.waitrose.com/ecom/shop/browse/groceries/toiletries_health_and_beauty/hair_care/shampoo>
{'client': 'Waitrose', 'time': datetime.datetime(2020, 9, 4, 15, 9, 48, 42939), 'category': 'Shampoo', 'id': 'tPp863078-695988-695989', 'prod_name': 'Pantene Hair Biology Full & Vibrant', 'waitrose_Qty': '250ml', 'waitrose_discounted_price': '£4.50', 'waitrose_offer_desc': None, 'waitrose_url': 'https://www.waitrose.com/ecom/shop/browse/groceries/toiletries_health_and_beauty/hair_care/shampoo', 'waitrose_rating': None, 'waitrose_unit_price': '(£1.80/100ml)', 'waitrose_new_flag': None, 'waitrose_prod_name': 'Pantene Hair Biology Full & Vibrant 250ml', 'images': []}
DEBUG: Scraped from <200 https://www.waitrose.com/ecom/shop/browse/groceries/toiletries_health_and_beauty/hair_care/shampoo>
{'client': 'Waitrose', 'time': datetime.datetime(2020, 9, 4, 15, 9, 48, 42939), 'category': 'Shampoo', 'id': 'tPp803275-329016-329017', 'prod_name': 'AOrganic Peppermint Shampoo', 'waitrose_Qty': '325ml', 'waitrose_discounted_price': '£7.00', 'waitrose_offer_desc': None, 'waitrose_url': 'https://www.waitrose.com/ecom/shop/browse/groceries/toiletries_health_and_beauty/hair_care/shampoo', 'waitrose_rating': None, 'waitrose_unit_price': '(£2.16/100ml)', 'waitrose_new_flag': None, 'waitrose_prod_name': 'AOrganic Peppermint Shampoo 325ml', 'images': []}
DEBUG: Scraped from <200 https://www.waitrose.com/ecom/shop/browse/groceries/toiletries_health_and_beauty/hair_care/shampoo>
{'client': 'Waitrose', 'time': datetime.datetime(2020, 9, 4, 15, 9, 48, 42939), 'category': 'Shampoo', 'id': 'tPp834106-299691-299692', 'prod_name': 'Head & Shoulders 2in1 smooth & silky', 'waitrose_Qty': '450ml', 'waitrose_discounted_price': '£5.00', 'waitrose_offer_desc': None, 'waitrose_url': 'https://www.waitrose.com/ecom/shop/browse/groceries/toiletries_health_and_beauty/hair_care/shampoo', 'waitrose_rating': None, 'waitrose_unit_price': '(£1.12/100ml)', 'waitrose_new_flag': None, 'waitrose_prod_name': 'Head & Shoulders 2in1 smooth & silky 450ml', 'images': []}
DEBUG: Scraped from <200 https://www.waitrose.com/ecom/shop/browse/groceries/toiletries_health_and_beauty/hair_care/shampoo>
{'client': 'Waitrose', 'time': datetime.datetime(2020, 9, 4, 15, 9, 48, 42939), 'category': 'Shampoo', 'id': 'tPp694392-98595-98596', 'prod_name': 'Head & Shoulders Shampoo Cool Menthol', 'waitrose_Qty': '500ml', 'waitrose_discounted_price': '£5.15', 'waitrose_offer_desc': None, 'waitrose_url': 'https://www.waitrose.com/ecom/shop/browse/groceries/toiletries_health_and_beauty/hair_care/shampoo', 'waitrose_rating': None, 'waitrose_unit_price': '(£1.03/100ml)', 'waitrose_new_flag': None, 'waitrose_prod_name': 'Head & Shoulders Shampoo Cool Menthol 500ml', 'images': []}
DEBUG: Scraped from <200 https://www.waitrose.com/ecom/shop/browse/groceries/toiletries_health_and_beauty/hair_care/shampoo>
{'client': 'Waitrose', 'time': datetime.datetime(2020, 9, 4, 15, 9, 48, 42939), 'category': 'Shampoo', 'id': 'tPp586765-735804-735805', 'prod_name': "L'Oreal Elvive Restoring Shampoo", 'waitrose_Qty': '400ml', 'waitrose_discounted_price': '£3.75', 'waitrose_offer_desc': None, 'waitrose_url': 'https://www.waitrose.com/ecom/shop/browse/groceries/toiletries_health_and_beauty/hair_care/shampoo', 'waitrose_rating': None, 'waitrose_unit_price': '(93.8p/100ml)', 'waitrose_new_flag': 'NEW', 'waitrose_prod_name': "L'Oreal Elvive Restoring Shampoo 400ml", 'images': []}
DEBUG: Scraped from <200 https://www.waitrose.com/ecom/shop/browse/groceries/toiletries_health_and_beauty/hair_care/shampoo>
{'client': 'Waitrose', 'time': datetime.datetime(2020, 9, 4, 15, 9, 48, 42939), 'category': 'Shampoo', 'id': 'tPp855732-695986-695987', 'prod_name': 'Hair Biology De-Frizz Shampoo', 'waitrose_Qty': '250ml', 'waitrose_discounted_price': '£4.50', 'waitrose_offer_desc': None, 'waitrose_url': 'https://www.waitrose.com/ecom/shop/browse/groceries/toiletries_health_and_beauty/hair_care/shampoo', 'waitrose_rating': None, 'waitrose_unit_price': '(£1.80/100ml)', 'waitrose_new_flag': None, 'waitrose_prod_name': 'Hair Biology De-Frizz Shampoo 250ml', 'images': []}
DEBUG: Scraped from <200 https://www.waitrose.com/ecom/shop/browse/groceries/toiletries_health_and_beauty/hair_care/shampoo>
{'client': 'Waitrose', 'time': datetime.datetime(2020, 9, 4, 15, 9, 48, 42939), 'category': 'Shampoo', 'id': 'tPp721134-337091-337092', 'prod_name': 'Aussie miracle shine shampoo', 'waitrose_Qty': '500ml', 'waitrose_discounted_price': '£6.00', 'waitrose_offer_desc': None, 'waitrose_url': 'https://www.waitrose.com/ecom/shop/browse/groceries/toiletries_health_and_beauty/hair_care/shampoo', 'waitrose_rating': None, 'waitrose_unit_price': '(£1.20/100ml)', 'waitrose_new_flag': None, 'waitrose_prod_name': 'Aussie miracle shine shampoo 500ml', 'images': []}
DEBUG: Scraped from <200 https://www.waitrose.com/ecom/shop/browse/groceries/toiletries_health_and_beauty/hair_care/shampoo>
{'client': 'Waitrose', 'time': datetime.datetime(2020, 9, 4, 15, 9, 48, 42939), 'category': 'Shampoo', 'id': 'tPp836383-271490-271491', 'prod_name': 'Head & Shoulders 2in1 citrus care', 'waitrose_Qty': '450ml', 'waitrose_discounted_price': '£5.15', 'waitrose_offer_desc': None, 'waitrose_url': 'https://www.waitrose.com/ecom/shop/browse/groceries/toiletries_health_and_beauty/hair_care/shampoo', 'waitrose_rating': None, 'waitrose_unit_price': '(£1.15/100ml)', 'waitrose_new_flag': None, 'waitrose_prod_name': 'Head & Shoulders 2in1 citrus care 450ml', 'images': []}
DEBUG: Scraped from <200 https://www.waitrose.com/ecom/shop/browse/groceries/toiletries_health_and_beauty/hair_care/shampoo>
{'client': 'Waitrose', 'time': datetime.datetime(2020, 9, 4, 15, 9, 48, 42939), 'category': 'Shampoo', 'id': 'tPp698673-735854-735855', 'prod_name': 'Pantene Pro V Rose Water Shampoo', 'waitrose_Qty': '225ml', 'waitrose_discounted_price': '£3.75', 'waitrose_offer_desc': None, 'waitrose_url': 'https://www.waitrose.com/ecom/shop/browse/groceries/toiletries_health_and_beauty/hair_care/shampoo', 'waitrose_rating': None, 'waitrose_unit_price': '(£1.67/100ml)', 'waitrose_new_flag': 'NEW', 'waitrose_prod_name': 'Pantene Pro V Rose Water Shampoo 225ml', 'images': []}
DEBUG: Scraped from <200 https://www.waitrose.com/ecom/shop/browse/groceries/toiletries_health_and_beauty/hair_care/shampoo>
{'client': 'Waitrose', 'time': datetime.datetime(2020, 9, 4, 15, 9, 48, 42939), 'category': 'Shampoo', 'id': 'tPp492090-729670-729671', 'prod_name': 'Percy & Reed Volumising Shampoo', 'waitrose_Qty': '250ml', 'waitrose_discounted_price': '£18.00', 'waitrose_offer_desc': None, 'waitrose_url': 'https://www.waitrose.com/ecom/shop/browse/groceries/toiletries_health_and_beauty/hair_care/shampoo', 'waitrose_rating': None, 'waitrose_unit_price': '(£7.20/100ml)', 'waitrose_new_flag': None, 'waitrose_prod_name': 'Percy & Reed Volumising Shampoo 250ml', 'images': []}
DEBUG: Scraped from <200 https://www.waitrose.com/ecom/shop/browse/groceries/toiletries_health_and_beauty/hair_care/shampoo>
{'client': 'Waitrose', 'time': datetime.datetime(2020, 9, 4, 15, 9, 48, 42939), 'category': 'Shampoo', 'id': 'tPp734002-695705-695706', 'prod_name': 'Percy & Reed Wonder Wash Shampoo', 'waitrose_Qty': '250ml', 'waitrose_discounted_price': '£18.00', 'waitrose_offer_desc': None, 'waitrose_url': 'https://www.waitrose.com/ecom/shop/browse/groceries/toiletries_health_and_beauty/hair_care/shampoo', 'waitrose_rating': '4.1', 'waitrose_unit_price': '(£7.20/100ml)', 'waitrose_new_flag': None, 'waitrose_prod_name': 'Percy & Reed Wonder Wash Shampoo 250ml', 'images': []}
DEBUG: Scraped from <200 https://www.waitrose.com/ecom/shop/browse/groceries/toiletries_health_and_beauty/hair_care/shampoo>
{'client': 'Waitrose', 'time': datetime.datetime(2020, 9, 4, 15, 9, 48, 42939), 'category': 'Shampoo', 'id': 'tPp567427-683666-683667', 'prod_name': 'Ogx Charcoal Detox Shampoo', 'waitrose_Qty': '385ml', 'waitrose_discounted_price': '£7.00', 'waitrose_offer_desc': None, 'waitrose_url': 'https://www.waitrose.com/ecom/shop/browse/groceries/toiletries_health_and_beauty/hair_care/shampoo', 'waitrose_rating': None, 'waitrose_unit_price': '(£1.82/100ml)', 'waitrose_new_flag': None, 'waitrose_prod_name': 'Ogx Charcoal Detox Shampoo 385ml', 'images': []}
DEBUG: Scraped from <200 https://www.waitrose.com/ecom/shop/browse/groceries/toiletries_health_and_beauty/hair_care/shampoo>
{'client': 'Waitrose', 'time': datetime.datetime(2020, 9, 4, 15, 9, 48, 42939), 'category': 'Shampoo', 'id': 'tPp591666-681031-681032', 'prod_name': 'Pure Grace Shower Gel', 'waitrose_Qty': '480ml', 'waitrose_discounted_price': '£19.50', 'waitrose_offer_desc': None, 'waitrose_url': 'https://www.waitrose.com/ecom/shop/browse/groceries/toiletries_health_and_beauty/hair_care/shampoo', 'waitrose_rating': None, 'waitrose_unit_price': '(£4.07/100ml)', 'waitrose_new_flag': None, 'waitrose_prod_name': 'Pure Grace Shower Gel 480ml', 'images': []}
DEBUG: Scraped from <200 https://www.waitrose.com/ecom/shop/browse/groceries/toiletries_health_and_beauty/hair_care/shampoo>
{'client': 'Waitrose', 'time': datetime.datetime(2020, 9, 4, 15, 9, 48, 42939), 'category': 'Shampoo', 'id': 'tPp401660-588303-588304', 'prod_name': 'Richard Ward Brunette Shampoo', 'waitrose_Qty': '250ml', 'waitrose_discounted_price': '£6.00', 'waitrose_offer_desc': None, 'waitrose_url': 'https://www.waitrose.com/ecom/shop/browse/groceries/toiletries_health_and_beauty/hair_care/shampoo', 'waitrose_rating': '5', 'waitrose_unit_price': '(£2.40/100ml)', 'waitrose_new_flag': None, 'waitrose_prod_name': 'Richard Ward Brunette Shampoo 250ml', 'images': []}
INFO: Closing spider (finished)
INFO: Stored json feed (140 items) in: waitrose_090420.json
INFO: Dumping Scrapy stats:
{'downloader/request_bytes': 2590,
 'downloader/request_count': 1,
 'downloader/request_method_count/POST': 1,
 'downloader/response_bytes': 1664385,
 'downloader/response_count': 1,
 'downloader/response_status_count/200': 1,
 'finish_reason': 'finished',
 'finish_time': datetime.datetime(2020, 9, 4, 9, 41, 26, 910579),
 'item_scraped_count': 140,
 'log_count/DEBUG': 141,
 'log_count/INFO': 11,
 'log_count/WARNING': 1,
 'response_received_count': 1,
 'scheduler/dequeued': 2,
 'scheduler/dequeued/memory': 2,
 'scheduler/enqueued': 2,
 'scheduler/enqueued/memory': 2,
 'splash/execute/request_count': 1,
 'splash/execute/response_count/200': 1,
 'start_time': datetime.datetime(2020, 9, 4, 9, 39, 48, 539866)}
INFO: Spider closed (finished)
INFO: Scrapy 1.6.0 started (bot: waitrose)
INFO: Versions: lxml 4.5.1.0, libxml2 2.9.10, cssselect 1.1.0, parsel 1.6.0, w3lib 1.22.0, Twisted 20.3.0, Python 3.7.7 (default, May  6 2020, 11:45:54) [MSC v.1916 64 bit (AMD64)], pyOpenSSL 19.1.0 (OpenSSL 1.1.1g  21 Apr 2020), cryptography 2.9.2, Platform Windows-10-10.0.18362-SP0
INFO: Overridden settings: {'BOT_NAME': 'waitrose', 'DOWNLOAD_TIMEOUT': 1200, 'DUPEFILTER_CLASS': 'scrapy_splash.SplashAwareDupeFilter', 'FEED_EXPORT_ENCODING': 'utf-8', 'FEED_FORMAT': 'json', 'FEED_URI': 'waitrose_090520.json', 'NEWSPIDER_MODULE': 'waitrose.spiders', 'SPIDER_MODULES': ['waitrose.spiders']}
INFO: Telnet Password: ec83ec5016c36bd3
INFO: Enabled extensions:
['scrapy.extensions.corestats.CoreStats',
 'scrapy.extensions.telnet.TelnetConsole',
 'scrapy.extensions.feedexport.FeedExporter',
 'scrapy.extensions.logstats.LogStats']
INFO: Enabled downloader middlewares:
['scrapy.downloadermiddlewares.httpauth.HttpAuthMiddleware',
 'scrapy.downloadermiddlewares.downloadtimeout.DownloadTimeoutMiddleware',
 'scrapy.downloadermiddlewares.defaultheaders.DefaultHeadersMiddleware',
 'scrapy.downloadermiddlewares.useragent.UserAgentMiddleware',
 'scrapy.downloadermiddlewares.retry.RetryMiddleware',
 'scrapy.downloadermiddlewares.redirect.MetaRefreshMiddleware',
 'scrapy.downloadermiddlewares.redirect.RedirectMiddleware',
 'scrapy.downloadermiddlewares.cookies.CookiesMiddleware',
 'scrapy_splash.SplashCookiesMiddleware',
 'scrapy_splash.SplashMiddleware',
 'scrapy.downloadermiddlewares.httpproxy.HttpProxyMiddleware',
 'scrapy.downloadermiddlewares.httpcompression.HttpCompressionMiddleware',
 'scrapy.downloadermiddlewares.stats.DownloaderStats']
INFO: Enabled spider middlewares:
['scrapy.spidermiddlewares.httperror.HttpErrorMiddleware',
 'scrapy_splash.SplashDeduplicateArgsMiddleware',
 'scrapy.spidermiddlewares.offsite.OffsiteMiddleware',
 'scrapy.spidermiddlewares.referer.RefererMiddleware',
 'scrapy.spidermiddlewares.urllength.UrlLengthMiddleware',
 'scrapy.spidermiddlewares.depth.DepthMiddleware']
INFO: Enabled item pipelines:
['waitrose.pipelines.ImageDownloaderPipeline',
 'waitrose.pipelines.SQLlitePipeline']
INFO: Spider opened
INFO: Crawled 0 pages (at 0 pages/min), scraped 0 items (at 0 items/min)
WARNING: C:\Users\sujithk\AppData\Local\Continuum\anaconda3\envs\Virtual_Env\lib\site-packages\scrapy\spidermiddlewares\offsite.py:61: URLWarning: allowed_domains accepts only domains, not URLs. Ignoring URL entry https://www.waitrose.com/ in allowed_domains.
  warnings.warn(message, URLWarning)

INFO: Telnet console listening on 127.0.0.1:6025
INFO: Crawled 0 pages (at 0 pages/min), scraped 0 items (at 0 items/min)
DEBUG: Crawled (200) <GET https://www.waitrose.com/ecom/shop/browse/groceries/toiletries_health_and_beauty/hair_care/shampoo via http://192.168.1.8:8050/execute> (referer: None)
DEBUG: Scraped from <200 https://www.waitrose.com/ecom/shop/browse/groceries/toiletries_health_and_beauty/hair_care/shampoo>
{'client': 'Waitrose', 'time': datetime.datetime(2020, 9, 5, 18, 26, 24, 911675), 'category': 'Shampoo', 'id': 'tPp096508-49364-49365', 'prod_name': 'Aussie Miracle Moist Shampoo', 'waitrose_Qty': '300ml', 'waitrose_discounted_price': '£2.05', 'waitrose_offer_desc': 'Half Price.', 'waitrose_url': 'https://www.waitrose.com/ecom/shop/browse/groceries/toiletries_health_and_beauty/hair_care/shampoo', 'waitrose_rating': '3.7', 'waitrose_unit_price': '(68.3p/100ml)', 'waitrose_new_flag': None, 'waitrose_prod_name': 'Aussie Miracle Moist Shampoo 300ml', 'images': []}
DEBUG: Scraped from <200 https://www.waitrose.com/ecom/shop/browse/groceries/toiletries_health_and_beauty/hair_care/shampoo>
{'client': 'Waitrose', 'time': datetime.datetime(2020, 9, 5, 18, 26, 24, 911675), 'category': 'Shampoo', 'id': 'tPp059421-29947-29948', 'prod_name': 'Aussie Aussome Volume Shampoo', 'waitrose_Qty': '300ml', 'waitrose_discounted_price': '£2.00', 'waitrose_offer_desc': 'Half Price.', 'waitrose_url': 'https://www.waitrose.com/ecom/shop/browse/groceries/toiletries_health_and_beauty/hair_care/shampoo', 'waitrose_rating': '5', 'waitrose_unit_price': '(66.7p/100ml)', 'waitrose_new_flag': None, 'waitrose_prod_name': 'Aussie Aussome Volume Shampoo 300ml', 'images': []}
DEBUG: Scraped from <200 https://www.waitrose.com/ecom/shop/browse/groceries/toiletries_health_and_beauty/hair_care/shampoo>
{'client': 'Waitrose', 'time': datetime.datetime(2020, 9, 5, 18, 26, 24, 911675), 'category': 'Shampoo', 'id': 'tPp096232-49248-49249', 'prod_name': 'Aussie Mega Shampoo', 'waitrose_Qty': '300ml', 'waitrose_discounted_price': '£2.05', 'waitrose_offer_desc': 'Half Price.', 'waitrose_url': 'https://www.waitrose.com/ecom/shop/browse/groceries/toiletries_health_and_beauty/hair_care/shampoo', 'waitrose_rating': '2.5', 'waitrose_unit_price': '(68.3p/100ml)', 'waitrose_new_flag': None, 'waitrose_prod_name': 'Aussie Mega Shampoo 300ml', 'images': []}
DEBUG: Scraped from <200 https://www.waitrose.com/ecom/shop/browse/groceries/toiletries_health_and_beauty/hair_care/shampoo>
{'client': 'Waitrose', 'time': datetime.datetime(2020, 9, 5, 18, 26, 24, 911675), 'category': 'Shampoo', 'id': 'tPp092708-47659-47660', 'prod_name': 'Vosene Original Shampoo', 'waitrose_Qty': '250ml', 'waitrose_discounted_price': '£1.36', 'waitrose_offer_desc': 'Save 1/3.', 'waitrose_url': 'https://www.waitrose.com/ecom/shop/browse/groceries/toiletries_health_and_beauty/hair_care/shampoo', 'waitrose_rating': '5', 'waitrose_unit_price': '(54.4p/100ml)', 'waitrose_new_flag': None, 'waitrose_prod_name': 'Vosene Original Shampoo 250ml', 'images': []}
DEBUG: Scraped from <200 https://www.waitrose.com/ecom/shop/browse/groceries/toiletries_health_and_beauty/hair_care/shampoo>
{'client': 'Waitrose', 'time': datetime.datetime(2020, 9, 5, 18, 26, 24, 911675), 'category': 'Shampoo', 'id': 'tPp092708-47659-47660', 'prod_name': 'Vosene Original Shampoo', 'waitrose_Qty': '250ml', 'waitrose_discounted_price': '£1.36', 'waitrose_offer_desc': 'Save 1/3.', 'waitrose_url': 'https://www.waitrose.com/ecom/shop/browse/groceries/toiletries_health_and_beauty/hair_care/shampoo', 'waitrose_rating': '5', 'waitrose_unit_price': '(54.4p/100ml)', 'waitrose_new_flag': None, 'waitrose_prod_name': 'Vosene Original Shampoo 250ml', 'images': []}
DEBUG: Scraped from <200 https://www.waitrose.com/ecom/shop/browse/groceries/toiletries_health_and_beauty/hair_care/shampoo>
{'client': 'Waitrose', 'time': datetime.datetime(2020, 9, 5, 18, 26, 24, 911675), 'category': 'Shampoo', 'id': 'tPp799806-683814-683815', 'prod_name': 'Tresemmé Shampoo Moisture Rich', 'waitrose_Qty': '800ml', 'waitrose_discounted_price': '£2.75', 'waitrose_offer_desc': 'Half Price.', 'waitrose_url': 'https://www.waitrose.com/ecom/shop/browse/groceries/toiletries_health_and_beauty/hair_care/shampoo', 'waitrose_rating': None, 'waitrose_unit_price': '(34.4p/100ml)', 'waitrose_new_flag': None, 'waitrose_prod_name': 'Tresemmé Shampoo Moisture Rich 800ml', 'images': []}
DEBUG: Scraped from <200 https://www.waitrose.com/ecom/shop/browse/groceries/toiletries_health_and_beauty/hair_care/shampoo>
{'client': 'Waitrose', 'time': datetime.datetime(2020, 9, 5, 18, 26, 24, 911675), 'category': 'Shampoo', 'id': 'tPp639145-337007-337008', 'prod_name': 'Tresemmé Shampoo Deep Cleansing', 'waitrose_Qty': '800ml', 'waitrose_discounted_price': '£2.75', 'waitrose_offer_desc': 'Half Price.', 'waitrose_url': 'https://www.waitrose.com/ecom/shop/browse/groceries/toiletries_health_and_beauty/hair_care/shampoo', 'waitrose_rating': '5', 'waitrose_unit_price': '(34.4p/100ml)', 'waitrose_new_flag': None, 'waitrose_prod_name': 'Tresemmé Shampoo Deep Cleansing 800ml', 'images': []}
DEBUG: Scraped from <200 https://www.waitrose.com/ecom/shop/browse/groceries/toiletries_health_and_beauty/hair_care/shampoo>
{'client': 'Waitrose', 'time': datetime.datetime(2020, 9, 5, 18, 26, 24, 911675), 'category': 'Shampoo', 'id': 'tPp083596-42439-42440', 'prod_name': 'Aussie Colour Mate Shampoo', 'waitrose_Qty': '300ml', 'waitrose_discounted_price': '£2.05', 'waitrose_offer_desc': 'Half Price.', 'waitrose_url': 'https://www.waitrose.com/ecom/shop/browse/groceries/toiletries_health_and_beauty/hair_care/shampoo', 'waitrose_rating': '5', 'waitrose_unit_price': '(68.3p/100ml)', 'waitrose_new_flag': None, 'waitrose_prod_name': 'Aussie Colour Mate Shampoo 300ml', 'images': []}
DEBUG: Scraped from <200 https://www.waitrose.com/ecom/shop/browse/groceries/toiletries_health_and_beauty/hair_care/shampoo>
{'client': 'Waitrose', 'time': datetime.datetime(2020, 9, 5, 18, 26, 24, 911675), 'category': 'Shampoo', 'id': 'tPp819563-729788-729789', 'prod_name': 'Aussie Blonde Purple Shampoo', 'waitrose_Qty': '290ml', 'waitrose_discounted_price': '£2.99', 'waitrose_offer_desc': 'Half Price.', 'waitrose_url': 'https://www.waitrose.com/ecom/shop/browse/groceries/toiletries_health_and_beauty/hair_care/shampoo', 'waitrose_rating': None, 'waitrose_unit_price': '(£1.04/100ml)', 'waitrose_new_flag': None, 'waitrose_prod_name': 'Aussie Blonde Purple Shampoo 290ml', 'images': []}
DEBUG: Scraped from <200 https://www.waitrose.com/ecom/shop/browse/groceries/toiletries_health_and_beauty/hair_care/shampoo>
{'client': 'Waitrose', 'time': datetime.datetime(2020, 9, 5, 18, 26, 24, 911675), 'category': 'Shampoo', 'id': 'tPp575547-494836-494837', 'prod_name': 'DGJ Thickening Shampoo', 'waitrose_Qty': '250ml', 'waitrose_discounted_price': '£2.50', 'waitrose_offer_desc': 'Half Price.', 'waitrose_url': 'https://www.waitrose.com/ecom/shop/browse/groceries/toiletries_health_and_beauty/hair_care/shampoo', 'waitrose_rating': '5', 'waitrose_unit_price': '(£1/100ml)', 'waitrose_new_flag': None, 'waitrose_prod_name': 'DGJ Thickening Shampoo 250ml', 'images': []}
DEBUG: Scraped from <200 https://www.waitrose.com/ecom/shop/browse/groceries/toiletries_health_and_beauty/hair_care/shampoo>
{'client': 'Waitrose', 'time': datetime.datetime(2020, 9, 5, 18, 26, 24, 911675), 'category': 'Shampoo', 'id': 'tPp011495-5706-5707', 'prod_name': 'John Frieda Shampoo Touchably Full', 'waitrose_Qty': '250ml', 'waitrose_discounted_price': '£3.99', 'waitrose_offer_desc': 'Save 1/3.', 'waitrose_url': 'https://www.waitrose.com/ecom/shop/browse/groceries/toiletries_health_and_beauty/hair_care/shampoo', 'waitrose_rating': '4', 'waitrose_unit_price': '(£1.60/100ml)', 'waitrose_new_flag': None, 'waitrose_prod_name': 'John Frieda Shampoo Touchably Full 250ml', 'images': []}
DEBUG: Scraped from <200 https://www.waitrose.com/ecom/shop/browse/groceries/toiletries_health_and_beauty/hair_care/shampoo>
{'client': 'Waitrose', 'time': datetime.datetime(2020, 9, 5, 18, 26, 24, 911675), 'category': 'Shampoo', 'id': 'tPp364793-255761-255762', 'prod_name': 'Aussie Miracle Shine Shampoo', 'waitrose_Qty': '300ml', 'waitrose_discounted_price': '£2.00', 'waitrose_offer_desc': 'Half Price.', 'waitrose_url': 'https://www.waitrose.com/ecom/shop/browse/groceries/toiletries_health_and_beauty/hair_care/shampoo', 'waitrose_rating': None, 'waitrose_unit_price': '(66.7p/100ml)', 'waitrose_new_flag': None, 'waitrose_prod_name': 'Aussie Miracle Shine Shampoo 300ml', 'images': []}
DEBUG: Scraped from <200 https://www.waitrose.com/ecom/shop/browse/groceries/toiletries_health_and_beauty/hair_care/shampoo>
{'client': 'Waitrose', 'time': datetime.datetime(2020, 9, 5, 18, 26, 24, 911675), 'category': 'Shampoo', 'id': 'tPp819340-720339-720340', 'prod_name': 'Head & Shoulders Supreme Shampoo', 'waitrose_Qty': '400ml', 'waitrose_discounted_price': '£3.33', 'waitrose_offer_desc': 'Save 1/3.', 'waitrose_url': 'https://www.waitrose.com/ecom/shop/browse/groceries/toiletries_health_and_beauty/hair_care/shampoo', 'waitrose_rating': None, 'waitrose_unit_price': '(83.3p/100ml)', 'waitrose_new_flag': None, 'waitrose_prod_name': 'Head & Shoulders Supreme Shampoo 400ml', 'images': []}
DEBUG: Scraped from <200 https://www.waitrose.com/ecom/shop/browse/groceries/toiletries_health_and_beauty/hair_care/shampoo>
{'client': 'Waitrose', 'time': datetime.datetime(2020, 9, 5, 18, 26, 24, 911675), 'category': 'Shampoo', 'id': 'tPp433216-720111-720112', 'prod_name': 'John Frieda Hydrate & Recharge Shampoo', 'waitrose_Qty': '250ml', 'waitrose_discounted_price': '£3.99', 'waitrose_offer_desc': 'Save 1/3.', 'waitrose_url': 'https://www.waitrose.com/ecom/shop/browse/groceries/toiletries_health_and_beauty/hair_care/shampoo', 'waitrose_rating': None, 'waitrose_unit_price': '(£1.60/100ml)', 'waitrose_new_flag': None, 'waitrose_prod_name': 'John Frieda Hydrate & Recharge Shampoo 250ml', 'images': []}
DEBUG: Scraped from <200 https://www.waitrose.com/ecom/shop/browse/groceries/toiletries_health_and_beauty/hair_care/shampoo>
{'client': 'Waitrose', 'time': datetime.datetime(2020, 9, 5, 18, 26, 24, 911675), 'category': 'Shampoo', 'id': 'tPp595050-720203-720204', 'prod_name': 'Herbal Essences Coconut Shampoo', 'waitrose_Qty': '250ml', 'waitrose_discounted_price': '£2.00', 'waitrose_offer_desc': 'Save 1/3.', 'waitrose_url': 'https://www.waitrose.com/ecom/shop/browse/groceries/toiletries_health_and_beauty/hair_care/shampoo', 'waitrose_rating': None, 'waitrose_unit_price': '(80p/100ml)', 'waitrose_new_flag': None, 'waitrose_prod_name': 'Herbal Essences Coconut Shampoo 250ml', 'images': []}
DEBUG: Scraped from <200 https://www.waitrose.com/ecom/shop/browse/groceries/toiletries_health_and_beauty/hair_care/shampoo>
{'client': 'Waitrose', 'time': datetime.datetime(2020, 9, 5, 18, 26, 24, 911675), 'category': 'Shampoo', 'id': 'tPp747801-683764-683765', 'prod_name': 'Aussie Shampoo Scent-sational', 'waitrose_Qty': '300ml', 'waitrose_discounted_price': '£2.00', 'waitrose_offer_desc': 'Half Price.', 'waitrose_url': 'https://www.waitrose.com/ecom/shop/browse/groceries/toiletries_health_and_beauty/hair_care/shampoo', 'waitrose_rating': '5', 'waitrose_unit_price': '(66.7p/100ml)', 'waitrose_new_flag': None, 'waitrose_prod_name': 'Aussie Shampoo Scent-sational 300ml', 'images': []}
DEBUG: Scraped from <200 https://www.waitrose.com/ecom/shop/browse/groceries/toiletries_health_and_beauty/hair_care/shampoo>
{'client': 'Waitrose', 'time': datetime.datetime(2020, 9, 5, 18, 26, 24, 911675), 'category': 'Shampoo', 'id': 'tPp610920-86669-86670', 'prod_name': 'Sheer Blonde Go Blonder Shampoo', 'waitrose_Qty': '250ml', 'waitrose_discounted_price': '£3.99', 'waitrose_offer_desc': 'Save 1/3.', 'waitrose_url': 'https://www.waitrose.com/ecom/shop/browse/groceries/toiletries_health_and_beauty/hair_care/shampoo', 'waitrose_rating': '3.5', 'waitrose_unit_price': '(£1.60/100ml)', 'waitrose_new_flag': None, 'waitrose_prod_name': 'Sheer Blonde Go Blonder Shampoo 250ml', 'images': []}
DEBUG: Scraped from <200 https://www.waitrose.com/ecom/shop/browse/groceries/toiletries_health_and_beauty/hair_care/shampoo>
{'client': 'Waitrose', 'time': datetime.datetime(2020, 9, 5, 18, 26, 24, 911675), 'category': 'Shampoo', 'id': 'tPp538896-720173-720174', 'prod_name': 'Herbal Essences Argan Oil Shampoo', 'waitrose_Qty': '250ml', 'waitrose_discounted_price': '£2.00', 'waitrose_offer_desc': 'Save 1/3.', 'waitrose_url': 'https://www.waitrose.com/ecom/shop/browse/groceries/toiletries_health_and_beauty/hair_care/shampoo', 'waitrose_rating': None, 'waitrose_unit_price': '(80p/100ml)', 'waitrose_new_flag': None, 'waitrose_prod_name': 'Herbal Essences Argan Oil Shampoo 250ml', 'images': []}
DEBUG: Scraped from <200 https://www.waitrose.com/ecom/shop/browse/groceries/toiletries_health_and_beauty/hair_care/shampoo>
{'client': 'Waitrose', 'time': datetime.datetime(2020, 9, 5, 18, 26, 24, 911675), 'category': 'Shampoo', 'id': 'tPp775870-724036-724037', 'prod_name': 'Faith in Nature Wild Rose Shampoo', 'waitrose_Qty': '400ml', 'waitrose_discounted_price': '£3.86', 'waitrose_offer_desc': 'Save 1/3.', 'waitrose_url': 'https://www.waitrose.com/ecom/shop/browse/groceries/toiletries_health_and_beauty/hair_care/shampoo', 'waitrose_rating': '5', 'waitrose_unit_price': '(96.5p/100ml)', 'waitrose_new_flag': None, 'waitrose_prod_name': 'Faith in Nature Wild Rose Shampoo 400ml', 'images': []}
DEBUG: Scraped from <200 https://www.waitrose.com/ecom/shop/browse/groceries/toiletries_health_and_beauty/hair_care/shampoo>
{'client': 'Waitrose', 'time': datetime.datetime(2020, 9, 5, 18, 26, 24, 911675), 'category': 'Shampoo', 'id': 'tPp494340-69860-69861', 'prod_name': "Neal's Yard Rose Shampoo", 'waitrose_Qty': '200ml', 'waitrose_discounted_price': '£7.66', 'waitrose_offer_desc': 'Save 1/3.', 'waitrose_url': 'https://www.waitrose.com/ecom/shop/browse/groceries/toiletries_health_and_beauty/hair_care/shampoo', 'waitrose_rating': '3.1', 'waitrose_unit_price': '(£3.83/100ml)', 'waitrose_new_flag': None, 'waitrose_prod_name': "Neal's Yard Rose Shampoo 200ml", 'images': []}
DEBUG: Scraped from <200 https://www.waitrose.com/ecom/shop/browse/groceries/toiletries_health_and_beauty/hair_care/shampoo>
{'client': 'Waitrose', 'time': datetime.datetime(2020, 9, 5, 18, 26, 24, 911675), 'category': 'Shampoo', 'id': 'tPp871494-495182-495183', 'prod_name': 'DGJ Hairjuice Shampoo', 'waitrose_Qty': '250ml', 'waitrose_discounted_price': '£2.50', 'waitrose_offer_desc': 'Half Price.', 'waitrose_url': 'https://www.waitrose.com/ecom/shop/browse/groceries/toiletries_health_and_beauty/hair_care/shampoo', 'waitrose_rating': '5', 'waitrose_unit_price': '(£1/100ml)', 'waitrose_new_flag': None, 'waitrose_prod_name': 'DGJ Hairjuice Shampoo 250ml', 'images': []}
DEBUG: Scraped from <200 https://www.waitrose.com/ecom/shop/browse/groceries/toiletries_health_and_beauty/hair_care/shampoo>
{'client': 'Waitrose', 'time': datetime.datetime(2020, 9, 5, 18, 26, 24, 911675), 'category': 'Shampoo', 'id': 'tPp701301-99532-99533', 'prod_name': 'Essential Daily Care Shampoo', 'waitrose_Qty': '300ml', 'waitrose_discounted_price': '80p', 'waitrose_offer_desc': None, 'waitrose_url': 'https://www.waitrose.com/ecom/shop/browse/groceries/toiletries_health_and_beauty/hair_care/shampoo', 'waitrose_rating': '4.1', 'waitrose_unit_price': '(26.7p/100ml)', 'waitrose_new_flag': None, 'waitrose_prod_name': 'Essential Daily Care Shampoo 300ml', 'images': []}
DEBUG: Scraped from <200 https://www.waitrose.com/ecom/shop/browse/groceries/toiletries_health_and_beauty/hair_care/shampoo>
{'client': 'Waitrose', 'time': datetime.datetime(2020, 9, 5, 18, 26, 24, 911675), 'category': 'Shampoo', 'id': 'tPp535961-75786-75787', 'prod_name': 'essential Waitrose Nourishing Shampoo', 'waitrose_Qty': '300ml', 'waitrose_discounted_price': '80p', 'waitrose_offer_desc': None, 'waitrose_url': 'https://www.waitrose.com/ecom/shop/browse/groceries/toiletries_health_and_beauty/hair_care/shampoo', 'waitrose_rating': '4.3', 'waitrose_unit_price': '(26.7p/100ml)', 'waitrose_new_flag': None, 'waitrose_prod_name': 'essential Waitrose Nourishing Shampoo 300ml', 'images': []}
DEBUG: Scraped from <200 https://www.waitrose.com/ecom/shop/browse/groceries/toiletries_health_and_beauty/hair_care/shampoo>
{'client': 'Waitrose', 'time': datetime.datetime(2020, 9, 5, 18, 26, 24, 911675), 'category': 'Shampoo', 'id': 'tPp833802-337290-337291', 'prod_name': 'Aussie Miracle Moist Spray', 'waitrose_Qty': '250ml', 'waitrose_discounted_price': '£2.57', 'waitrose_offer_desc': 'Half Price.', 'waitrose_url': 'https://www.waitrose.com/ecom/shop/browse/groceries/toiletries_health_and_beauty/hair_care/shampoo', 'waitrose_rating': None, 'waitrose_unit_price': '(£1.03/100ml)', 'waitrose_new_flag': None, 'waitrose_prod_name': 'Aussie Miracle Moist Spray 250ml', 'images': []}
DEBUG: Scraped from <200 https://www.waitrose.com/ecom/shop/browse/groceries/toiletries_health_and_beauty/hair_care/shampoo>
{'client': 'Waitrose', 'time': datetime.datetime(2020, 9, 5, 18, 26, 24, 911675), 'category': 'Shampoo', 'id': 'tPp563832-295347-295348', 'prod_name': 'Argan + Argan Oil 5Oil Miracle Shampoo', 'waitrose_Qty': '300ml', 'waitrose_discounted_price': '£4.00', 'waitrose_offer_desc': 'Save 1/3.', 'waitrose_url': 'https://www.waitrose.com/ecom/shop/browse/groceries/toiletries_health_and_beauty/hair_care/shampoo', 'waitrose_rating': '5', 'waitrose_unit_price': '(£1.34/100ml)', 'waitrose_new_flag': None, 'waitrose_prod_name': 'Argan + Argan Oil 5Oil Miracle Shampoo 300ml', 'images': []}
DEBUG: Scraped from <200 https://www.waitrose.com/ecom/shop/browse/groceries/toiletries_health_and_beauty/hair_care/shampoo>
{'client': 'Waitrose', 'time': datetime.datetime(2020, 9, 5, 18, 26, 24, 911675), 'category': 'Shampoo', 'id': 'tPp502437-720153-720154', 'prod_name': 'Aussie Calm The Frizz Shampoo', 'waitrose_Qty': '300ml', 'waitrose_discounted_price': '£2.00', 'waitrose_offer_desc': 'Half Price.', 'waitrose_url': 'https://www.waitrose.com/ecom/shop/browse/groceries/toiletries_health_and_beauty/hair_care/shampoo', 'waitrose_rating': None, 'waitrose_unit_price': '(66.7p/100ml)', 'waitrose_new_flag': None, 'waitrose_prod_name': 'Aussie Calm The Frizz Shampoo 300ml', 'images': []}
DEBUG: Scraped from <200 https://www.waitrose.com/ecom/shop/browse/groceries/toiletries_health_and_beauty/hair_care/shampoo>
{'client': 'Waitrose', 'time': datetime.datetime(2020, 9, 5, 18, 26, 24, 911675), 'category': 'Shampoo', 'id': 'tPp425124-59787-59788', 'prod_name': 'Brilliant Brunette Protecting Shampoo', 'waitrose_Qty': '250ml', 'waitrose_discounted_price': '£3.99', 'waitrose_offer_desc': 'Save 1/3.', 'waitrose_url': 'https://www.waitrose.com/ecom/shop/browse/groceries/toiletries_health_and_beauty/hair_care/shampoo', 'waitrose_rating': None, 'waitrose_unit_price': '(£1.60/100ml)', 'waitrose_new_flag': None, 'waitrose_prod_name': 'Brilliant Brunette Protecting Shampoo 250ml', 'images': []}
DEBUG: Scraped from <200 https://www.waitrose.com/ecom/shop/browse/groceries/toiletries_health_and_beauty/hair_care/shampoo>
{'client': 'Waitrose', 'time': datetime.datetime(2020, 9, 5, 18, 26, 24, 911675), 'category': 'Shampoo', 'id': 'tPp425163-526469-526470', 'prod_name': 'Frizz Ease Shampoo Miraculous Recovery', 'waitrose_Qty': '250ml', 'waitrose_discounted_price': '£3.99', 'waitrose_offer_desc': 'Save 1/3.', 'waitrose_url': 'https://www.waitrose.com/ecom/shop/browse/groceries/toiletries_health_and_beauty/hair_care/shampoo', 'waitrose_rating': None, 'waitrose_unit_price': '(£1.60/100ml)', 'waitrose_new_flag': None, 'waitrose_prod_name': 'Frizz Ease Shampoo Miraculous Recovery 250ml', 'images': []}
DEBUG: Scraped from <200 https://www.waitrose.com/ecom/shop/browse/groceries/toiletries_health_and_beauty/hair_care/shampoo>
{'client': 'Waitrose', 'time': datetime.datetime(2020, 9, 5, 18, 26, 24, 911675), 'category': 'Shampoo', 'id': 'tPp895328-495224-495225', 'prod_name': 'DGJ Kids Detangle Shampoo', 'waitrose_Qty': '250ml', 'waitrose_discounted_price': '£1.75', 'waitrose_offer_desc': 'Half Price.', 'waitrose_url': 'https://www.waitrose.com/ecom/shop/browse/groceries/toiletries_health_and_beauty/hair_care/shampoo', 'waitrose_rating': '5', 'waitrose_unit_price': '(70p/100ml)', 'waitrose_new_flag': None, 'waitrose_prod_name': 'DGJ Kids Detangle Shampoo 250ml', 'images': []}
DEBUG: Scraped from <200 https://www.waitrose.com/ecom/shop/browse/groceries/toiletries_health_and_beauty/hair_care/shampoo>
{'client': 'Waitrose', 'time': datetime.datetime(2020, 9, 5, 18, 26, 24, 911675), 'category': 'Shampoo', 'id': 'tPp639366-90822-90823', 'prod_name': 'Head & Shoulders Shampoo Classic', 'waitrose_Qty': '500ml', 'waitrose_discounted_price': '£5.15', 'waitrose_offer_desc': None, 'waitrose_url': 'https://www.waitrose.com/ecom/shop/browse/groceries/toiletries_health_and_beauty/hair_care/shampoo', 'waitrose_rating': '3.5', 'waitrose_unit_price': '(£1.03/100ml)', 'waitrose_new_flag': None, 'waitrose_prod_name': 'Head & Shoulders Shampoo Classic 500ml', 'images': []}
DEBUG: Scraped from <200 https://www.waitrose.com/ecom/shop/browse/groceries/toiletries_health_and_beauty/hair_care/shampoo>
{'client': 'Waitrose', 'time': datetime.datetime(2020, 9, 5, 18, 26, 24, 911675), 'category': 'Shampoo', 'id': 'tPp583946-82773-82774', 'prod_name': "Neal's Yard Lavender Shampoo", 'waitrose_Qty': '200ml', 'waitrose_discounted_price': '£7.66', 'waitrose_offer_desc': 'Save 1/3.', 'waitrose_url': 'https://www.waitrose.com/ecom/shop/browse/groceries/toiletries_health_and_beauty/hair_care/shampoo', 'waitrose_rating': '2.3', 'waitrose_unit_price': '(£3.83/100ml)', 'waitrose_new_flag': None, 'waitrose_prod_name': "Neal's Yard Lavender Shampoo 200ml", 'images': []}
DEBUG: Scraped from <200 https://www.waitrose.com/ecom/shop/browse/groceries/toiletries_health_and_beauty/hair_care/shampoo>
{'client': 'Waitrose', 'time': datetime.datetime(2020, 9, 5, 18, 26, 24, 911675), 'category': 'Shampoo', 'id': 'tPp847454-724141-724142', 'prod_name': 'Faith in Nature Grapefruit Shampoo', 'waitrose_Qty': '400ml', 'waitrose_discounted_price': '£3.86', 'waitrose_offer_desc': 'Save 1/3.', 'waitrose_url': 'https://www.waitrose.com/ecom/shop/browse/groceries/toiletries_health_and_beauty/hair_care/shampoo', 'waitrose_rating': None, 'waitrose_unit_price': '(96.5p/100ml)', 'waitrose_new_flag': None, 'waitrose_prod_name': 'Faith in Nature Grapefruit Shampoo 400ml', 'images': []}
DEBUG: Scraped from <200 https://www.waitrose.com/ecom/shop/browse/groceries/toiletries_health_and_beauty/hair_care/shampoo>
{'client': 'Waitrose', 'time': datetime.datetime(2020, 9, 5, 18, 26, 24, 911675), 'category': 'Shampoo', 'id': 'tPp065299-33095-33096', 'prod_name': 'Frizz Ease Dream Curls Shampoo', 'waitrose_Qty': '250ml', 'waitrose_discounted_price': '£3.99', 'waitrose_offer_desc': 'Save 1/3.', 'waitrose_url': 'https://www.waitrose.com/ecom/shop/browse/groceries/toiletries_health_and_beauty/hair_care/shampoo', 'waitrose_rating': '5', 'waitrose_unit_price': '(£1.60/100ml)', 'waitrose_new_flag': None, 'waitrose_prod_name': 'Frizz Ease Dream Curls Shampoo 250ml', 'images': []}
DEBUG: Scraped from <200 https://www.waitrose.com/ecom/shop/browse/groceries/toiletries_health_and_beauty/hair_care/shampoo>
{'client': 'Waitrose', 'time': datetime.datetime(2020, 9, 5, 18, 26, 24, 911675), 'category': 'Shampoo', 'id': 'tPp702159-494964-494965', 'prod_name': 'DGJ Argan Oil Shampoo', 'waitrose_Qty': '250ml', 'waitrose_discounted_price': '£2.50', 'waitrose_offer_desc': 'Half Price.', 'waitrose_url': 'https://www.waitrose.com/ecom/shop/browse/groceries/toiletries_health_and_beauty/hair_care/shampoo', 'waitrose_rating': None, 'waitrose_unit_price': '(£1/100ml)', 'waitrose_new_flag': None, 'waitrose_prod_name': 'DGJ Argan Oil Shampoo 250ml', 'images': []}
DEBUG: Scraped from <200 https://www.waitrose.com/ecom/shop/browse/groceries/toiletries_health_and_beauty/hair_care/shampoo>
{'client': 'Waitrose', 'time': datetime.datetime(2020, 9, 5, 18, 26, 24, 911675), 'category': 'Shampoo', 'id': 'tPp414862-695397-695398', 'prod_name': 'Noughty Wave Hello Shampoo', 'waitrose_Qty': '250ml', 'waitrose_discounted_price': '£4.66', 'waitrose_offer_desc': 'Save 1/3.', 'waitrose_url': 'https://www.waitrose.com/ecom/shop/browse/groceries/toiletries_health_and_beauty/hair_care/shampoo', 'waitrose_rating': None, 'waitrose_unit_price': '(£1.87/100ml)', 'waitrose_new_flag': None, 'waitrose_prod_name': 'Noughty Wave Hello Shampoo 250ml', 'images': []}
DEBUG: Scraped from <200 https://www.waitrose.com/ecom/shop/browse/groceries/toiletries_health_and_beauty/hair_care/shampoo>
{'client': 'Waitrose', 'time': datetime.datetime(2020, 9, 5, 18, 26, 24, 911675), 'category': 'Shampoo', 'id': 'tPp745828-495012-495013', 'prod_name': 'DGJ Kids Lice Repel Shampoo', 'waitrose_Qty': '250ml', 'waitrose_discounted_price': '£1.75', 'waitrose_offer_desc': 'Half Price.', 'waitrose_url': 'https://www.waitrose.com/ecom/shop/browse/groceries/toiletries_health_and_beauty/hair_care/shampoo', 'waitrose_rating': None, 'waitrose_unit_price': '(70p/100ml)', 'waitrose_new_flag': None, 'waitrose_prod_name': 'DGJ Kids Lice Repel Shampoo 250ml', 'images': []}
DEBUG: Scraped from <200 https://www.waitrose.com/ecom/shop/browse/groceries/toiletries_health_and_beauty/hair_care/shampoo>
{'client': 'Waitrose', 'time': datetime.datetime(2020, 9, 5, 18, 26, 24, 911675), 'category': 'Shampoo', 'id': 'tPp755186-495024-495025', 'prod_name': 'DGJ Colour Save Shampoo', 'waitrose_Qty': '250ml', 'waitrose_discounted_price': '£2.50', 'waitrose_offer_desc': 'Half Price.', 'waitrose_url': 'https://www.waitrose.com/ecom/shop/browse/groceries/toiletries_health_and_beauty/hair_care/shampoo', 'waitrose_rating': None, 'waitrose_unit_price': '(£1/100ml)', 'waitrose_new_flag': None, 'waitrose_prod_name': 'DGJ Colour Save Shampoo 250ml', 'images': []}
DEBUG: Scraped from <200 https://www.waitrose.com/ecom/shop/browse/groceries/toiletries_health_and_beauty/hair_care/shampoo>
{'client': 'Waitrose', 'time': datetime.datetime(2020, 9, 5, 18, 26, 24, 911675), 'category': 'Shampoo', 'id': 'tPp810201-352482-352483', 'prod_name': 'Essential Daily Care 2 in 1', 'waitrose_Qty': '300ml', 'waitrose_discounted_price': '80p', 'waitrose_offer_desc': None, 'waitrose_url': 'https://www.waitrose.com/ecom/shop/browse/groceries/toiletries_health_and_beauty/hair_care/shampoo', 'waitrose_rating': '4.3', 'waitrose_unit_price': '(26.7p/100ml)', 'waitrose_new_flag': None, 'waitrose_prod_name': 'Essential Daily Care 2 in 1 300ml', 'images': []}
DEBUG: Scraped from <200 https://www.waitrose.com/ecom/shop/browse/groceries/toiletries_health_and_beauty/hair_care/shampoo>
{'client': 'Waitrose', 'time': datetime.datetime(2020, 9, 5, 18, 26, 24, 911675), 'category': 'Shampoo', 'id': 'tPp735040-695707-695708', 'prod_name': 'Vosene Kids 3in1 Tea Tree Shampoo', 'waitrose_Qty': '250ml', 'waitrose_discounted_price': '£1.66', 'waitrose_offer_desc': 'Save 1/3.', 'waitrose_url': 'https://www.waitrose.com/ecom/shop/browse/groceries/toiletries_health_and_beauty/hair_care/shampoo', 'waitrose_rating': None, 'waitrose_unit_price': '(66.4p/100ml)', 'waitrose_new_flag': None, 'waitrose_prod_name': 'Vosene Kids 3in1 Tea Tree Shampoo 250ml', 'images': []}
DEBUG: Scraped from <200 https://www.waitrose.com/ecom/shop/browse/groceries/toiletries_health_and_beauty/hair_care/shampoo>
{'client': 'Waitrose', 'time': datetime.datetime(2020, 9, 5, 18, 26, 24, 911675), 'category': 'Shampoo', 'id': 'tPp402915-526384-526385', 'prod_name': 'John Frieda Violet Crush Shampoo', 'waitrose_Qty': '250ml', 'waitrose_discounted_price': '£3.99', 'waitrose_offer_desc': 'Save 1/3.', 'waitrose_url': 'https://www.waitrose.com/ecom/shop/browse/groceries/toiletries_health_and_beauty/hair_care/shampoo', 'waitrose_rating': '5', 'waitrose_unit_price': '(£1.60/100ml)', 'waitrose_new_flag': None, 'waitrose_prod_name': 'John Frieda Violet Crush Shampoo 250ml', 'images': []}
DEBUG: Scraped from <200 https://www.waitrose.com/ecom/shop/browse/groceries/toiletries_health_and_beauty/hair_care/shampoo>
{'client': 'Waitrose', 'time': datetime.datetime(2020, 9, 5, 18, 26, 24, 911675), 'category': 'Shampoo', 'id': 'tPp725068-723986-723987', 'prod_name': 'Faith in Nature Lavender Shampoo', 'waitrose_Qty': '400ml', 'waitrose_discounted_price': '£3.86', 'waitrose_offer_desc': 'Save 1/3.', 'waitrose_url': 'https://www.waitrose.com/ecom/shop/browse/groceries/toiletries_health_and_beauty/hair_care/shampoo', 'waitrose_rating': None, 'waitrose_unit_price': '(96.5p/100ml)', 'waitrose_new_flag': None, 'waitrose_prod_name': 'Faith in Nature Lavender Shampoo 400ml', 'images': []}
DEBUG: Scraped from <200 https://www.waitrose.com/ecom/shop/browse/groceries/toiletries_health_and_beauty/hair_care/shampoo>
{'client': 'Waitrose', 'time': datetime.datetime(2020, 9, 5, 18, 26, 24, 911675), 'category': 'Shampoo', 'id': 'tPp657721-694179-694180', 'prod_name': 'Pantene 3 in 1 Classic Clean', 'waitrose_Qty': '450ml', 'waitrose_discounted_price': '£3.75', 'waitrose_offer_desc': None, 'waitrose_url': 'https://www.waitrose.com/ecom/shop/browse/groceries/toiletries_health_and_beauty/hair_care/shampoo', 'waitrose_rating': None, 'waitrose_unit_price': '(83.3p/100ml)', 'waitrose_new_flag': None, 'waitrose_prod_name': 'Pantene 3 in 1 Classic Clean 450ml', 'images': []}
DEBUG: Scraped from <200 https://www.waitrose.com/ecom/shop/browse/groceries/toiletries_health_and_beauty/hair_care/shampoo>
{'client': 'Waitrose', 'time': datetime.datetime(2020, 9, 5, 18, 26, 24, 911675), 'category': 'Shampoo', 'id': 'tPp051100-25409-25410', 'prod_name': 'Sheer Blonde Moisturising Shampoo', 'waitrose_Qty': '250ml', 'waitrose_discounted_price': '£3.99', 'waitrose_offer_desc': 'Save 1/3.', 'waitrose_url': 'https://www.waitrose.com/ecom/shop/browse/groceries/toiletries_health_and_beauty/hair_care/shampoo', 'waitrose_rating': '3', 'waitrose_unit_price': '(£1.60/100ml)', 'waitrose_new_flag': None, 'waitrose_prod_name': 'Sheer Blonde Moisturising Shampoo 250ml', 'images': []}
DEBUG: Scraped from <200 https://www.waitrose.com/ecom/shop/browse/groceries/toiletries_health_and_beauty/hair_care/shampoo>
{'client': 'Waitrose', 'time': datetime.datetime(2020, 9, 5, 18, 26, 24, 911675), 'category': 'Shampoo', 'id': 'tPp435635-694165-694166', 'prod_name': 'Pantene Classic Clean Shampoo', 'waitrose_Qty': '500ml', 'waitrose_discounted_price': '£5.15', 'waitrose_offer_desc': None, 'waitrose_url': 'https://www.waitrose.com/ecom/shop/browse/groceries/toiletries_health_and_beauty/hair_care/shampoo', 'waitrose_rating': None, 'waitrose_unit_price': '(£1.03/100ml)', 'waitrose_new_flag': None, 'waitrose_prod_name': 'Pantene Classic Clean Shampoo 500ml', 'images': []}
DEBUG: Scraped from <200 https://www.waitrose.com/ecom/shop/browse/groceries/toiletries_health_and_beauty/hair_care/shampoo>
{'client': 'Waitrose', 'time': datetime.datetime(2020, 9, 5, 18, 26, 24, 911675), 'category': 'Shampoo', 'id': 'tPp687186-337057-337058', 'prod_name': 'Argan + Argan Oil Rejuvenating Shampoo', 'waitrose_Qty': '300ml', 'waitrose_discounted_price': '£4.00', 'waitrose_offer_desc': 'Save 1/3.', 'waitrose_url': 'https://www.waitrose.com/ecom/shop/browse/groceries/toiletries_health_and_beauty/hair_care/shampoo', 'waitrose_rating': '5', 'waitrose_unit_price': '(£1.34/100ml)', 'waitrose_new_flag': None, 'waitrose_prod_name': 'Argan + Argan Oil Rejuvenating Shampoo 300ml', 'images': []}
DEBUG: Scraped from <200 https://www.waitrose.com/ecom/shop/browse/groceries/toiletries_health_and_beauty/hair_care/shampoo>
{'client': 'Waitrose', 'time': datetime.datetime(2020, 9, 5, 18, 26, 24, 911675), 'category': 'Shampoo', 'id': 'tPp844892-695845-695846', 'prod_name': 'Head & Shoulders Colour Protect', 'waitrose_Qty': '400ml', 'waitrose_discounted_price': '£3.33', 'waitrose_offer_desc': 'Save 1/3.', 'waitrose_url': 'https://www.waitrose.com/ecom/shop/browse/groceries/toiletries_health_and_beauty/hair_care/shampoo', 'waitrose_rating': None, 'waitrose_unit_price': '(83.3p/100ml)', 'waitrose_new_flag': None, 'waitrose_prod_name': 'Head & Shoulders Colour Protect 400ml', 'images': []}
DEBUG: Scraped from <200 https://www.waitrose.com/ecom/shop/browse/groceries/toiletries_health_and_beauty/hair_care/shampoo>
{'client': 'Waitrose', 'time': datetime.datetime(2020, 9, 5, 18, 26, 24, 911675), 'category': 'Shampoo', 'id': 'tPp725372-631511-631512', 'prod_name': 'Hask Moni Coconut Oil Shampoo', 'waitrose_Qty': '355ml', 'waitrose_discounted_price': '£4.66', 'waitrose_offer_desc': 'Save 1/3.', 'waitrose_url': 'https://www.waitrose.com/ecom/shop/browse/groceries/toiletries_health_and_beauty/hair_care/shampoo', 'waitrose_rating': None, 'waitrose_unit_price': '(£1.32/100ml)', 'waitrose_new_flag': None, 'waitrose_prod_name': 'Hask Moni Coconut Oil Shampoo 355ml', 'images': []}
DEBUG: Scraped from <200 https://www.waitrose.com/ecom/shop/browse/groceries/toiletries_health_and_beauty/hair_care/shampoo>
{'client': 'Waitrose', 'time': datetime.datetime(2020, 9, 5, 18, 26, 24, 911675), 'category': 'Shampoo', 'id': 'tPp464815-154487-154488', 'prod_name': 'Batiste original dry shampoo', 'waitrose_Qty': '200ml', 'waitrose_discounted_price': '£3.00', 'waitrose_offer_desc': None, 'waitrose_url': 'https://www.waitrose.com/ecom/shop/browse/groceries/toiletries_health_and_beauty/hair_care/shampoo', 'waitrose_rating': '5', 'waitrose_unit_price': '(£1.50/100ml)', 'waitrose_new_flag': None, 'waitrose_prod_name': 'Batiste original dry shampoo 200ml', 'images': []}
DEBUG: Scraped from <200 https://www.waitrose.com/ecom/shop/browse/groceries/toiletries_health_and_beauty/hair_care/shampoo>
{'client': 'Waitrose', 'time': datetime.datetime(2020, 9, 5, 18, 26, 24, 911675), 'category': 'Shampoo', 'id': 'tPp547359-720175-720176', 'prod_name': 'Maui Moisture Bamboo Shampoo', 'waitrose_Qty': '385ml', 'waitrose_discounted_price': '£6.00', 'waitrose_offer_desc': 'Save 1/3.', 'waitrose_url': 'https://www.waitrose.com/ecom/shop/browse/groceries/toiletries_health_and_beauty/hair_care/shampoo', 'waitrose_rating': '5', 'waitrose_unit_price': '(£1.56/100ml)', 'waitrose_new_flag': None, 'waitrose_prod_name': 'Maui Moisture Bamboo Shampoo 385ml', 'images': []}
DEBUG: Scraped from <200 https://www.waitrose.com/ecom/shop/browse/groceries/toiletries_health_and_beauty/hair_care/shampoo>
{'client': 'Waitrose', 'time': datetime.datetime(2020, 9, 5, 18, 26, 24, 911675), 'category': 'Shampoo', 'id': 'tPp836753-694201-694202', 'prod_name': 'Pantene Volume & Body Shampoo', 'waitrose_Qty': '500ml', 'waitrose_discounted_price': '£5.15', 'waitrose_offer_desc': None, 'waitrose_url': 'https://www.waitrose.com/ecom/shop/browse/groceries/toiletries_health_and_beauty/hair_care/shampoo', 'waitrose_rating': None, 'waitrose_unit_price': '(£1.03/100ml)', 'waitrose_new_flag': None, 'waitrose_prod_name': 'Pantene Volume & Body Shampoo 500ml', 'images': []}
DEBUG: Scraped from <200 https://www.waitrose.com/ecom/shop/browse/groceries/toiletries_health_and_beauty/hair_care/shampoo>
{'client': 'Waitrose', 'time': datetime.datetime(2020, 9, 5, 18, 26, 24, 911675), 'category': 'Shampoo', 'id': 'tPp808436-720325-720326', 'prod_name': 'Hask Biotin Boost Shampoo', 'waitrose_Qty': '355ml', 'waitrose_discounted_price': '£4.66', 'waitrose_offer_desc': 'Save 1/3.', 'waitrose_url': 'https://www.waitrose.com/ecom/shop/browse/groceries/toiletries_health_and_beauty/hair_care/shampoo', 'waitrose_rating': None, 'waitrose_unit_price': '(£1.32/100ml)', 'waitrose_new_flag': None, 'waitrose_prod_name': 'Hask Biotin Boost Shampoo 355ml', 'images': []}
DEBUG: Scraped from <200 https://www.waitrose.com/ecom/shop/browse/groceries/toiletries_health_and_beauty/hair_care/shampoo>
{'client': 'Waitrose', 'time': datetime.datetime(2020, 9, 5, 18, 26, 24, 911675), 'category': 'Shampoo', 'id': 'tPp711086-652694-652695', 'prod_name': 'Head & Shoulders Supreme Moisture', 'waitrose_Qty': '400ml', 'waitrose_discounted_price': '£3.43', 'waitrose_offer_desc': 'Save 1/3.', 'waitrose_url': 'https://www.waitrose.com/ecom/shop/browse/groceries/toiletries_health_and_beauty/hair_care/shampoo', 'waitrose_rating': None, 'waitrose_unit_price': '(85.8p/100ml)', 'waitrose_new_flag': None, 'waitrose_prod_name': 'Head & Shoulders Supreme Moisture 400ml', 'images': []}
DEBUG: Scraped from <200 https://www.waitrose.com/ecom/shop/browse/groceries/toiletries_health_and_beauty/hair_care/shampoo>
{'client': 'Waitrose', 'time': datetime.datetime(2020, 9, 5, 18, 26, 24, 911675), 'category': 'Shampoo', 'id': 'tPp807825-473364-473365', 'prod_name': 'SenSpa Deep Cleanse Shampoo', 'waitrose_Qty': '250ml', 'waitrose_discounted_price': '£4.00', 'waitrose_offer_desc': 'Save 1/3.', 'waitrose_url': 'https://www.waitrose.com/ecom/shop/browse/groceries/toiletries_health_and_beauty/hair_care/shampoo', 'waitrose_rating': '3.7', 'waitrose_unit_price': '(£1.60/100ml)', 'waitrose_new_flag': None, 'waitrose_prod_name': 'SenSpa Deep Cleanse Shampoo 250ml', 'images': []}
DEBUG: Scraped from <200 https://www.waitrose.com/ecom/shop/browse/groceries/toiletries_health_and_beauty/hair_care/shampoo>
{'client': 'Waitrose', 'time': datetime.datetime(2020, 9, 5, 18, 26, 24, 911675), 'category': 'Shampoo', 'id': 'tPp740653-352034-352035', 'prod_name': 'essential Waitrose Anti-Dandruff 2 in 1', 'waitrose_Qty': '300ml', 'waitrose_discounted_price': '£1.00', 'waitrose_offer_desc': None, 'waitrose_url': 'https://www.waitrose.com/ecom/shop/browse/groceries/toiletries_health_and_beauty/hair_care/shampoo', 'waitrose_rating': '4', 'waitrose_unit_price': '(33.3p/100ml)', 'waitrose_new_flag': None, 'waitrose_prod_name': 'essential Waitrose Anti-Dandruff 2 in 1 300ml', 'images': []}
DEBUG: Scraped from <200 https://www.waitrose.com/ecom/shop/browse/groceries/toiletries_health_and_beauty/hair_care/shampoo>
{'client': 'Waitrose', 'time': datetime.datetime(2020, 9, 5, 18, 26, 24, 911675), 'category': 'Shampoo', 'id': 'tPp884562-720413-720414', 'prod_name': 'Maui Moisture Shea Butter Shampoo', 'waitrose_Qty': '385ml', 'waitrose_discounted_price': '£6.00', 'waitrose_offer_desc': 'Save 1/3.', 'waitrose_url': 'https://www.waitrose.com/ecom/shop/browse/groceries/toiletries_health_and_beauty/hair_care/shampoo', 'waitrose_rating': None, 'waitrose_unit_price': '(£1.56/100ml)', 'waitrose_new_flag': None, 'waitrose_prod_name': 'Maui Moisture Shea Butter Shampoo 385ml', 'images': []}
DEBUG: Scraped from <200 https://www.waitrose.com/ecom/shop/browse/groceries/toiletries_health_and_beauty/hair_care/shampoo>
{'client': 'Waitrose', 'time': datetime.datetime(2020, 9, 5, 18, 26, 24, 911675), 'category': 'Shampoo', 'id': 'tPp492466-631281-631282', 'prod_name': 'Hask Keratin Protein Smoothing Shampoo', 'waitrose_Qty': '355ml', 'waitrose_discounted_price': '£4.66', 'waitrose_offer_desc': 'Save 1/3.', 'waitrose_url': 'https://www.waitrose.com/ecom/shop/browse/groceries/toiletries_health_and_beauty/hair_care/shampoo', 'waitrose_rating': None, 'waitrose_unit_price': '(£1.32/100ml)', 'waitrose_new_flag': None, 'waitrose_prod_name': 'Hask Keratin Protein Smoothing Shampoo 355ml', 'images': []}
DEBUG: Scraped from <200 https://www.waitrose.com/ecom/shop/browse/groceries/toiletries_health_and_beauty/hair_care/shampoo>
{'client': 'Waitrose', 'time': datetime.datetime(2020, 9, 5, 18, 26, 24, 911675), 'category': 'Shampoo', 'id': 'tPp432893-216691-216692', 'prod_name': 'Head & Shoulders Shampoo Apple Fresh', 'waitrose_Qty': '500ml', 'waitrose_discounted_price': '£5.15', 'waitrose_offer_desc': None, 'waitrose_url': 'https://www.waitrose.com/ecom/shop/browse/groceries/toiletries_health_and_beauty/hair_care/shampoo', 'waitrose_rating': None, 'waitrose_unit_price': '(£1.03/100ml)', 'waitrose_new_flag': None, 'waitrose_prod_name': 'Head & Shoulders Shampoo Apple Fresh 500ml', 'images': []}
DEBUG: Scraped from <200 https://www.waitrose.com/ecom/shop/browse/groceries/toiletries_health_and_beauty/hair_care/shampoo>
{'client': 'Waitrose', 'time': datetime.datetime(2020, 9, 5, 18, 26, 24, 911675), 'category': 'Shampoo', 'id': 'tPp645178-695617-695618', 'prod_name': 'John Frieda Shampoo Weightless Wonder', 'waitrose_Qty': '250ml', 'waitrose_discounted_price': '£3.99', 'waitrose_offer_desc': 'Save 1/3.', 'waitrose_url': 'https://www.waitrose.com/ecom/shop/browse/groceries/toiletries_health_and_beauty/hair_care/shampoo', 'waitrose_rating': '4.6', 'waitrose_unit_price': '(£1.60/100ml)', 'waitrose_new_flag': None, 'waitrose_prod_name': 'John Frieda Shampoo Weightless Wonder 250ml', 'images': []}
DEBUG: Scraped from <200 https://www.waitrose.com/ecom/shop/browse/groceries/toiletries_health_and_beauty/hair_care/shampoo>
{'client': 'Waitrose', 'time': datetime.datetime(2020, 9, 5, 18, 26, 24, 911675), 'category': 'Shampoo', 'id': 'tPp062495-31737-31738', 'prod_name': 'Neutrogena T/Gel shampoo dry hair', 'waitrose_Qty': '125ml', 'waitrose_discounted_price': '£5.15', 'waitrose_offer_desc': None, 'waitrose_url': 'https://www.waitrose.com/ecom/shop/browse/groceries/toiletries_health_and_beauty/hair_care/shampoo', 'waitrose_rating': None, 'waitrose_unit_price': '(£4.12/100ml)', 'waitrose_new_flag': None, 'waitrose_prod_name': 'Neutrogena T/Gel shampoo dry hair 125ml', 'images': []}
DEBUG: Scraped from <200 https://www.waitrose.com/ecom/shop/browse/groceries/toiletries_health_and_beauty/hair_care/shampoo>
{'client': 'Waitrose', 'time': datetime.datetime(2020, 9, 5, 18, 26, 24, 911675), 'category': 'Shampoo', 'id': 'tPp757780-107799-107800', 'prod_name': 'Head & Shoulders 2in1 Classic Clean', 'waitrose_Qty': '450ml', 'waitrose_discounted_price': '£5.15', 'waitrose_offer_desc': None, 'waitrose_url': 'https://www.waitrose.com/ecom/shop/browse/groceries/toiletries_health_and_beauty/hair_care/shampoo', 'waitrose_rating': '4', 'waitrose_unit_price': '(£1.15/100ml)', 'waitrose_new_flag': None, 'waitrose_prod_name': 'Head & Shoulders 2in1 Classic Clean 450ml', 'images': []}
DEBUG: Scraped from <200 https://www.waitrose.com/ecom/shop/browse/groceries/toiletries_health_and_beauty/hair_care/shampoo>
{'client': 'Waitrose', 'time': datetime.datetime(2020, 9, 5, 18, 26, 24, 911675), 'category': 'Shampoo', 'id': 'tPp824583-694195-694196', 'prod_name': 'Pantene Repair & Protect Shampoo', 'waitrose_Qty': '500ml', 'waitrose_discounted_price': '£3.75', 'waitrose_offer_desc': None, 'waitrose_url': 'https://www.waitrose.com/ecom/shop/browse/groceries/toiletries_health_and_beauty/hair_care/shampoo', 'waitrose_rating': None, 'waitrose_unit_price': '(75p/100ml)', 'waitrose_new_flag': None, 'waitrose_prod_name': 'Pantene Repair & Protect Shampoo 500ml', 'images': []}
DEBUG: Scraped from <200 https://www.waitrose.com/ecom/shop/browse/groceries/toiletries_health_and_beauty/hair_care/shampoo>
{'client': 'Waitrose', 'time': datetime.datetime(2020, 9, 5, 18, 26, 24, 911675), 'category': 'Shampoo', 'id': 'tPp455905-591789-591790', 'prod_name': 'Herbal Essences clean Shampoo', 'waitrose_Qty': '400ml', 'waitrose_discounted_price': '£4.50', 'waitrose_offer_desc': None, 'waitrose_url': 'https://www.waitrose.com/ecom/shop/browse/groceries/toiletries_health_and_beauty/hair_care/shampoo', 'waitrose_rating': None, 'waitrose_unit_price': '(£1.13/100ml)', 'waitrose_new_flag': None, 'waitrose_prod_name': 'Herbal Essences clean Shampoo 400ml', 'images': []}
DEBUG: Scraped from <200 https://www.waitrose.com/ecom/shop/browse/groceries/toiletries_health_and_beauty/hair_care/shampoo>
{'client': 'Waitrose', 'time': datetime.datetime(2020, 9, 5, 18, 26, 24, 911675), 'category': 'Shampoo', 'id': 'tPp472240-591833-591834', 'prod_name': 'Herbal Essences Repair Shampoo', 'waitrose_Qty': '400ml', 'waitrose_discounted_price': '£4.50', 'waitrose_offer_desc': None, 'waitrose_url': 'https://www.waitrose.com/ecom/shop/browse/groceries/toiletries_health_and_beauty/hair_care/shampoo', 'waitrose_rating': '5', 'waitrose_unit_price': '(£1.13/100ml)', 'waitrose_new_flag': None, 'waitrose_prod_name': 'Herbal Essences Repair Shampoo 400ml', 'images': []}
DEBUG: Scraped from <200 https://www.waitrose.com/ecom/shop/browse/groceries/toiletries_health_and_beauty/hair_care/shampoo>
{'client': 'Waitrose', 'time': datetime.datetime(2020, 9, 5, 18, 26, 24, 911675), 'category': 'Shampoo', 'id': 'tPp882824-154983-154984', 'prod_name': 'Head & Shoulders itchy scalp shampoo', 'waitrose_Qty': '500ml', 'waitrose_discounted_price': '£5.15', 'waitrose_offer_desc': None, 'waitrose_url': 'https://www.waitrose.com/ecom/shop/browse/groceries/toiletries_health_and_beauty/hair_care/shampoo', 'waitrose_rating': '5', 'waitrose_unit_price': '(£1.03/100ml)', 'waitrose_new_flag': None, 'waitrose_prod_name': 'Head & Shoulders itchy scalp shampoo 500ml', 'images': []}
DEBUG: Scraped from <200 https://www.waitrose.com/ecom/shop/browse/groceries/toiletries_health_and_beauty/hair_care/shampoo>
{'client': 'Waitrose', 'time': datetime.datetime(2020, 9, 5, 18, 26, 24, 911675), 'category': 'Shampoo', 'id': 'tPp755349-720291-720292', 'prod_name': 'Herbal Essences Aloe & Mango Shampoo', 'waitrose_Qty': '380ml', 'waitrose_discounted_price': '£4.50', 'waitrose_offer_desc': None, 'waitrose_url': 'https://www.waitrose.com/ecom/shop/browse/groceries/toiletries_health_and_beauty/hair_care/shampoo', 'waitrose_rating': None, 'waitrose_unit_price': '(£1.19/100ml)', 'waitrose_new_flag': None, 'waitrose_prod_name': 'Herbal Essences Aloe & Mango Shampoo 380ml', 'images': []}
DEBUG: Scraped from <200 https://www.waitrose.com/ecom/shop/browse/groceries/toiletries_health_and_beauty/hair_care/shampoo>
{'client': 'Waitrose', 'time': datetime.datetime(2020, 9, 5, 18, 26, 24, 911675), 'category': 'Shampoo', 'id': 'tPp852396-695857-695858', 'prod_name': 'BECO. Honey Blossom Shampoo Bar', 'waitrose_Qty': '90g', 'waitrose_discounted_price': '£4.00', 'waitrose_offer_desc': None, 'waitrose_url': 'https://www.waitrose.com/ecom/shop/browse/groceries/toiletries_health_and_beauty/hair_care/shampoo', 'waitrose_rating': '4.9', 'waitrose_unit_price': '(£4.45/100g)', 'waitrose_new_flag': None, 'waitrose_prod_name': 'BECO. Honey Blossom Shampoo Bar 90g', 'images': []}
DEBUG: Scraped from <200 https://www.waitrose.com/ecom/shop/browse/groceries/toiletries_health_and_beauty/hair_care/shampoo>
{'client': 'Waitrose', 'time': datetime.datetime(2020, 9, 5, 18, 26, 24, 911675), 'category': 'Shampoo', 'id': 'tPp657930-695639-695640', 'prod_name': 'Noughty Pumped Up Shampoo', 'waitrose_Qty': '250ml', 'waitrose_discounted_price': '£4.66', 'waitrose_offer_desc': 'Save 1/3.', 'waitrose_url': 'https://www.waitrose.com/ecom/shop/browse/groceries/toiletries_health_and_beauty/hair_care/shampoo', 'waitrose_rating': '5', 'waitrose_unit_price': '(£1.87/100ml)', 'waitrose_new_flag': None, 'waitrose_prod_name': 'Noughty Pumped Up Shampoo 250ml', 'images': []}
DEBUG: Scraped from <200 https://www.waitrose.com/ecom/shop/browse/groceries/toiletries_health_and_beauty/hair_care/shampoo>
{'client': 'Waitrose', 'time': datetime.datetime(2020, 9, 5, 18, 26, 24, 911675), 'category': 'Shampoo', 'id': 'tPp631829-695597-695598', 'prod_name': 'Noughty Detox Dynamo Shampoo', 'waitrose_Qty': '250ml', 'waitrose_discounted_price': '£4.66', 'waitrose_offer_desc': 'Save 1/3.', 'waitrose_url': 'https://www.waitrose.com/ecom/shop/browse/groceries/toiletries_health_and_beauty/hair_care/shampoo', 'waitrose_rating': None, 'waitrose_unit_price': '(£1.87/100ml)', 'waitrose_new_flag': None, 'waitrose_prod_name': 'Noughty Detox Dynamo Shampoo 250ml', 'images': []}
DEBUG: Scraped from <200 https://www.waitrose.com/ecom/shop/browse/groceries/toiletries_health_and_beauty/hair_care/shampoo>
{'client': 'Waitrose', 'time': datetime.datetime(2020, 9, 5, 18, 26, 24, 911675), 'category': 'Shampoo', 'id': 'tPp581617-694173-694174', 'prod_name': 'Pantene Colour Protect Shampoo', 'waitrose_Qty': '500ml', 'waitrose_discounted_price': '£5.15', 'waitrose_offer_desc': None, 'waitrose_url': 'https://www.waitrose.com/ecom/shop/browse/groceries/toiletries_health_and_beauty/hair_care/shampoo', 'waitrose_rating': None, 'waitrose_unit_price': '(£1.03/100ml)', 'waitrose_new_flag': None, 'waitrose_prod_name': 'Pantene Colour Protect Shampoo 500ml', 'images': []}
DEBUG: Scraped from <200 https://www.waitrose.com/ecom/shop/browse/groceries/toiletries_health_and_beauty/hair_care/shampoo>
{'client': 'Waitrose', 'time': datetime.datetime(2020, 9, 5, 18, 26, 24, 911675), 'category': 'Shampoo', 'id': 'tPp486943-68769-68770', 'prod_name': 'Head & Shoulders 2in1 classic clean', 'waitrose_Qty': '225ml', 'waitrose_discounted_price': '£3.00', 'waitrose_offer_desc': None, 'waitrose_url': 'https://www.waitrose.com/ecom/shop/browse/groceries/toiletries_health_and_beauty/hair_care/shampoo', 'waitrose_rating': '4', 'waitrose_unit_price': '(£1.34/100ml)', 'waitrose_new_flag': None, 'waitrose_prod_name': 'Head & Shoulders 2in1 classic clean 225ml', 'images': []}
DEBUG: Scraped from <200 https://www.waitrose.com/ecom/shop/browse/groceries/toiletries_health_and_beauty/hair_care/shampoo>
{'client': 'Waitrose', 'time': datetime.datetime(2020, 9, 5, 18, 26, 24, 911675), 'category': 'Shampoo', 'id': 'tPp047805-23664-23665', 'prod_name': 'Avalon Organics tea tree shampoo', 'waitrose_Qty': '325ml', 'waitrose_discounted_price': '£7.00', 'waitrose_offer_desc': None, 'waitrose_url': 'https://www.waitrose.com/ecom/shop/browse/groceries/toiletries_health_and_beauty/hair_care/shampoo', 'waitrose_rating': '4.9', 'waitrose_unit_price': '(£2.16/100ml)', 'waitrose_new_flag': None, 'waitrose_prod_name': 'Avalon Organics tea tree shampoo 325ml', 'images': []}
DEBUG: Scraped from <200 https://www.waitrose.com/ecom/shop/browse/groceries/toiletries_health_and_beauty/hair_care/shampoo>
{'client': 'Waitrose', 'time': datetime.datetime(2020, 9, 5, 18, 26, 24, 911675), 'category': 'Shampoo', 'id': 'tPp853982-154925-154926', 'prod_name': 'Batiste blush dry shampoo', 'waitrose_Qty': '200ml', 'waitrose_discounted_price': '£3.00', 'waitrose_offer_desc': None, 'waitrose_url': 'https://www.waitrose.com/ecom/shop/browse/groceries/toiletries_health_and_beauty/hair_care/shampoo', 'waitrose_rating': '4', 'waitrose_unit_price': '(£1.50/100ml)', 'waitrose_new_flag': None, 'waitrose_prod_name': 'Batiste blush dry shampoo 200ml', 'images': []}
DEBUG: Scraped from <200 https://www.waitrose.com/ecom/shop/browse/groceries/toiletries_health_and_beauty/hair_care/shampoo>
{'client': 'Waitrose', 'time': datetime.datetime(2020, 9, 5, 18, 26, 24, 911675), 'category': 'Shampoo', 'id': 'tPp649492-695625-695626', 'prod_name': 'Vosene Kids 2in1 Melon Shampoo', 'waitrose_Qty': '250ml', 'waitrose_discounted_price': '£1.33', 'waitrose_offer_desc': 'Save 1/3.', 'waitrose_url': 'https://www.waitrose.com/ecom/shop/browse/groceries/toiletries_health_and_beauty/hair_care/shampoo', 'waitrose_rating': None, 'waitrose_unit_price': '(53.2p/100ml)', 'waitrose_new_flag': None, 'waitrose_prod_name': 'Vosene Kids 2in1 Melon Shampoo 250ml', 'images': []}
DEBUG: Scraped from <200 https://www.waitrose.com/ecom/shop/browse/groceries/toiletries_health_and_beauty/hair_care/shampoo>
{'client': 'Waitrose', 'time': datetime.datetime(2020, 9, 5, 18, 26, 24, 911675), 'category': 'Shampoo', 'id': 'tPp530991-695493-695494', 'prod_name': 'John Frieda Shampoo Detox & Repair', 'waitrose_Qty': '250ml', 'waitrose_discounted_price': '£3.99', 'waitrose_offer_desc': 'Save 1/3.', 'waitrose_url': 'https://www.waitrose.com/ecom/shop/browse/groceries/toiletries_health_and_beauty/hair_care/shampoo', 'waitrose_rating': None, 'waitrose_unit_price': '(£1.60/100ml)', 'waitrose_new_flag': None, 'waitrose_prod_name': 'John Frieda Shampoo Detox & Repair 250ml', 'images': []}
DEBUG: Scraped from <200 https://www.waitrose.com/ecom/shop/browse/groceries/toiletries_health_and_beauty/hair_care/shampoo>
{'client': 'Waitrose', 'time': datetime.datetime(2020, 9, 5, 18, 26, 24, 911675), 'category': 'Shampoo', 'id': 'tPp711843-717497-717498', 'prod_name': "L'Oreal Elvive Colour Shampoo", 'waitrose_Qty': '400ml', 'waitrose_discounted_price': '£3.75', 'waitrose_offer_desc': None, 'waitrose_url': 'https://www.waitrose.com/ecom/shop/browse/groceries/toiletries_health_and_beauty/hair_care/shampoo', 'waitrose_rating': None, 'waitrose_unit_price': '(93.8p/100ml)', 'waitrose_new_flag': None, 'waitrose_prod_name': "L'Oreal Elvive Colour Shampoo 400ml", 'images': []}
DEBUG: Scraped from <200 https://www.waitrose.com/ecom/shop/browse/groceries/toiletries_health_and_beauty/hair_care/shampoo>
{'client': 'Waitrose', 'time': datetime.datetime(2020, 9, 5, 18, 26, 24, 911675), 'category': 'Shampoo', 'id': 'tPp686838-346630-346631', 'prod_name': 'Richard Ward argan antiageing shampoo', 'waitrose_Qty': '250ml', 'waitrose_discounted_price': '£6.00', 'waitrose_offer_desc': None, 'waitrose_url': 'https://www.waitrose.com/ecom/shop/browse/groceries/toiletries_health_and_beauty/hair_care/shampoo', 'waitrose_rating': '4.1', 'waitrose_unit_price': '(£2.40/100ml)', 'waitrose_new_flag': None, 'waitrose_prod_name': 'Richard Ward argan antiageing shampoo 250ml', 'images': []}
DEBUG: Scraped from <200 https://www.waitrose.com/ecom/shop/browse/groceries/toiletries_health_and_beauty/hair_care/shampoo>
{'client': 'Waitrose', 'time': datetime.datetime(2020, 9, 5, 18, 26, 24, 911675), 'category': 'Shampoo', 'id': 'tPp855140-216863-216864', 'prod_name': 'Ogx Coconut Milk Shampoo', 'waitrose_Qty': '385ml', 'waitrose_discounted_price': '£7.00', 'waitrose_offer_desc': None, 'waitrose_url': 'https://www.waitrose.com/ecom/shop/browse/groceries/toiletries_health_and_beauty/hair_care/shampoo', 'waitrose_rating': '5', 'waitrose_unit_price': '(£1.82/100ml)', 'waitrose_new_flag': None, 'waitrose_prod_name': 'Ogx Coconut Milk Shampoo 385ml', 'images': []}
DEBUG: Scraped from <200 https://www.waitrose.com/ecom/shop/browse/groceries/toiletries_health_and_beauty/hair_care/shampoo>
{'client': 'Waitrose', 'time': datetime.datetime(2020, 9, 5, 18, 26, 24, 911675), 'category': 'Shampoo', 'id': 'tPp865734-216867-216868', 'prod_name': 'Ogx Argan Oil of Morocco Shampoo', 'waitrose_Qty': '385ml', 'waitrose_discounted_price': '£7.00', 'waitrose_offer_desc': None, 'waitrose_url': 'https://www.waitrose.com/ecom/shop/browse/groceries/toiletries_health_and_beauty/hair_care/shampoo', 'waitrose_rating': '3.4', 'waitrose_unit_price': '(£1.82/100ml)', 'waitrose_new_flag': None, 'waitrose_prod_name': 'Ogx Argan Oil of Morocco Shampoo 385ml', 'images': []}
DEBUG: Scraped from <200 https://www.waitrose.com/ecom/shop/browse/groceries/toiletries_health_and_beauty/hair_care/shampoo>
{'client': 'Waitrose', 'time': datetime.datetime(2020, 9, 5, 18, 26, 24, 911675), 'category': 'Shampoo', 'id': 'tPp490113-591883-591884', 'prod_name': 'Herbal Essences Volume Shampoo', 'waitrose_Qty': '400ml', 'waitrose_discounted_price': '£4.50', 'waitrose_offer_desc': None, 'waitrose_url': 'https://www.waitrose.com/ecom/shop/browse/groceries/toiletries_health_and_beauty/hair_care/shampoo', 'waitrose_rating': '5', 'waitrose_unit_price': '(£1.13/100ml)', 'waitrose_new_flag': None, 'waitrose_prod_name': 'Herbal Essences Volume Shampoo 400ml', 'images': []}
DEBUG: Scraped from <200 https://www.waitrose.com/ecom/shop/browse/groceries/toiletries_health_and_beauty/hair_care/shampoo>
{'client': 'Waitrose', 'time': datetime.datetime(2020, 9, 5, 18, 26, 24, 911675), 'category': 'Shampoo', 'id': 'tPp453160-695433-695434', 'prod_name': 'Argan+ Long & Strong Shampoo', 'waitrose_Qty': '300ml', 'waitrose_discounted_price': '£4.00', 'waitrose_offer_desc': 'Save 1/3.', 'waitrose_url': 'https://www.waitrose.com/ecom/shop/browse/groceries/toiletries_health_and_beauty/hair_care/shampoo', 'waitrose_rating': None, 'waitrose_unit_price': '(£1.34/100ml)', 'waitrose_new_flag': None, 'waitrose_prod_name': 'Argan+ Long & Strong Shampoo 300ml', 'images': []}
DEBUG: Scraped from <200 https://www.waitrose.com/ecom/shop/browse/groceries/toiletries_health_and_beauty/hair_care/shampoo>
{'client': 'Waitrose', 'time': datetime.datetime(2020, 9, 5, 18, 26, 24, 911675), 'category': 'Shampoo', 'id': 'tPp895244-495222-495223', 'prod_name': 'DGJ Clarifying Shampoo', 'waitrose_Qty': '250ml', 'waitrose_discounted_price': '£2.50', 'waitrose_offer_desc': 'Half Price.', 'waitrose_url': 'https://www.waitrose.com/ecom/shop/browse/groceries/toiletries_health_and_beauty/hair_care/shampoo', 'waitrose_rating': None, 'waitrose_unit_price': '(£1/100ml)', 'waitrose_new_flag': None, 'waitrose_prod_name': 'DGJ Clarifying Shampoo 250ml', 'images': []}
DEBUG: Scraped from <200 https://www.waitrose.com/ecom/shop/browse/groceries/toiletries_health_and_beauty/hair_care/shampoo>
{'client': 'Waitrose', 'time': datetime.datetime(2020, 9, 5, 18, 26, 24, 911675), 'category': 'Shampoo', 'id': 'tPp816738-442231-442232', 'prod_name': 'SensSpa Nourishing Shampoo', 'waitrose_Qty': '250ml', 'waitrose_discounted_price': '£4.00', 'waitrose_offer_desc': 'Save 1/3.', 'waitrose_url': 'https://www.waitrose.com/ecom/shop/browse/groceries/toiletries_health_and_beauty/hair_care/shampoo', 'waitrose_rating': '2.6', 'waitrose_unit_price': '(£1.60/100ml)', 'waitrose_new_flag': None, 'waitrose_prod_name': 'SensSpa Nourishing Shampoo 250ml', 'images': []}
DEBUG: Scraped from <200 https://www.waitrose.com/ecom/shop/browse/groceries/toiletries_health_and_beauty/hair_care/shampoo>
{'client': 'Waitrose', 'time': datetime.datetime(2020, 9, 5, 18, 26, 24, 911675), 'category': 'Shampoo', 'id': 'tPp027940-13599-13600', 'prod_name': 'Avalon Organics lemon shampoo', 'waitrose_Qty': '325ml', 'waitrose_discounted_price': '£7.00', 'waitrose_offer_desc': None, 'waitrose_url': 'https://www.waitrose.com/ecom/shop/browse/groceries/toiletries_health_and_beauty/hair_care/shampoo', 'waitrose_rating': '3.6', 'waitrose_unit_price': '(£2.16/100ml)', 'waitrose_new_flag': None, 'waitrose_prod_name': 'Avalon Organics lemon shampoo 325ml', 'images': []}
DEBUG: Scraped from <200 https://www.waitrose.com/ecom/shop/browse/groceries/toiletries_health_and_beauty/hair_care/shampoo>
{'client': 'Waitrose', 'time': datetime.datetime(2020, 9, 5, 18, 26, 24, 911675), 'category': 'Shampoo', 'id': 'tPp626001-88825-88826', 'prod_name': 'Head & Shoulders Shampoo Citrus Fresh', 'waitrose_Qty': '500ml', 'waitrose_discounted_price': '£5.15', 'waitrose_offer_desc': None, 'waitrose_url': 'https://www.waitrose.com/ecom/shop/browse/groceries/toiletries_health_and_beauty/hair_care/shampoo', 'waitrose_rating': None, 'waitrose_unit_price': '(£1.03/100ml)', 'waitrose_new_flag': None, 'waitrose_prod_name': 'Head & Shoulders Shampoo Citrus Fresh 500ml', 'images': []}
DEBUG: Scraped from <200 https://www.waitrose.com/ecom/shop/browse/groceries/toiletries_health_and_beauty/hair_care/shampoo>
{'client': 'Waitrose', 'time': datetime.datetime(2020, 9, 5, 18, 26, 24, 911675), 'category': 'Shampoo', 'id': 'tPp868154-695990-695991', 'prod_name': 'Hair Biology Purple Shampoo', 'waitrose_Qty': '250ml', 'waitrose_discounted_price': '£4.50', 'waitrose_offer_desc': None, 'waitrose_url': 'https://www.waitrose.com/ecom/shop/browse/groceries/toiletries_health_and_beauty/hair_care/shampoo', 'waitrose_rating': None, 'waitrose_unit_price': '(£1.80/100ml)', 'waitrose_new_flag': None, 'waitrose_prod_name': 'Hair Biology Purple Shampoo 250ml', 'images': []}
DEBUG: Scraped from <200 https://www.waitrose.com/ecom/shop/browse/groceries/toiletries_health_and_beauty/hair_care/shampoo>
{'client': 'Waitrose', 'time': datetime.datetime(2020, 9, 5, 18, 26, 24, 911675), 'category': 'Shampoo', 'id': 'tPp821139-694191-694192', 'prod_name': 'Pantene Smooth & Sleek Shampoo', 'waitrose_Qty': '500ml', 'waitrose_discounted_price': '£5.15', 'waitrose_offer_desc': None, 'waitrose_url': 'https://www.waitrose.com/ecom/shop/browse/groceries/toiletries_health_and_beauty/hair_care/shampoo', 'waitrose_rating': None, 'waitrose_unit_price': '(£1.03/100ml)', 'waitrose_new_flag': None, 'waitrose_prod_name': 'Pantene Smooth & Sleek Shampoo 500ml', 'images': []}
DEBUG: Scraped from <200 https://www.waitrose.com/ecom/shop/browse/groceries/toiletries_health_and_beauty/hair_care/shampoo>
{'client': 'Waitrose', 'time': datetime.datetime(2020, 9, 5, 18, 26, 24, 911675), 'category': 'Shampoo', 'id': 'tPp484035-715885-715886', 'prod_name': "L'Oreal Elvive Oil Nourishing Shampoo", 'waitrose_Qty': '400ml', 'waitrose_discounted_price': '£3.75', 'waitrose_offer_desc': None, 'waitrose_url': 'https://www.waitrose.com/ecom/shop/browse/groceries/toiletries_health_and_beauty/hair_care/shampoo', 'waitrose_rating': None, 'waitrose_unit_price': '(93.8p/100ml)', 'waitrose_new_flag': None, 'waitrose_prod_name': "L'Oreal Elvive Oil Nourishing Shampoo 400ml", 'images': []}
DEBUG: Scraped from <200 https://www.waitrose.com/ecom/shop/browse/groceries/toiletries_health_and_beauty/hair_care/shampoo>
{'client': 'Waitrose', 'time': datetime.datetime(2020, 9, 5, 18, 26, 24, 911675), 'category': 'Shampoo', 'id': 'tPp756229-563906-563907', 'prod_name': 'Head & Shoulders 2 in 1 Total Care', 'waitrose_Qty': '225ml', 'waitrose_discounted_price': '£3.00', 'waitrose_offer_desc': None, 'waitrose_url': 'https://www.waitrose.com/ecom/shop/browse/groceries/toiletries_health_and_beauty/hair_care/shampoo', 'waitrose_rating': None, 'waitrose_unit_price': '(£1.34/100ml)', 'waitrose_new_flag': None, 'waitrose_prod_name': 'Head & Shoulders 2 in 1 Total Care 225ml', 'images': []}
DEBUG: Scraped from <200 https://www.waitrose.com/ecom/shop/browse/groceries/toiletries_health_and_beauty/hair_care/shampoo>
{'client': 'Waitrose', 'time': datetime.datetime(2020, 9, 5, 18, 26, 24, 911675), 'category': 'Shampoo', 'id': 'tPp527154-720165-720166', 'prod_name': 'Maui Moisture Hibiscus Water', 'waitrose_Qty': '385ml', 'waitrose_discounted_price': '£6.00', 'waitrose_offer_desc': 'Save 1/3.', 'waitrose_url': 'https://www.waitrose.com/ecom/shop/browse/groceries/toiletries_health_and_beauty/hair_care/shampoo', 'waitrose_rating': None, 'waitrose_unit_price': '(£1.56/100ml)', 'waitrose_new_flag': None, 'waitrose_prod_name': 'Maui Moisture Hibiscus Water 385ml', 'images': []}
DEBUG: Scraped from <200 https://www.waitrose.com/ecom/shop/browse/groceries/toiletries_health_and_beauty/hair_care/shampoo>
{'client': 'Waitrose', 'time': datetime.datetime(2020, 9, 5, 18, 26, 24, 911675), 'category': 'Shampoo', 'id': 'tPp791725-375655-375656', 'prod_name': 'Ogx Kukuí Oil Shampoo', 'waitrose_Qty': '385ml', 'waitrose_discounted_price': '£7.00', 'waitrose_offer_desc': None, 'waitrose_url': 'https://www.waitrose.com/ecom/shop/browse/groceries/toiletries_health_and_beauty/hair_care/shampoo', 'waitrose_rating': '5', 'waitrose_unit_price': '(£1.82/100ml)', 'waitrose_new_flag': None, 'waitrose_prod_name': 'Ogx Kukuí Oil Shampoo 385ml', 'images': []}
DEBUG: Scraped from <200 https://www.waitrose.com/ecom/shop/browse/groceries/toiletries_health_and_beauty/hair_care/shampoo>
{'client': 'Waitrose', 'time': datetime.datetime(2020, 9, 5, 18, 26, 24, 911675), 'category': 'Shampoo', 'id': 'tPp032765-16025-16026', 'prod_name': "L'Oréal kids shampoo berry strawberry", 'waitrose_Qty': '250ml', 'waitrose_discounted_price': '£2.00', 'waitrose_offer_desc': None, 'waitrose_url': 'https://www.waitrose.com/ecom/shop/browse/groceries/toiletries_health_and_beauty/hair_care/shampoo', 'waitrose_rating': None, 'waitrose_unit_price': '(80p/100ml)', 'waitrose_new_flag': None, 'waitrose_prod_name': "L'Oréal kids shampoo berry strawberry 250ml", 'images': []}
DEBUG: Scraped from <200 https://www.waitrose.com/ecom/shop/browse/groceries/toiletries_health_and_beauty/hair_care/shampoo>
{'client': 'Waitrose', 'time': datetime.datetime(2020, 9, 5, 18, 26, 24, 911675), 'category': 'Shampoo', 'id': 'tPp839781-154875-154876', 'prod_name': 'Aussie miracle moist shampoo', 'waitrose_Qty': '500ml', 'waitrose_discounted_price': '£6.15', 'waitrose_offer_desc': None, 'waitrose_url': 'https://www.waitrose.com/ecom/shop/browse/groceries/toiletries_health_and_beauty/hair_care/shampoo', 'waitrose_rating': None, 'waitrose_unit_price': '(£1.23/100ml)', 'waitrose_new_flag': None, 'waitrose_prod_name': 'Aussie miracle moist shampoo 500ml', 'images': []}
DEBUG: Scraped from <200 https://www.waitrose.com/ecom/shop/browse/groceries/toiletries_health_and_beauty/hair_care/shampoo>
{'client': 'Waitrose', 'time': datetime.datetime(2020, 9, 5, 18, 26, 24, 911675), 'category': 'Shampoo', 'id': 'tPp427668-591713-591714', 'prod_name': 'Herbal Essences Hydrate Shampoo', 'waitrose_Qty': '400ml', 'waitrose_discounted_price': '£4.50', 'waitrose_offer_desc': None, 'waitrose_url': 'https://www.waitrose.com/ecom/shop/browse/groceries/toiletries_health_and_beauty/hair_care/shampoo', 'waitrose_rating': '5', 'waitrose_unit_price': '(£1.13/100ml)', 'waitrose_new_flag': None, 'waitrose_prod_name': 'Herbal Essences Hydrate Shampoo 400ml', 'images': []}
DEBUG: Scraped from <200 https://www.waitrose.com/ecom/shop/browse/groceries/toiletries_health_and_beauty/hair_care/shampoo>
{'client': 'Waitrose', 'time': datetime.datetime(2020, 9, 5, 18, 26, 24, 911675), 'category': 'Shampoo', 'id': 'tPp407453-471203-471204', 'prod_name': 'Ogx Biotin & Collagen Shampoo', 'waitrose_Qty': '385ml', 'waitrose_discounted_price': '£7.00', 'waitrose_offer_desc': None, 'waitrose_url': 'https://www.waitrose.com/ecom/shop/browse/groceries/toiletries_health_and_beauty/hair_care/shampoo', 'waitrose_rating': None, 'waitrose_unit_price': '(£1.82/100ml)', 'waitrose_new_flag': None, 'waitrose_prod_name': 'Ogx Biotin & Collagen Shampoo 385ml', 'images': []}
DEBUG: Scraped from <200 https://www.waitrose.com/ecom/shop/browse/groceries/toiletries_health_and_beauty/hair_care/shampoo>
{'client': 'Waitrose', 'time': datetime.datetime(2020, 9, 5, 18, 26, 24, 911675), 'category': 'Shampoo', 'id': 'tPp735751-154731-154732', 'prod_name': 'Aussie aussome volume shampoo', 'waitrose_Qty': '500ml', 'waitrose_discounted_price': '£6.10', 'waitrose_offer_desc': None, 'waitrose_url': 'https://www.waitrose.com/ecom/shop/browse/groceries/toiletries_health_and_beauty/hair_care/shampoo', 'waitrose_rating': None, 'waitrose_unit_price': '(£1.22/100ml)', 'waitrose_new_flag': None, 'waitrose_prod_name': 'Aussie aussome volume shampoo 500ml', 'images': []}
DEBUG: Scraped from <200 https://www.waitrose.com/ecom/shop/browse/groceries/toiletries_health_and_beauty/hair_care/shampoo>
{'client': 'Waitrose', 'time': datetime.datetime(2020, 9, 5, 18, 26, 24, 911675), 'category': 'Shampoo', 'id': 'tPp755068-720289-720290', 'prod_name': 'Herbal Essences Aloe Hemp Shampoo', 'waitrose_Qty': '380ml', 'waitrose_discounted_price': '£4.50', 'waitrose_offer_desc': None, 'waitrose_url': 'https://www.waitrose.com/ecom/shop/browse/groceries/toiletries_health_and_beauty/hair_care/shampoo', 'waitrose_rating': None, 'waitrose_unit_price': '(£1.19/100ml)', 'waitrose_new_flag': None, 'waitrose_prod_name': 'Herbal Essences Aloe Hemp Shampoo 380ml', 'images': []}
DEBUG: Scraped from <200 https://www.waitrose.com/ecom/shop/browse/groceries/toiletries_health_and_beauty/hair_care/shampoo>
{'client': 'Waitrose', 'time': datetime.datetime(2020, 9, 5, 18, 26, 24, 911675), 'category': 'Shampoo', 'id': 'tPp480728-631267-631268', 'prod_name': 'Ogx Orchid Oil Shampoo', 'waitrose_Qty': '385ml', 'waitrose_discounted_price': '£7.00', 'waitrose_offer_desc': None, 'waitrose_url': 'https://www.waitrose.com/ecom/shop/browse/groceries/toiletries_health_and_beauty/hair_care/shampoo', 'waitrose_rating': '5', 'waitrose_unit_price': '(£1.82/100ml)', 'waitrose_new_flag': None, 'waitrose_prod_name': 'Ogx Orchid Oil Shampoo 385ml', 'images': []}
DEBUG: Scraped from <200 https://www.waitrose.com/ecom/shop/browse/groceries/toiletries_health_and_beauty/hair_care/shampoo>
{'client': 'Waitrose', 'time': datetime.datetime(2020, 9, 5, 18, 26, 24, 911675), 'category': 'Shampoo', 'id': 'tPp076232-38732-38733', 'prod_name': 'AOrganic Lavender Shampoo', 'waitrose_Qty': '325ml', 'waitrose_discounted_price': '£7.00', 'waitrose_offer_desc': None, 'waitrose_url': 'https://www.waitrose.com/ecom/shop/browse/groceries/toiletries_health_and_beauty/hair_care/shampoo', 'waitrose_rating': '3.8', 'waitrose_unit_price': '(£2.16/100ml)', 'waitrose_new_flag': None, 'waitrose_prod_name': 'AOrganic Lavender Shampoo 325ml', 'images': []}
DEBUG: Scraped from <200 https://www.waitrose.com/ecom/shop/browse/groceries/toiletries_health_and_beauty/hair_care/shampoo>
{'client': 'Waitrose', 'time': datetime.datetime(2020, 9, 5, 18, 26, 24, 911675), 'category': 'Shampoo', 'id': 'tPp888765-695909-695910', 'prod_name': 'Umberto Giannini Curl Jelly Wash', 'waitrose_Qty': '250ml', 'waitrose_discounted_price': '£8.00', 'waitrose_offer_desc': 'Mix & Match Add 3 for 2 Cheapest Item Free', 'waitrose_url': 'https://www.waitrose.com/ecom/shop/browse/groceries/toiletries_health_and_beauty/hair_care/shampoo', 'waitrose_rating': '2.5', 'waitrose_unit_price': '(£3.20/100ml)', 'waitrose_new_flag': None, 'waitrose_prod_name': 'Umberto Giannini Curl Jelly Wash 250ml', 'images': []}
DEBUG: Scraped from <200 https://www.waitrose.com/ecom/shop/browse/groceries/toiletries_health_and_beauty/hair_care/shampoo>
{'client': 'Waitrose', 'time': datetime.datetime(2020, 9, 5, 18, 26, 24, 911675), 'category': 'Shampoo', 'id': 'tPp703131-695681-695682', 'prod_name': 'Head & Shoulders Repair Shampoo', 'waitrose_Qty': '400ml', 'waitrose_discounted_price': '£3.33', 'waitrose_offer_desc': 'Save 1/3.', 'waitrose_url': 'https://www.waitrose.com/ecom/shop/browse/groceries/toiletries_health_and_beauty/hair_care/shampoo', 'waitrose_rating': '4', 'waitrose_unit_price': '(83.3p/100ml)', 'waitrose_new_flag': None, 'waitrose_prod_name': 'Head & Shoulders Repair Shampoo 400ml', 'images': []}
DEBUG: Scraped from <200 https://www.waitrose.com/ecom/shop/browse/groceries/toiletries_health_and_beauty/hair_care/shampoo>
{'client': 'Waitrose', 'time': datetime.datetime(2020, 9, 5, 18, 26, 24, 911675), 'category': 'Shampoo', 'id': 'tPp778297-720309-720310', 'prod_name': 'Pantene Grow Strong Shampoo', 'waitrose_Qty': '400ml', 'waitrose_discounted_price': '£3.75', 'waitrose_offer_desc': None, 'waitrose_url': 'https://www.waitrose.com/ecom/shop/browse/groceries/toiletries_health_and_beauty/hair_care/shampoo', 'waitrose_rating': None, 'waitrose_unit_price': '(93.8p/100ml)', 'waitrose_new_flag': None, 'waitrose_prod_name': 'Pantene Grow Strong Shampoo 400ml', 'images': []}
DEBUG: Scraped from <200 https://www.waitrose.com/ecom/shop/browse/groceries/toiletries_health_and_beauty/hair_care/shampoo>
{'client': 'Waitrose', 'time': datetime.datetime(2020, 9, 5, 18, 26, 24, 911675), 'category': 'Shampoo', 'id': 'tPp586765-735804-735805', 'prod_name': "L'Oreal Elvive Restoring Shampoo", 'waitrose_Qty': '400ml', 'waitrose_discounted_price': '£3.75', 'waitrose_offer_desc': None, 'waitrose_url': 'https://www.waitrose.com/ecom/shop/browse/groceries/toiletries_health_and_beauty/hair_care/shampoo', 'waitrose_rating': None, 'waitrose_unit_price': '(93.8p/100ml)', 'waitrose_new_flag': 'NEW', 'waitrose_prod_name': "L'Oreal Elvive Restoring Shampoo 400ml", 'images': []}
DEBUG: Scraped from <200 https://www.waitrose.com/ecom/shop/browse/groceries/toiletries_health_and_beauty/hair_care/shampoo>
{'client': 'Waitrose', 'time': datetime.datetime(2020, 9, 5, 18, 26, 24, 911675), 'category': 'Shampoo', 'id': 'tPp812614-707138-707139', 'prod_name': 'Beco Spring Meadow Shampoo Bar', 'waitrose_Qty': '90g', 'waitrose_discounted_price': '£4.00', 'waitrose_offer_desc': None, 'waitrose_url': 'https://www.waitrose.com/ecom/shop/browse/groceries/toiletries_health_and_beauty/hair_care/shampoo', 'waitrose_rating': '3.3', 'waitrose_unit_price': '(£4.45/100g)', 'waitrose_new_flag': None, 'waitrose_prod_name': 'Beco Spring Meadow Shampoo Bar 90g', 'images': []}
DEBUG: Scraped from <200 https://www.waitrose.com/ecom/shop/browse/groceries/toiletries_health_and_beauty/hair_care/shampoo>
{'client': 'Waitrose', 'time': datetime.datetime(2020, 9, 5, 18, 26, 24, 911675), 'category': 'Shampoo', 'id': 'tPp790782-694215-694216', 'prod_name': 'Pantene 3in1 Smooth & Sleek', 'waitrose_Qty': '450ml', 'waitrose_discounted_price': '£3.75', 'waitrose_offer_desc': None, 'waitrose_url': 'https://www.waitrose.com/ecom/shop/browse/groceries/toiletries_health_and_beauty/hair_care/shampoo', 'waitrose_rating': None, 'waitrose_unit_price': '(83.3p/100ml)', 'waitrose_new_flag': None, 'waitrose_prod_name': 'Pantene 3in1 Smooth & Sleek 450ml', 'images': []}
DEBUG: Scraped from <200 https://www.waitrose.com/ecom/shop/browse/groceries/toiletries_health_and_beauty/hair_care/shampoo>
{'client': 'Waitrose', 'time': datetime.datetime(2020, 9, 5, 18, 26, 24, 911675), 'category': 'Shampoo', 'id': 'tPp724972-694185-694186', 'prod_name': 'Pantene 3in1 Repair & Protect', 'waitrose_Qty': '450ml', 'waitrose_discounted_price': '£3.75', 'waitrose_offer_desc': None, 'waitrose_url': 'https://www.waitrose.com/ecom/shop/browse/groceries/toiletries_health_and_beauty/hair_care/shampoo', 'waitrose_rating': None, 'waitrose_unit_price': '(83.3p/100ml)', 'waitrose_new_flag': None, 'waitrose_prod_name': 'Pantene 3in1 Repair & Protect 450ml', 'images': []}
DEBUG: Scraped from <200 https://www.waitrose.com/ecom/shop/browse/groceries/toiletries_health_and_beauty/hair_care/shampoo>
{'client': 'Waitrose', 'time': datetime.datetime(2020, 9, 5, 18, 26, 24, 911675), 'category': 'Shampoo', 'id': 'tPp582132-472091-472092', 'prod_name': 'Ogx Argan Oil Morocco Shampoo', 'waitrose_Qty': '385ml', 'waitrose_discounted_price': '£7.00', 'waitrose_offer_desc': None, 'waitrose_url': 'https://www.waitrose.com/ecom/shop/browse/groceries/toiletries_health_and_beauty/hair_care/shampoo', 'waitrose_rating': '4', 'waitrose_unit_price': '(£1.82/100ml)', 'waitrose_new_flag': None, 'waitrose_prod_name': 'Ogx Argan Oil Morocco Shampoo 385ml', 'images': []}
DEBUG: Scraped from <200 https://www.waitrose.com/ecom/shop/browse/groceries/toiletries_health_and_beauty/hair_care/shampoo>
{'client': 'Waitrose', 'time': datetime.datetime(2020, 9, 5, 18, 26, 24, 911675), 'category': 'Shampoo', 'id': 'tPp426973-298983-298984', 'prod_name': 'Head & Shoulders 2in1 Apple Fresh', 'waitrose_Qty': '450ml', 'waitrose_discounted_price': '£5.00', 'waitrose_offer_desc': None, 'waitrose_url': 'https://www.waitrose.com/ecom/shop/browse/groceries/toiletries_health_and_beauty/hair_care/shampoo', 'waitrose_rating': None, 'waitrose_unit_price': '(£1.12/100ml)', 'waitrose_new_flag': None, 'waitrose_prod_name': 'Head & Shoulders 2in1 Apple Fresh 450ml', 'images': []}
DEBUG: Scraped from <200 https://www.waitrose.com/ecom/shop/browse/groceries/toiletries_health_and_beauty/hair_care/shampoo>
{'client': 'Waitrose', 'time': datetime.datetime(2020, 9, 5, 18, 26, 24, 911675), 'category': 'Shampoo', 'id': 'tPp886458-216893-216894', 'prod_name': 'Ogx Brazilian Keratin Shampoo', 'waitrose_Qty': '385ml', 'waitrose_discounted_price': '£7.00', 'waitrose_offer_desc': None, 'waitrose_url': 'https://www.waitrose.com/ecom/shop/browse/groceries/toiletries_health_and_beauty/hair_care/shampoo', 'waitrose_rating': '5', 'waitrose_unit_price': '(£1.82/100ml)', 'waitrose_new_flag': None, 'waitrose_prod_name': 'Ogx Brazilian Keratin Shampoo 385ml', 'images': []}
DEBUG: Scraped from <200 https://www.waitrose.com/ecom/shop/browse/groceries/toiletries_health_and_beauty/hair_care/shampoo>
{'client': 'Waitrose', 'time': datetime.datetime(2020, 9, 5, 18, 26, 24, 911675), 'category': 'Shampoo', 'id': 'tPp480888-154495-154496', 'prod_name': 'Head & Shoulders Smooth Shampoo', 'waitrose_Qty': '500ml', 'waitrose_discounted_price': '£5.15', 'waitrose_offer_desc': None, 'waitrose_url': 'https://www.waitrose.com/ecom/shop/browse/groceries/toiletries_health_and_beauty/hair_care/shampoo', 'waitrose_rating': None, 'waitrose_unit_price': '(£1.03/100ml)', 'waitrose_new_flag': None, 'waitrose_prod_name': 'Head & Shoulders Smooth Shampoo 500ml', 'images': []}
DEBUG: Scraped from <200 https://www.waitrose.com/ecom/shop/browse/groceries/toiletries_health_and_beauty/hair_care/shampoo>
{'client': 'Waitrose', 'time': datetime.datetime(2020, 9, 5, 18, 26, 24, 911675), 'category': 'Shampoo', 'id': 'tPp810302-683828-683829', 'prod_name': 'Herbal Essences Deep Repair Shampoo', 'waitrose_Qty': '400ml', 'waitrose_discounted_price': '£4.50', 'waitrose_offer_desc': None, 'waitrose_url': 'https://www.waitrose.com/ecom/shop/browse/groceries/toiletries_health_and_beauty/hair_care/shampoo', 'waitrose_rating': None, 'waitrose_unit_price': '(£1.13/100ml)', 'waitrose_new_flag': None, 'waitrose_prod_name': 'Herbal Essences Deep Repair Shampoo 400ml', 'images': []}
DEBUG: Scraped from <200 https://www.waitrose.com/ecom/shop/browse/groceries/toiletries_health_and_beauty/hair_care/shampoo>
{'client': 'Waitrose', 'time': datetime.datetime(2020, 9, 5, 18, 26, 24, 911675), 'category': 'Shampoo', 'id': 'tPp752186-631541-631542', 'prod_name': 'Ogx Coconut OIl Shampoo', 'waitrose_Qty': '385ml', 'waitrose_discounted_price': '£7.00', 'waitrose_offer_desc': None, 'waitrose_url': 'https://www.waitrose.com/ecom/shop/browse/groceries/toiletries_health_and_beauty/hair_care/shampoo', 'waitrose_rating': None, 'waitrose_unit_price': '(£1.82/100ml)', 'waitrose_new_flag': None, 'waitrose_prod_name': 'Ogx Coconut OIl Shampoo 385ml', 'images': []}
DEBUG: Scraped from <200 https://www.waitrose.com/ecom/shop/browse/groceries/toiletries_health_and_beauty/hair_care/shampoo>
{'client': 'Waitrose', 'time': datetime.datetime(2020, 9, 5, 18, 26, 24, 911675), 'category': 'Shampoo', 'id': 'tPp603087-695555-695556', 'prod_name': 'Noughty Colour Bomb Shampoo', 'waitrose_Qty': '250ml', 'waitrose_discounted_price': '£4.66', 'waitrose_offer_desc': 'Save 1/3.', 'waitrose_url': 'https://www.waitrose.com/ecom/shop/browse/groceries/toiletries_health_and_beauty/hair_care/shampoo', 'waitrose_rating': '3', 'waitrose_unit_price': '(£1.87/100ml)', 'waitrose_new_flag': None, 'waitrose_prod_name': 'Noughty Colour Bomb Shampoo 250ml', 'images': []}
DEBUG: Scraped from <200 https://www.waitrose.com/ecom/shop/browse/groceries/toiletries_health_and_beauty/hair_care/shampoo>
{'client': 'Waitrose', 'time': datetime.datetime(2020, 9, 5, 18, 26, 24, 911675), 'category': 'Shampoo', 'id': 'tPp554742-695503-695504', 'prod_name': 'Umberto Giannini Violet Shampoo', 'waitrose_Qty': '250ml', 'waitrose_discounted_price': '£8.00', 'waitrose_offer_desc': 'Mix & Match Add 3 for 2 Cheapest Item Free', 'waitrose_url': 'https://www.waitrose.com/ecom/shop/browse/groceries/toiletries_health_and_beauty/hair_care/shampoo', 'waitrose_rating': None, 'waitrose_unit_price': '(£3.20/100ml)', 'waitrose_new_flag': None, 'waitrose_prod_name': 'Umberto Giannini Violet Shampoo 250ml', 'images': []}
DEBUG: Scraped from <200 https://www.waitrose.com/ecom/shop/browse/groceries/toiletries_health_and_beauty/hair_care/shampoo>
{'client': 'Waitrose', 'time': datetime.datetime(2020, 9, 5, 18, 26, 24, 911675), 'category': 'Shampoo', 'id': 'tPp829437-695831-695832', 'prod_name': 'Umberto Giannini Grow Long Shampoo', 'waitrose_Qty': '250ml', 'waitrose_discounted_price': '£8.00', 'waitrose_offer_desc': 'Mix & Match Add 3 for 2 Cheapest Item Free', 'waitrose_url': 'https://www.waitrose.com/ecom/shop/browse/groceries/toiletries_health_and_beauty/hair_care/shampoo', 'waitrose_rating': '5', 'waitrose_unit_price': '(£3.20/100ml)', 'waitrose_new_flag': None, 'waitrose_prod_name': 'Umberto Giannini Grow Long Shampoo 250ml', 'images': []}
DEBUG: Scraped from <200 https://www.waitrose.com/ecom/shop/browse/groceries/toiletries_health_and_beauty/hair_care/shampoo>
{'client': 'Waitrose', 'time': datetime.datetime(2020, 9, 5, 18, 26, 24, 911675), 'category': 'Shampoo', 'id': 'tPp405353-729640-729641', 'prod_name': 'Percy & Reed No-Fuss Dry Shampoo', 'waitrose_Qty': '200ml', 'waitrose_discounted_price': '£15.00', 'waitrose_offer_desc': None, 'waitrose_url': 'https://www.waitrose.com/ecom/shop/browse/groceries/toiletries_health_and_beauty/hair_care/shampoo', 'waitrose_rating': '3.8', 'waitrose_unit_price': '(£7.50/100ml)', 'waitrose_new_flag': None, 'waitrose_prod_name': 'Percy & Reed No-Fuss Dry Shampoo 200ml', 'images': []}
DEBUG: Scraped from <200 https://www.waitrose.com/ecom/shop/browse/groceries/toiletries_health_and_beauty/hair_care/shampoo>
{'client': 'Waitrose', 'time': datetime.datetime(2020, 9, 5, 18, 26, 24, 911675), 'category': 'Shampoo', 'id': 'tPp820157-724089-724090', 'prod_name': 'Eco Warrior Shampoo Bar', 'waitrose_Qty': '100g', 'waitrose_discounted_price': '£4.50', 'waitrose_offer_desc': None, 'waitrose_url': 'https://www.waitrose.com/ecom/shop/browse/groceries/toiletries_health_and_beauty/hair_care/shampoo', 'waitrose_rating': None, 'waitrose_unit_price': '(£4.50/100g)', 'waitrose_new_flag': None, 'waitrose_prod_name': 'Eco Warrior Shampoo Bar 100g', 'images': []}
DEBUG: Scraped from <200 https://www.waitrose.com/ecom/shop/browse/groceries/toiletries_health_and_beauty/hair_care/shampoo>
{'client': 'Waitrose', 'time': datetime.datetime(2020, 9, 5, 18, 26, 24, 911675), 'category': 'Shampoo', 'id': 'tPp867514-720387-720388', 'prod_name': 'Head & Shoulders Coconut Shampoo', 'waitrose_Qty': '500ml', 'waitrose_discounted_price': '£5.00', 'waitrose_offer_desc': None, 'waitrose_url': 'https://www.waitrose.com/ecom/shop/browse/groceries/toiletries_health_and_beauty/hair_care/shampoo', 'waitrose_rating': None, 'waitrose_unit_price': '(£1/100ml)', 'waitrose_new_flag': None, 'waitrose_prod_name': 'Head & Shoulders Coconut Shampoo 500ml', 'images': []}
DEBUG: Scraped from <200 https://www.waitrose.com/ecom/shop/browse/groceries/toiletries_health_and_beauty/hair_care/shampoo>
{'client': 'Waitrose', 'time': datetime.datetime(2020, 9, 5, 18, 26, 24, 911675), 'category': 'Shampoo', 'id': 'tPp861587-154949-154950', 'prod_name': 'Batiste dark & deep brown dry shampoo', 'waitrose_Qty': '200ml', 'waitrose_discounted_price': '£4.00', 'waitrose_offer_desc': None, 'waitrose_url': 'https://www.waitrose.com/ecom/shop/browse/groceries/toiletries_health_and_beauty/hair_care/shampoo', 'waitrose_rating': None, 'waitrose_unit_price': '(£2/100ml)', 'waitrose_new_flag': None, 'waitrose_prod_name': 'Batiste dark & deep brown dry shampoo 200ml', 'images': []}
DEBUG: Scraped from <200 https://www.waitrose.com/ecom/shop/browse/groceries/toiletries_health_and_beauty/hair_care/shampoo>
{'client': 'Waitrose', 'time': datetime.datetime(2020, 9, 5, 18, 26, 24, 911675), 'category': 'Shampoo', 'id': 'tPp662395-154665-154666', 'prod_name': 'Aussie colour mate shampoo', 'waitrose_Qty': '500ml', 'waitrose_discounted_price': '£6.15', 'waitrose_offer_desc': None, 'waitrose_url': 'https://www.waitrose.com/ecom/shop/browse/groceries/toiletries_health_and_beauty/hair_care/shampoo', 'waitrose_rating': None, 'waitrose_unit_price': '(£1.23/100ml)', 'waitrose_new_flag': None, 'waitrose_prod_name': 'Aussie colour mate shampoo 500ml', 'images': []}
DEBUG: Scraped from <200 https://www.waitrose.com/ecom/shop/browse/groceries/toiletries_health_and_beauty/hair_care/shampoo>
{'client': 'Waitrose', 'time': datetime.datetime(2020, 9, 5, 18, 26, 24, 911675), 'category': 'Shampoo', 'id': 'tPp627460-154629-154630', 'prod_name': 'Aussie mega shampoo', 'waitrose_Qty': '500ml', 'waitrose_discounted_price': '£6.15', 'waitrose_offer_desc': None, 'waitrose_url': 'https://www.waitrose.com/ecom/shop/browse/groceries/toiletries_health_and_beauty/hair_care/shampoo', 'waitrose_rating': '3.8', 'waitrose_unit_price': '(£1.23/100ml)', 'waitrose_new_flag': None, 'waitrose_prod_name': 'Aussie mega shampoo 500ml', 'images': []}
DEBUG: Scraped from <200 https://www.waitrose.com/ecom/shop/browse/groceries/toiletries_health_and_beauty/hair_care/shampoo>
{'client': 'Waitrose', 'time': datetime.datetime(2020, 9, 5, 18, 26, 24, 911675), 'category': 'Shampoo', 'id': 'tPp581644-729702-729703', 'prod_name': 'Percy & Reed Hydrating Shampoo', 'waitrose_Qty': '250ml', 'waitrose_discounted_price': '£18.00', 'waitrose_offer_desc': None, 'waitrose_url': 'https://www.waitrose.com/ecom/shop/browse/groceries/toiletries_health_and_beauty/hair_care/shampoo', 'waitrose_rating': None, 'waitrose_unit_price': '(£7.20/100ml)', 'waitrose_new_flag': None, 'waitrose_prod_name': 'Percy & Reed Hydrating Shampoo 250ml', 'images': []}
DEBUG: Scraped from <200 https://www.waitrose.com/ecom/shop/browse/groceries/toiletries_health_and_beauty/hair_care/shampoo>
{'client': 'Waitrose', 'time': datetime.datetime(2020, 9, 5, 18, 26, 24, 911675), 'category': 'Shampoo', 'id': 'tPp584599-695531-695532', 'prod_name': 'Batiste Dry Shampoo Volume', 'waitrose_Qty': '200ml', 'waitrose_discounted_price': '£4.25', 'waitrose_offer_desc': None, 'waitrose_url': 'https://www.waitrose.com/ecom/shop/browse/groceries/toiletries_health_and_beauty/hair_care/shampoo', 'waitrose_rating': None, 'waitrose_unit_price': '(£2.13/100ml)', 'waitrose_new_flag': None, 'waitrose_prod_name': 'Batiste Dry Shampoo Volume 200ml', 'images': []}
DEBUG: Scraped from <200 https://www.waitrose.com/ecom/shop/browse/groceries/toiletries_health_and_beauty/hair_care/shampoo>
{'client': 'Waitrose', 'time': datetime.datetime(2020, 9, 5, 18, 26, 24, 911675), 'category': 'Shampoo', 'id': 'tPp407272-440973-440974', 'prod_name': 'Richard Ward Chelsea Cleanse & Condition', 'waitrose_Qty': '250ml', 'waitrose_discounted_price': '£6.00', 'waitrose_offer_desc': None, 'waitrose_url': 'https://www.waitrose.com/ecom/shop/browse/groceries/toiletries_health_and_beauty/hair_care/shampoo', 'waitrose_rating': '3.9', 'waitrose_unit_price': '(£2.40/100ml)', 'waitrose_new_flag': None, 'waitrose_prod_name': 'Richard Ward Chelsea Cleanse & Condition 250ml', 'images': []}
DEBUG: Scraped from <200 https://www.waitrose.com/ecom/shop/browse/groceries/toiletries_health_and_beauty/hair_care/shampoo>
{'client': 'Waitrose', 'time': datetime.datetime(2020, 9, 5, 18, 26, 24, 911675), 'category': 'Shampoo', 'id': 'tPp809690-337194-337195', 'prod_name': 'Head & Shoulders 2in1 Itchy Scalp', 'waitrose_Qty': '450ml', 'waitrose_discounted_price': '£5.15', 'waitrose_offer_desc': None, 'waitrose_url': 'https://www.waitrose.com/ecom/shop/browse/groceries/toiletries_health_and_beauty/hair_care/shampoo', 'waitrose_rating': '5', 'waitrose_unit_price': '(£1.15/100ml)', 'waitrose_new_flag': None, 'waitrose_prod_name': 'Head & Shoulders 2in1 Itchy Scalp 450ml', 'images': []}
DEBUG: Scraped from <200 https://www.waitrose.com/ecom/shop/browse/groceries/toiletries_health_and_beauty/hair_care/shampoo>
{'client': 'Waitrose', 'time': datetime.datetime(2020, 9, 5, 18, 26, 24, 911675), 'category': 'Shampoo', 'id': 'tPp889100-330444-330445', 'prod_name': 'AOrganic Rosemary Shampoo', 'waitrose_Qty': '325ml', 'waitrose_discounted_price': '£7.00', 'waitrose_offer_desc': None, 'waitrose_url': 'https://www.waitrose.com/ecom/shop/browse/groceries/toiletries_health_and_beauty/hair_care/shampoo', 'waitrose_rating': '2.5', 'waitrose_unit_price': '(£2.16/100ml)', 'waitrose_new_flag': None, 'waitrose_prod_name': 'AOrganic Rosemary Shampoo 325ml', 'images': []}
DEBUG: Scraped from <200 https://www.waitrose.com/ecom/shop/browse/groceries/toiletries_health_and_beauty/hair_care/shampoo>
{'client': 'Waitrose', 'time': datetime.datetime(2020, 9, 5, 18, 26, 24, 911675), 'category': 'Shampoo', 'id': 'tPp714629-729752-729753', 'prod_name': 'OGX Keratin Oil Shampoo', 'waitrose_Qty': '385ml', 'waitrose_discounted_price': '£7.00', 'waitrose_offer_desc': None, 'waitrose_url': 'https://www.waitrose.com/ecom/shop/browse/groceries/toiletries_health_and_beauty/hair_care/shampoo', 'waitrose_rating': None, 'waitrose_unit_price': '(£1.82/100ml)', 'waitrose_new_flag': None, 'waitrose_prod_name': 'OGX Keratin Oil Shampoo 385ml', 'images': []}
DEBUG: Scraped from <200 https://www.waitrose.com/ecom/shop/browse/groceries/toiletries_health_and_beauty/hair_care/shampoo>
{'client': 'Waitrose', 'time': datetime.datetime(2020, 9, 5, 18, 26, 24, 911675), 'category': 'Shampoo', 'id': 'tPp567431-729696-729697', 'prod_name': 'Batiste Dry Shampoo for Blondes', 'waitrose_Qty': '200ml', 'waitrose_discounted_price': '£4.00', 'waitrose_offer_desc': None, 'waitrose_url': 'https://www.waitrose.com/ecom/shop/browse/groceries/toiletries_health_and_beauty/hair_care/shampoo', 'waitrose_rating': None, 'waitrose_unit_price': '(£2/100ml)', 'waitrose_new_flag': None, 'waitrose_prod_name': 'Batiste Dry Shampoo for Blondes 200ml', 'images': []}
DEBUG: Scraped from <200 https://www.waitrose.com/ecom/shop/browse/groceries/toiletries_health_and_beauty/hair_care/shampoo>
{'client': 'Waitrose', 'time': datetime.datetime(2020, 9, 5, 18, 26, 24, 911675), 'category': 'Shampoo', 'id': 'tPp492090-729670-729671', 'prod_name': 'Percy & Reed Volumising Shampoo', 'waitrose_Qty': '250ml', 'waitrose_discounted_price': '£18.00', 'waitrose_offer_desc': None, 'waitrose_url': 'https://www.waitrose.com/ecom/shop/browse/groceries/toiletries_health_and_beauty/hair_care/shampoo', 'waitrose_rating': None, 'waitrose_unit_price': '(£7.20/100ml)', 'waitrose_new_flag': None, 'waitrose_prod_name': 'Percy & Reed Volumising Shampoo 250ml', 'images': []}
DEBUG: Scraped from <200 https://www.waitrose.com/ecom/shop/browse/groceries/toiletries_health_and_beauty/hair_care/shampoo>
{'client': 'Waitrose', 'time': datetime.datetime(2020, 9, 5, 18, 26, 24, 911675), 'category': 'Shampoo', 'id': 'tPp567481-719558-719559', 'prod_name': 'Fit Kit Gentle Shampoo &Conditioner', 'waitrose_Qty': '200ml', 'waitrose_discounted_price': '£4.00', 'waitrose_offer_desc': None, 'waitrose_url': 'https://www.waitrose.com/ecom/shop/browse/groceries/toiletries_health_and_beauty/hair_care/shampoo', 'waitrose_rating': '5', 'waitrose_unit_price': '(£2/100ml)', 'waitrose_new_flag': None, 'waitrose_prod_name': 'Fit Kit Gentle Shampoo &Conditioner 200ml', 'images': []}
DEBUG: Scraped from <200 https://www.waitrose.com/ecom/shop/browse/groceries/toiletries_health_and_beauty/hair_care/shampoo>
{'client': 'Waitrose', 'time': datetime.datetime(2020, 9, 5, 18, 26, 24, 911675), 'category': 'Shampoo', 'id': 'tPp803275-329016-329017', 'prod_name': 'AOrganic Peppermint Shampoo', 'waitrose_Qty': '325ml', 'waitrose_discounted_price': '£7.00', 'waitrose_offer_desc': None, 'waitrose_url': 'https://www.waitrose.com/ecom/shop/browse/groceries/toiletries_health_and_beauty/hair_care/shampoo', 'waitrose_rating': None, 'waitrose_unit_price': '(£2.16/100ml)', 'waitrose_new_flag': None, 'waitrose_prod_name': 'AOrganic Peppermint Shampoo 325ml', 'images': []}
DEBUG: Scraped from <200 https://www.waitrose.com/ecom/shop/browse/groceries/toiletries_health_and_beauty/hair_care/shampoo>
{'client': 'Waitrose', 'time': datetime.datetime(2020, 9, 5, 18, 26, 24, 911675), 'category': 'Shampoo', 'id': 'tPp834106-299691-299692', 'prod_name': 'Head & Shoulders 2in1 smooth & silky', 'waitrose_Qty': '450ml', 'waitrose_discounted_price': '£5.00', 'waitrose_offer_desc': None, 'waitrose_url': 'https://www.waitrose.com/ecom/shop/browse/groceries/toiletries_health_and_beauty/hair_care/shampoo', 'waitrose_rating': None, 'waitrose_unit_price': '(£1.12/100ml)', 'waitrose_new_flag': None, 'waitrose_prod_name': 'Head & Shoulders 2in1 smooth & silky 450ml', 'images': []}
DEBUG: Scraped from <200 https://www.waitrose.com/ecom/shop/browse/groceries/toiletries_health_and_beauty/hair_care/shampoo>
{'client': 'Waitrose', 'time': datetime.datetime(2020, 9, 5, 18, 26, 24, 911675), 'category': 'Shampoo', 'id': 'tPp836383-271490-271491', 'prod_name': 'Head & Shoulders 2in1 citrus care', 'waitrose_Qty': '450ml', 'waitrose_discounted_price': '£5.15', 'waitrose_offer_desc': None, 'waitrose_url': 'https://www.waitrose.com/ecom/shop/browse/groceries/toiletries_health_and_beauty/hair_care/shampoo', 'waitrose_rating': None, 'waitrose_unit_price': '(£1.15/100ml)', 'waitrose_new_flag': None, 'waitrose_prod_name': 'Head & Shoulders 2in1 citrus care 450ml', 'images': []}
DEBUG: Scraped from <200 https://www.waitrose.com/ecom/shop/browse/groceries/toiletries_health_and_beauty/hair_care/shampoo>
{'client': 'Waitrose', 'time': datetime.datetime(2020, 9, 5, 18, 26, 24, 911675), 'category': 'Shampoo', 'id': 'tPp694392-98595-98596', 'prod_name': 'Head & Shoulders Shampoo Cool Menthol', 'waitrose_Qty': '500ml', 'waitrose_discounted_price': '£5.15', 'waitrose_offer_desc': None, 'waitrose_url': 'https://www.waitrose.com/ecom/shop/browse/groceries/toiletries_health_and_beauty/hair_care/shampoo', 'waitrose_rating': None, 'waitrose_unit_price': '(£1.03/100ml)', 'waitrose_new_flag': None, 'waitrose_prod_name': 'Head & Shoulders Shampoo Cool Menthol 500ml', 'images': []}
DEBUG: Scraped from <200 https://www.waitrose.com/ecom/shop/browse/groceries/toiletries_health_and_beauty/hair_care/shampoo>
{'client': 'Waitrose', 'time': datetime.datetime(2020, 9, 5, 18, 26, 24, 911675), 'category': 'Shampoo', 'id': 'tPp698673-735854-735855', 'prod_name': 'Pantene Pro V Rose Water Shampoo', 'waitrose_Qty': '225ml', 'waitrose_discounted_price': '£3.75', 'waitrose_offer_desc': None, 'waitrose_url': 'https://www.waitrose.com/ecom/shop/browse/groceries/toiletries_health_and_beauty/hair_care/shampoo', 'waitrose_rating': None, 'waitrose_unit_price': '(£1.67/100ml)', 'waitrose_new_flag': 'NEW', 'waitrose_prod_name': 'Pantene Pro V Rose Water Shampoo 225ml', 'images': []}
DEBUG: Scraped from <200 https://www.waitrose.com/ecom/shop/browse/groceries/toiletries_health_and_beauty/hair_care/shampoo>
{'client': 'Waitrose', 'time': datetime.datetime(2020, 9, 5, 18, 26, 24, 911675), 'category': 'Shampoo', 'id': 'tPp855732-695986-695987', 'prod_name': 'Hair Biology De-Frizz Shampoo', 'waitrose_Qty': '250ml', 'waitrose_discounted_price': '£4.50', 'waitrose_offer_desc': None, 'waitrose_url': 'https://www.waitrose.com/ecom/shop/browse/groceries/toiletries_health_and_beauty/hair_care/shampoo', 'waitrose_rating': None, 'waitrose_unit_price': '(£1.80/100ml)', 'waitrose_new_flag': None, 'waitrose_prod_name': 'Hair Biology De-Frizz Shampoo 250ml', 'images': []}
DEBUG: Scraped from <200 https://www.waitrose.com/ecom/shop/browse/groceries/toiletries_health_and_beauty/hair_care/shampoo>
{'client': 'Waitrose', 'time': datetime.datetime(2020, 9, 5, 18, 26, 24, 911675), 'category': 'Shampoo', 'id': 'tPp567427-683666-683667', 'prod_name': 'Ogx Charcoal Detox Shampoo', 'waitrose_Qty': '385ml', 'waitrose_discounted_price': '£7.00', 'waitrose_offer_desc': None, 'waitrose_url': 'https://www.waitrose.com/ecom/shop/browse/groceries/toiletries_health_and_beauty/hair_care/shampoo', 'waitrose_rating': None, 'waitrose_unit_price': '(£1.82/100ml)', 'waitrose_new_flag': None, 'waitrose_prod_name': 'Ogx Charcoal Detox Shampoo 385ml', 'images': []}
DEBUG: Scraped from <200 https://www.waitrose.com/ecom/shop/browse/groceries/toiletries_health_and_beauty/hair_care/shampoo>
{'client': 'Waitrose', 'time': datetime.datetime(2020, 9, 5, 18, 26, 24, 911675), 'category': 'Shampoo', 'id': 'tPp721134-337091-337092', 'prod_name': 'Aussie miracle shine shampoo', 'waitrose_Qty': '500ml', 'waitrose_discounted_price': '£6.00', 'waitrose_offer_desc': None, 'waitrose_url': 'https://www.waitrose.com/ecom/shop/browse/groceries/toiletries_health_and_beauty/hair_care/shampoo', 'waitrose_rating': None, 'waitrose_unit_price': '(£1.20/100ml)', 'waitrose_new_flag': None, 'waitrose_prod_name': 'Aussie miracle shine shampoo 500ml', 'images': []}
DEBUG: Scraped from <200 https://www.waitrose.com/ecom/shop/browse/groceries/toiletries_health_and_beauty/hair_care/shampoo>
{'client': 'Waitrose', 'time': datetime.datetime(2020, 9, 5, 18, 26, 24, 911675), 'category': 'Shampoo', 'id': 'tPp863078-695988-695989', 'prod_name': 'Pantene Hair Biology Full & Vibrant', 'waitrose_Qty': '250ml', 'waitrose_discounted_price': '£4.50', 'waitrose_offer_desc': None, 'waitrose_url': 'https://www.waitrose.com/ecom/shop/browse/groceries/toiletries_health_and_beauty/hair_care/shampoo', 'waitrose_rating': None, 'waitrose_unit_price': '(£1.80/100ml)', 'waitrose_new_flag': None, 'waitrose_prod_name': 'Pantene Hair Biology Full & Vibrant 250ml', 'images': []}
DEBUG: Scraped from <200 https://www.waitrose.com/ecom/shop/browse/groceries/toiletries_health_and_beauty/hair_care/shampoo>
{'client': 'Waitrose', 'time': datetime.datetime(2020, 9, 5, 18, 26, 24, 911675), 'category': 'Shampoo', 'id': 'tPp734002-695705-695706', 'prod_name': 'Percy & Reed Wonder Wash Shampoo', 'waitrose_Qty': '250ml', 'waitrose_discounted_price': '£18.00', 'waitrose_offer_desc': None, 'waitrose_url': 'https://www.waitrose.com/ecom/shop/browse/groceries/toiletries_health_and_beauty/hair_care/shampoo', 'waitrose_rating': '4.1', 'waitrose_unit_price': '(£7.20/100ml)', 'waitrose_new_flag': None, 'waitrose_prod_name': 'Percy & Reed Wonder Wash Shampoo 250ml', 'images': []}
DEBUG: Scraped from <200 https://www.waitrose.com/ecom/shop/browse/groceries/toiletries_health_and_beauty/hair_care/shampoo>
{'client': 'Waitrose', 'time': datetime.datetime(2020, 9, 5, 18, 26, 24, 911675), 'category': 'Shampoo', 'id': 'tPp591666-681031-681032', 'prod_name': 'Pure Grace Shower Gel', 'waitrose_Qty': '480ml', 'waitrose_discounted_price': '£19.50', 'waitrose_offer_desc': None, 'waitrose_url': 'https://www.waitrose.com/ecom/shop/browse/groceries/toiletries_health_and_beauty/hair_care/shampoo', 'waitrose_rating': None, 'waitrose_unit_price': '(£4.07/100ml)', 'waitrose_new_flag': None, 'waitrose_prod_name': 'Pure Grace Shower Gel 480ml', 'images': []}
DEBUG: Scraped from <200 https://www.waitrose.com/ecom/shop/browse/groceries/toiletries_health_and_beauty/hair_care/shampoo>
{'client': 'Waitrose', 'time': datetime.datetime(2020, 9, 5, 18, 26, 24, 911675), 'category': 'Shampoo', 'id': 'tPp401660-588303-588304', 'prod_name': 'Richard Ward Brunette Shampoo', 'waitrose_Qty': '250ml', 'waitrose_discounted_price': '£6.00', 'waitrose_offer_desc': None, 'waitrose_url': 'https://www.waitrose.com/ecom/shop/browse/groceries/toiletries_health_and_beauty/hair_care/shampoo', 'waitrose_rating': '5', 'waitrose_unit_price': '(£2.40/100ml)', 'waitrose_new_flag': None, 'waitrose_prod_name': 'Richard Ward Brunette Shampoo 250ml', 'images': []}
INFO: Closing spider (finished)
INFO: Stored json feed (141 items) in: waitrose_090520.json
INFO: Dumping Scrapy stats:
{'downloader/request_bytes': 2588,
 'downloader/request_count': 1,
 'downloader/request_method_count/POST': 1,
 'downloader/response_bytes': 1677525,
 'downloader/response_count': 1,
 'downloader/response_status_count/200': 1,
 'finish_reason': 'finished',
 'finish_time': datetime.datetime(2020, 9, 5, 12, 58, 11, 51095),
 'item_scraped_count': 141,
 'log_count/DEBUG': 142,
 'log_count/INFO': 11,
 'log_count/WARNING': 1,
 'response_received_count': 1,
 'scheduler/dequeued': 2,
 'scheduler/dequeued/memory': 2,
 'scheduler/enqueued': 2,
 'scheduler/enqueued/memory': 2,
 'splash/execute/request_count': 1,
 'splash/execute/response_count/200': 1,
 'start_time': datetime.datetime(2020, 9, 5, 12, 56, 25, 181674)}
INFO: Spider closed (finished)
INFO: Scrapy 1.6.0 started (bot: waitrose)
INFO: Versions: lxml 4.5.1.0, libxml2 2.9.10, cssselect 1.1.0, parsel 1.6.0, w3lib 1.22.0, Twisted 20.3.0, Python 3.7.7 (default, May  6 2020, 11:45:54) [MSC v.1916 64 bit (AMD64)], pyOpenSSL 19.1.0 (OpenSSL 1.1.1g  21 Apr 2020), cryptography 2.9.2, Platform Windows-10-10.0.18362-SP0
INFO: Overridden settings: {'BOT_NAME': 'waitrose', 'DOWNLOAD_TIMEOUT': 1200, 'DUPEFILTER_CLASS': 'scrapy_splash.SplashAwareDupeFilter', 'FEED_EXPORT_ENCODING': 'utf-8', 'FEED_FORMAT': 'json', 'FEED_URI': 'waitrose_090620.json', 'NEWSPIDER_MODULE': 'waitrose.spiders', 'SPIDER_MODULES': ['waitrose.spiders']}
INFO: Telnet Password: 5d88ac461044e5b6
INFO: Enabled extensions:
['scrapy.extensions.corestats.CoreStats',
 'scrapy.extensions.telnet.TelnetConsole',
 'scrapy.extensions.feedexport.FeedExporter',
 'scrapy.extensions.logstats.LogStats']
INFO: Enabled downloader middlewares:
['scrapy.downloadermiddlewares.httpauth.HttpAuthMiddleware',
 'scrapy.downloadermiddlewares.downloadtimeout.DownloadTimeoutMiddleware',
 'scrapy.downloadermiddlewares.defaultheaders.DefaultHeadersMiddleware',
 'scrapy.downloadermiddlewares.useragent.UserAgentMiddleware',
 'scrapy.downloadermiddlewares.retry.RetryMiddleware',
 'scrapy.downloadermiddlewares.redirect.MetaRefreshMiddleware',
 'scrapy.downloadermiddlewares.redirect.RedirectMiddleware',
 'scrapy.downloadermiddlewares.cookies.CookiesMiddleware',
 'scrapy_splash.SplashCookiesMiddleware',
 'scrapy_splash.SplashMiddleware',
 'scrapy.downloadermiddlewares.httpproxy.HttpProxyMiddleware',
 'scrapy.downloadermiddlewares.httpcompression.HttpCompressionMiddleware',
 'scrapy.downloadermiddlewares.stats.DownloaderStats']
INFO: Enabled spider middlewares:
['scrapy.spidermiddlewares.httperror.HttpErrorMiddleware',
 'scrapy_splash.SplashDeduplicateArgsMiddleware',
 'scrapy.spidermiddlewares.offsite.OffsiteMiddleware',
 'scrapy.spidermiddlewares.referer.RefererMiddleware',
 'scrapy.spidermiddlewares.urllength.UrlLengthMiddleware',
 'scrapy.spidermiddlewares.depth.DepthMiddleware']
INFO: Enabled item pipelines:
['waitrose.pipelines.ImageDownloaderPipeline',
 'waitrose.pipelines.SQLlitePipeline']
INFO: Spider opened
INFO: Crawled 0 pages (at 0 pages/min), scraped 0 items (at 0 items/min)
WARNING: C:\Users\sujithk\AppData\Local\Continuum\anaconda3\envs\Virtual_Env\lib\site-packages\scrapy\spidermiddlewares\offsite.py:61: URLWarning: allowed_domains accepts only domains, not URLs. Ignoring URL entry https://www.waitrose.com/ in allowed_domains.
  warnings.warn(message, URLWarning)

INFO: Telnet console listening on 127.0.0.1:6026
INFO: Crawled 0 pages (at 0 pages/min), scraped 0 items (at 0 items/min)
INFO: Crawled 0 pages (at 0 pages/min), scraped 0 items (at 0 items/min)
INFO: Crawled 0 pages (at 0 pages/min), scraped 0 items (at 0 items/min)
INFO: Crawled 0 pages (at 0 pages/min), scraped 0 items (at 0 items/min)
INFO: Crawled 0 pages (at 0 pages/min), scraped 0 items (at 0 items/min)
DEBUG: Retrying <GET https://www.waitrose.com/ecom/shop/browse/groceries/toiletries_health_and_beauty/hair_care/shampoo via http://192.168.1.8:8050/execute> (failed 1 times): [<twisted.python.failure.Failure twisted.internet.error.ConnectionLost: Connection to the other side was lost in a non-clean fashion.>]
DEBUG: Retrying <GET https://www.waitrose.com/ecom/shop/browse/groceries/toiletries_health_and_beauty/hair_care/shampoo via http://192.168.1.8:8050/execute> (failed 2 times): No route to host: 10051: A socket operation was attempted to an unreachable network..
DEBUG: Gave up retrying <GET https://www.waitrose.com/ecom/shop/browse/groceries/toiletries_health_and_beauty/hair_care/shampoo via http://192.168.1.8:8050/execute> (failed 3 times): No route to host: 10051: A socket operation was attempted to an unreachable network..
ERROR: Error downloading <GET https://www.waitrose.com/ecom/shop/browse/groceries/toiletries_health_and_beauty/hair_care/shampoo via http://192.168.1.8:8050/execute>
Traceback (most recent call last):
  File "C:\Users\sujithk\AppData\Local\Continuum\anaconda3\envs\Virtual_Env\lib\site-packages\scrapy\core\downloader\middleware.py", line 43, in process_request
    defer.returnValue((yield download_func(request=request,spider=spider)))
twisted.internet.error.NoRouteError: No route to host: 10051: A socket operation was attempted to an unreachable network..
INFO: Closing spider (finished)
INFO: Dumping Scrapy stats:
{'downloader/exception_count': 3,
 'downloader/exception_type_count/twisted.internet.error.NoRouteError': 2,
 'downloader/exception_type_count/twisted.web._newclient.ResponseNeverReceived': 1,
 'downloader/request_bytes': 7764,
 'downloader/request_count': 3,
 'downloader/request_method_count/POST': 3,
 'finish_reason': 'finished',
 'finish_time': datetime.datetime(2020, 9, 6, 5, 48, 36, 872404),
 'log_count/DEBUG': 3,
 'log_count/ERROR': 1,
 'log_count/INFO': 14,
 'log_count/WARNING': 1,
 'retry/count': 2,
 'retry/max_reached': 1,
 'retry/reason_count/twisted.internet.error.NoRouteError': 1,
 'retry/reason_count/twisted.web._newclient.ResponseNeverReceived': 1,
 'scheduler/dequeued': 4,
 'scheduler/dequeued/memory': 4,
 'scheduler/enqueued': 4,
 'scheduler/enqueued/memory': 4,
 'splash/execute/request_count': 1,
 'start_time': datetime.datetime(2020, 9, 6, 5, 43, 24, 381517)}
INFO: Spider closed (finished)
INFO: Scrapy 1.6.0 started (bot: waitrose)
INFO: Versions: lxml 4.5.1.0, libxml2 2.9.10, cssselect 1.1.0, parsel 1.6.0, w3lib 1.22.0, Twisted 20.3.0, Python 3.7.7 (default, May  6 2020, 11:45:54) [MSC v.1916 64 bit (AMD64)], pyOpenSSL 19.1.0 (OpenSSL 1.1.1g  21 Apr 2020), cryptography 2.9.2, Platform Windows-10-10.0.18362-SP0
INFO: Overridden settings: {'BOT_NAME': 'waitrose', 'DOWNLOAD_TIMEOUT': 1200, 'DUPEFILTER_CLASS': 'scrapy_splash.SplashAwareDupeFilter', 'FEED_EXPORT_ENCODING': 'utf-8', 'FEED_FORMAT': 'json', 'FEED_URI': 'waitrose_090620.json', 'NEWSPIDER_MODULE': 'waitrose.spiders', 'SPIDER_MODULES': ['waitrose.spiders']}
INFO: Telnet Password: 9cae6e0f71ed6b66
INFO: Enabled extensions:
['scrapy.extensions.corestats.CoreStats',
 'scrapy.extensions.telnet.TelnetConsole',
 'scrapy.extensions.feedexport.FeedExporter',
 'scrapy.extensions.logstats.LogStats']
INFO: Enabled downloader middlewares:
['scrapy.downloadermiddlewares.httpauth.HttpAuthMiddleware',
 'scrapy.downloadermiddlewares.downloadtimeout.DownloadTimeoutMiddleware',
 'scrapy.downloadermiddlewares.defaultheaders.DefaultHeadersMiddleware',
 'scrapy.downloadermiddlewares.useragent.UserAgentMiddleware',
 'scrapy.downloadermiddlewares.retry.RetryMiddleware',
 'scrapy.downloadermiddlewares.redirect.MetaRefreshMiddleware',
 'scrapy.downloadermiddlewares.redirect.RedirectMiddleware',
 'scrapy.downloadermiddlewares.cookies.CookiesMiddleware',
 'scrapy_splash.SplashCookiesMiddleware',
 'scrapy_splash.SplashMiddleware',
 'scrapy.downloadermiddlewares.httpproxy.HttpProxyMiddleware',
 'scrapy.downloadermiddlewares.httpcompression.HttpCompressionMiddleware',
 'scrapy.downloadermiddlewares.stats.DownloaderStats']
INFO: Enabled spider middlewares:
['scrapy.spidermiddlewares.httperror.HttpErrorMiddleware',
 'scrapy_splash.SplashDeduplicateArgsMiddleware',
 'scrapy.spidermiddlewares.offsite.OffsiteMiddleware',
 'scrapy.spidermiddlewares.referer.RefererMiddleware',
 'scrapy.spidermiddlewares.urllength.UrlLengthMiddleware',
 'scrapy.spidermiddlewares.depth.DepthMiddleware']
INFO: Enabled item pipelines:
['waitrose.pipelines.ImageDownloaderPipeline',
 'waitrose.pipelines.SQLlitePipeline']
INFO: Spider opened
INFO: Crawled 0 pages (at 0 pages/min), scraped 0 items (at 0 items/min)
WARNING: C:\Users\sujithk\AppData\Local\Continuum\anaconda3\envs\Virtual_Env\lib\site-packages\scrapy\spidermiddlewares\offsite.py:61: URLWarning: allowed_domains accepts only domains, not URLs. Ignoring URL entry https://www.waitrose.com/ in allowed_domains.
  warnings.warn(message, URLWarning)

INFO: Telnet console listening on 127.0.0.1:6026
INFO: Crawled 0 pages (at 0 pages/min), scraped 0 items (at 0 items/min)
INFO: Crawled 0 pages (at 0 pages/min), scraped 0 items (at 0 items/min)
INFO: Crawled 0 pages (at 0 pages/min), scraped 0 items (at 0 items/min)
INFO: Crawled 0 pages (at 0 pages/min), scraped 0 items (at 0 items/min)
INFO: Crawled 0 pages (at 0 pages/min), scraped 0 items (at 0 items/min)
INFO: Crawled 0 pages (at 0 pages/min), scraped 0 items (at 0 items/min)
INFO: Crawled 0 pages (at 0 pages/min), scraped 0 items (at 0 items/min)
INFO: Crawled 0 pages (at 0 pages/min), scraped 0 items (at 0 items/min)
INFO: Crawled 0 pages (at 0 pages/min), scraped 0 items (at 0 items/min)
INFO: Crawled 0 pages (at 0 pages/min), scraped 0 items (at 0 items/min)
INFO: Crawled 0 pages (at 0 pages/min), scraped 0 items (at 0 items/min)
INFO: Crawled 0 pages (at 0 pages/min), scraped 0 items (at 0 items/min)
INFO: Crawled 0 pages (at 0 pages/min), scraped 0 items (at 0 items/min)
INFO: Crawled 0 pages (at 0 pages/min), scraped 0 items (at 0 items/min)
INFO: Crawled 0 pages (at 0 pages/min), scraped 0 items (at 0 items/min)
INFO: Crawled 0 pages (at 0 pages/min), scraped 0 items (at 0 items/min)
INFO: Crawled 0 pages (at 0 pages/min), scraped 0 items (at 0 items/min)
INFO: Crawled 0 pages (at 0 pages/min), scraped 0 items (at 0 items/min)
INFO: Crawled 0 pages (at 0 pages/min), scraped 0 items (at 0 items/min)
INFO: Crawled 0 pages (at 0 pages/min), scraped 0 items (at 0 items/min)
INFO: Crawled 0 pages (at 0 pages/min), scraped 0 items (at 0 items/min)
INFO: Crawled 0 pages (at 0 pages/min), scraped 0 items (at 0 items/min)
INFO: Crawled 0 pages (at 0 pages/min), scraped 0 items (at 0 items/min)
INFO: Crawled 0 pages (at 0 pages/min), scraped 0 items (at 0 items/min)
INFO: Crawled 0 pages (at 0 pages/min), scraped 0 items (at 0 items/min)
INFO: Crawled 0 pages (at 0 pages/min), scraped 0 items (at 0 items/min)
INFO: Crawled 0 pages (at 0 pages/min), scraped 0 items (at 0 items/min)
INFO: Crawled 0 pages (at 0 pages/min), scraped 0 items (at 0 items/min)
INFO: Crawled 0 pages (at 0 pages/min), scraped 0 items (at 0 items/min)
INFO: Crawled 0 pages (at 0 pages/min), scraped 0 items (at 0 items/min)
DEBUG: Retrying <GET https://www.waitrose.com/ecom/shop/browse/groceries/toiletries_health_and_beauty/hair_care/shampoo via http://192.168.1.8:8050/execute> (failed 1 times): User timeout caused connection failure: Getting http://192.168.1.8:8050/execute took longer than 1805.0 seconds..
INFO: Crawled 0 pages (at 0 pages/min), scraped 0 items (at 0 items/min)
INFO: Crawled 0 pages (at 0 pages/min), scraped 0 items (at 0 items/min)
INFO: Crawled 0 pages (at 0 pages/min), scraped 0 items (at 0 items/min)
INFO: Crawled 0 pages (at 0 pages/min), scraped 0 items (at 0 items/min)
INFO: Crawled 0 pages (at 0 pages/min), scraped 0 items (at 0 items/min)
INFO: Crawled 0 pages (at 0 pages/min), scraped 0 items (at 0 items/min)
INFO: Crawled 0 pages (at 0 pages/min), scraped 0 items (at 0 items/min)
INFO: Crawled 0 pages (at 0 pages/min), scraped 0 items (at 0 items/min)
INFO: Crawled 0 pages (at 0 pages/min), scraped 0 items (at 0 items/min)
INFO: Crawled 0 pages (at 0 pages/min), scraped 0 items (at 0 items/min)
INFO: Crawled 0 pages (at 0 pages/min), scraped 0 items (at 0 items/min)
INFO: Crawled 0 pages (at 0 pages/min), scraped 0 items (at 0 items/min)
INFO: Crawled 0 pages (at 0 pages/min), scraped 0 items (at 0 items/min)
INFO: Crawled 0 pages (at 0 pages/min), scraped 0 items (at 0 items/min)
INFO: Crawled 0 pages (at 0 pages/min), scraped 0 items (at 0 items/min)
INFO: Crawled 0 pages (at 0 pages/min), scraped 0 items (at 0 items/min)
INFO: Crawled 0 pages (at 0 pages/min), scraped 0 items (at 0 items/min)
INFO: Crawled 0 pages (at 0 pages/min), scraped 0 items (at 0 items/min)
INFO: Crawled 0 pages (at 0 pages/min), scraped 0 items (at 0 items/min)
INFO: Crawled 0 pages (at 0 pages/min), scraped 0 items (at 0 items/min)
INFO: Crawled 0 pages (at 0 pages/min), scraped 0 items (at 0 items/min)
DEBUG: Retrying <GET https://www.waitrose.com/ecom/shop/browse/groceries/toiletries_health_and_beauty/hair_care/shampoo via http://192.168.1.8:8050/execute> (failed 2 times): [<twisted.python.failure.Failure twisted.internet.error.ConnectionDone: Connection was closed cleanly.>]
DEBUG: Gave up retrying <GET https://www.waitrose.com/ecom/shop/browse/groceries/toiletries_health_and_beauty/hair_care/shampoo via http://192.168.1.8:8050/execute> (failed 3 times): [<twisted.python.failure.Failure twisted.internet.error.ConnectionDone: Connection was closed cleanly.>]
ERROR: Error downloading <GET https://www.waitrose.com/ecom/shop/browse/groceries/toiletries_health_and_beauty/hair_care/shampoo via http://192.168.1.8:8050/execute>
Traceback (most recent call last):
  File "C:\Users\sujithk\AppData\Local\Continuum\anaconda3\envs\Virtual_Env\lib\site-packages\scrapy\core\downloader\middleware.py", line 43, in process_request
    defer.returnValue((yield download_func(request=request,spider=spider)))
twisted.web._newclient.ResponseNeverReceived: [<twisted.python.failure.Failure twisted.internet.error.ConnectionDone: Connection was closed cleanly.>]
INFO: Closing spider (finished)
INFO: Dumping Scrapy stats:
{'downloader/exception_count': 3,
 'downloader/exception_type_count/twisted.internet.error.TimeoutError': 1,
 'downloader/exception_type_count/twisted.web._newclient.ResponseNeverReceived': 2,
 'downloader/request_bytes': 7764,
 'downloader/request_count': 3,
 'downloader/request_method_count/POST': 3,
 'finish_reason': 'finished',
 'finish_time': datetime.datetime(2020, 9, 6, 6, 40, 42, 554311),
 'log_count/DEBUG': 3,
 'log_count/ERROR': 1,
 'log_count/INFO': 60,
 'log_count/WARNING': 1,
 'retry/count': 2,
 'retry/max_reached': 1,
 'retry/reason_count/twisted.internet.error.TimeoutError': 1,
 'retry/reason_count/twisted.web._newclient.ResponseNeverReceived': 1,
 'scheduler/dequeued': 4,
 'scheduler/dequeued/memory': 4,
 'scheduler/enqueued': 4,
 'scheduler/enqueued/memory': 4,
 'splash/execute/request_count': 1,
 'start_time': datetime.datetime(2020, 9, 6, 5, 49, 4, 136716)}
INFO: Spider closed (finished)
INFO: Scrapy 1.6.0 started (bot: waitrose)
INFO: Versions: lxml 4.5.1.0, libxml2 2.9.10, cssselect 1.1.0, parsel 1.6.0, w3lib 1.22.0, Twisted 20.3.0, Python 3.7.7 (default, May  6 2020, 11:45:54) [MSC v.1916 64 bit (AMD64)], pyOpenSSL 19.1.0 (OpenSSL 1.1.1g  21 Apr 2020), cryptography 2.9.2, Platform Windows-10-10.0.18362-SP0
INFO: Overridden settings: {'BOT_NAME': 'waitrose', 'DOWNLOAD_TIMEOUT': 1200, 'DUPEFILTER_CLASS': 'scrapy_splash.SplashAwareDupeFilter', 'FEED_EXPORT_ENCODING': 'utf-8', 'FEED_FORMAT': 'json', 'FEED_URI': 'waitrose_090620.json', 'NEWSPIDER_MODULE': 'waitrose.spiders', 'SPIDER_MODULES': ['waitrose.spiders']}
INFO: Telnet Password: a9be823b2729d228
INFO: Enabled extensions:
['scrapy.extensions.corestats.CoreStats',
 'scrapy.extensions.telnet.TelnetConsole',
 'scrapy.extensions.feedexport.FeedExporter',
 'scrapy.extensions.logstats.LogStats']
INFO: Enabled downloader middlewares:
['scrapy.downloadermiddlewares.httpauth.HttpAuthMiddleware',
 'scrapy.downloadermiddlewares.downloadtimeout.DownloadTimeoutMiddleware',
 'scrapy.downloadermiddlewares.defaultheaders.DefaultHeadersMiddleware',
 'scrapy.downloadermiddlewares.useragent.UserAgentMiddleware',
 'scrapy.downloadermiddlewares.retry.RetryMiddleware',
 'scrapy.downloadermiddlewares.redirect.MetaRefreshMiddleware',
 'scrapy.downloadermiddlewares.redirect.RedirectMiddleware',
 'scrapy.downloadermiddlewares.cookies.CookiesMiddleware',
 'scrapy_splash.SplashCookiesMiddleware',
 'scrapy_splash.SplashMiddleware',
 'scrapy.downloadermiddlewares.httpproxy.HttpProxyMiddleware',
 'scrapy.downloadermiddlewares.httpcompression.HttpCompressionMiddleware',
 'scrapy.downloadermiddlewares.stats.DownloaderStats']
INFO: Enabled spider middlewares:
['scrapy.spidermiddlewares.httperror.HttpErrorMiddleware',
 'scrapy_splash.SplashDeduplicateArgsMiddleware',
 'scrapy.spidermiddlewares.offsite.OffsiteMiddleware',
 'scrapy.spidermiddlewares.referer.RefererMiddleware',
 'scrapy.spidermiddlewares.urllength.UrlLengthMiddleware',
 'scrapy.spidermiddlewares.depth.DepthMiddleware']
INFO: Enabled item pipelines:
['waitrose.pipelines.ImageDownloaderPipeline',
 'waitrose.pipelines.SQLlitePipeline']
INFO: Spider opened
INFO: Crawled 0 pages (at 0 pages/min), scraped 0 items (at 0 items/min)
WARNING: C:\Users\sujithk\AppData\Local\Continuum\anaconda3\envs\Virtual_Env\lib\site-packages\scrapy\spidermiddlewares\offsite.py:61: URLWarning: allowed_domains accepts only domains, not URLs. Ignoring URL entry https://www.waitrose.com/ in allowed_domains.
  warnings.warn(message, URLWarning)

INFO: Telnet console listening on 127.0.0.1:6023
DEBUG: Retrying <GET https://www.waitrose.com/ecom/shop/browse/groceries/toiletries_health_and_beauty/hair_care/shampoo via http://192.168.1.8:8050/execute> (failed 1 times): Connection was refused by other side: 10061: No connection could be made because the target machine actively refused it..
DEBUG: Retrying <GET https://www.waitrose.com/ecom/shop/browse/groceries/toiletries_health_and_beauty/hair_care/shampoo via http://192.168.1.8:8050/execute> (failed 2 times): Connection was refused by other side: 10061: No connection could be made because the target machine actively refused it..
DEBUG: Gave up retrying <GET https://www.waitrose.com/ecom/shop/browse/groceries/toiletries_health_and_beauty/hair_care/shampoo via http://192.168.1.8:8050/execute> (failed 3 times): Connection was refused by other side: 10061: No connection could be made because the target machine actively refused it..
ERROR: Error downloading <GET https://www.waitrose.com/ecom/shop/browse/groceries/toiletries_health_and_beauty/hair_care/shampoo via http://192.168.1.8:8050/execute>
Traceback (most recent call last):
  File "C:\Users\sujithk\AppData\Local\Continuum\anaconda3\envs\Virtual_Env\lib\site-packages\scrapy\core\downloader\middleware.py", line 43, in process_request
    defer.returnValue((yield download_func(request=request,spider=spider)))
twisted.internet.error.ConnectionRefusedError: Connection was refused by other side: 10061: No connection could be made because the target machine actively refused it..
INFO: Closing spider (finished)
INFO: Dumping Scrapy stats:
{'downloader/exception_count': 3,
 'downloader/exception_type_count/twisted.internet.error.ConnectionRefusedError': 3,
 'downloader/request_bytes': 7764,
 'downloader/request_count': 3,
 'downloader/request_method_count/POST': 3,
 'finish_reason': 'finished',
 'finish_time': datetime.datetime(2020, 9, 6, 6, 42, 57, 338219),
 'log_count/DEBUG': 3,
 'log_count/ERROR': 1,
 'log_count/INFO': 9,
 'log_count/WARNING': 1,
 'retry/count': 2,
 'retry/max_reached': 1,
 'retry/reason_count/twisted.internet.error.ConnectionRefusedError': 2,
 'scheduler/dequeued': 4,
 'scheduler/dequeued/memory': 4,
 'scheduler/enqueued': 4,
 'scheduler/enqueued/memory': 4,
 'splash/execute/request_count': 1,
 'start_time': datetime.datetime(2020, 9, 6, 6, 42, 51, 77238)}
INFO: Spider closed (finished)
INFO: Scrapy 1.6.0 started (bot: waitrose)
INFO: Versions: lxml 4.5.1.0, libxml2 2.9.10, cssselect 1.1.0, parsel 1.6.0, w3lib 1.22.0, Twisted 20.3.0, Python 3.7.7 (default, May  6 2020, 11:45:54) [MSC v.1916 64 bit (AMD64)], pyOpenSSL 19.1.0 (OpenSSL 1.1.1g  21 Apr 2020), cryptography 2.9.2, Platform Windows-10-10.0.18362-SP0
INFO: Overridden settings: {'BOT_NAME': 'waitrose', 'DOWNLOAD_TIMEOUT': 1200, 'DUPEFILTER_CLASS': 'scrapy_splash.SplashAwareDupeFilter', 'FEED_EXPORT_ENCODING': 'utf-8', 'FEED_FORMAT': 'json', 'FEED_URI': 'waitrose_090620.json', 'NEWSPIDER_MODULE': 'waitrose.spiders', 'SPIDER_MODULES': ['waitrose.spiders']}
INFO: Telnet Password: a6887c0da0a20e46
INFO: Enabled extensions:
['scrapy.extensions.corestats.CoreStats',
 'scrapy.extensions.telnet.TelnetConsole',
 'scrapy.extensions.feedexport.FeedExporter',
 'scrapy.extensions.logstats.LogStats']
INFO: Enabled downloader middlewares:
['scrapy.downloadermiddlewares.httpauth.HttpAuthMiddleware',
 'scrapy.downloadermiddlewares.downloadtimeout.DownloadTimeoutMiddleware',
 'scrapy.downloadermiddlewares.defaultheaders.DefaultHeadersMiddleware',
 'scrapy.downloadermiddlewares.useragent.UserAgentMiddleware',
 'scrapy.downloadermiddlewares.retry.RetryMiddleware',
 'scrapy.downloadermiddlewares.redirect.MetaRefreshMiddleware',
 'scrapy.downloadermiddlewares.redirect.RedirectMiddleware',
 'scrapy.downloadermiddlewares.cookies.CookiesMiddleware',
 'scrapy_splash.SplashCookiesMiddleware',
 'scrapy_splash.SplashMiddleware',
 'scrapy.downloadermiddlewares.httpproxy.HttpProxyMiddleware',
 'scrapy.downloadermiddlewares.httpcompression.HttpCompressionMiddleware',
 'scrapy.downloadermiddlewares.stats.DownloaderStats']
INFO: Enabled spider middlewares:
['scrapy.spidermiddlewares.httperror.HttpErrorMiddleware',
 'scrapy_splash.SplashDeduplicateArgsMiddleware',
 'scrapy.spidermiddlewares.offsite.OffsiteMiddleware',
 'scrapy.spidermiddlewares.referer.RefererMiddleware',
 'scrapy.spidermiddlewares.urllength.UrlLengthMiddleware',
 'scrapy.spidermiddlewares.depth.DepthMiddleware']
INFO: Enabled item pipelines:
['waitrose.pipelines.ImageDownloaderPipeline',
 'waitrose.pipelines.SQLlitePipeline']
INFO: Spider opened
INFO: Crawled 0 pages (at 0 pages/min), scraped 0 items (at 0 items/min)
WARNING: C:\Users\sujithk\AppData\Local\Continuum\anaconda3\envs\Virtual_Env\lib\site-packages\scrapy\spidermiddlewares\offsite.py:61: URLWarning: allowed_domains accepts only domains, not URLs. Ignoring URL entry https://www.waitrose.com/ in allowed_domains.
  warnings.warn(message, URLWarning)

INFO: Telnet console listening on 127.0.0.1:6026
INFO: Crawled 0 pages (at 0 pages/min), scraped 0 items (at 0 items/min)
DEBUG: Crawled (200) <GET https://www.waitrose.com/ecom/shop/browse/groceries/toiletries_health_and_beauty/hair_care/shampoo via http://192.168.1.8:8050/execute> (referer: None)
DEBUG: Scraped from <200 https://www.waitrose.com/ecom/shop/browse/groceries/toiletries_health_and_beauty/hair_care/shampoo>
{'client': 'Waitrose', 'time': datetime.datetime(2020, 9, 6, 12, 13, 59, 129427), 'category': 'Shampoo', 'id': 'tPp096508-49364-49365', 'prod_name': 'Aussie Miracle Moist Shampoo', 'waitrose_Qty': '300ml', 'waitrose_discounted_price': '£2.05', 'waitrose_offer_desc': 'Half Price.', 'waitrose_url': 'https://www.waitrose.com/ecom/shop/browse/groceries/toiletries_health_and_beauty/hair_care/shampoo', 'waitrose_rating': '3.7', 'waitrose_unit_price': '(68.3p/100ml)', 'waitrose_new_flag': None, 'waitrose_prod_name': 'Aussie Miracle Moist Shampoo 300ml', 'images': []}
DEBUG: Scraped from <200 https://www.waitrose.com/ecom/shop/browse/groceries/toiletries_health_and_beauty/hair_care/shampoo>
{'client': 'Waitrose', 'time': datetime.datetime(2020, 9, 6, 12, 13, 59, 129427), 'category': 'Shampoo', 'id': 'tPp059421-29947-29948', 'prod_name': 'Aussie Aussome Volume Shampoo', 'waitrose_Qty': '300ml', 'waitrose_discounted_price': '£2.00', 'waitrose_offer_desc': 'Half Price.', 'waitrose_url': 'https://www.waitrose.com/ecom/shop/browse/groceries/toiletries_health_and_beauty/hair_care/shampoo', 'waitrose_rating': '5', 'waitrose_unit_price': '(66.7p/100ml)', 'waitrose_new_flag': None, 'waitrose_prod_name': 'Aussie Aussome Volume Shampoo 300ml', 'images': []}
DEBUG: Scraped from <200 https://www.waitrose.com/ecom/shop/browse/groceries/toiletries_health_and_beauty/hair_care/shampoo>
{'client': 'Waitrose', 'time': datetime.datetime(2020, 9, 6, 12, 13, 59, 129427), 'category': 'Shampoo', 'id': 'tPp096232-49248-49249', 'prod_name': 'Aussie Mega Shampoo', 'waitrose_Qty': '300ml', 'waitrose_discounted_price': '£2.05', 'waitrose_offer_desc': 'Half Price.', 'waitrose_url': 'https://www.waitrose.com/ecom/shop/browse/groceries/toiletries_health_and_beauty/hair_care/shampoo', 'waitrose_rating': '2.5', 'waitrose_unit_price': '(68.3p/100ml)', 'waitrose_new_flag': None, 'waitrose_prod_name': 'Aussie Mega Shampoo 300ml', 'images': []}
DEBUG: Scraped from <200 https://www.waitrose.com/ecom/shop/browse/groceries/toiletries_health_and_beauty/hair_care/shampoo>
{'client': 'Waitrose', 'time': datetime.datetime(2020, 9, 6, 12, 13, 59, 129427), 'category': 'Shampoo', 'id': 'tPp092708-47659-47660', 'prod_name': 'Vosene Original Shampoo', 'waitrose_Qty': '250ml', 'waitrose_discounted_price': '£1.36', 'waitrose_offer_desc': 'Save 1/3.', 'waitrose_url': 'https://www.waitrose.com/ecom/shop/browse/groceries/toiletries_health_and_beauty/hair_care/shampoo', 'waitrose_rating': '5', 'waitrose_unit_price': '(54.4p/100ml)', 'waitrose_new_flag': None, 'waitrose_prod_name': 'Vosene Original Shampoo 250ml', 'images': []}
DEBUG: Scraped from <200 https://www.waitrose.com/ecom/shop/browse/groceries/toiletries_health_and_beauty/hair_care/shampoo>
{'client': 'Waitrose', 'time': datetime.datetime(2020, 9, 6, 12, 13, 59, 129427), 'category': 'Shampoo', 'id': 'tPp092708-47659-47660', 'prod_name': 'Vosene Original Shampoo', 'waitrose_Qty': '250ml', 'waitrose_discounted_price': '£1.36', 'waitrose_offer_desc': 'Save 1/3.', 'waitrose_url': 'https://www.waitrose.com/ecom/shop/browse/groceries/toiletries_health_and_beauty/hair_care/shampoo', 'waitrose_rating': '5', 'waitrose_unit_price': '(54.4p/100ml)', 'waitrose_new_flag': None, 'waitrose_prod_name': 'Vosene Original Shampoo 250ml', 'images': []}
DEBUG: Scraped from <200 https://www.waitrose.com/ecom/shop/browse/groceries/toiletries_health_and_beauty/hair_care/shampoo>
{'client': 'Waitrose', 'time': datetime.datetime(2020, 9, 6, 12, 13, 59, 129427), 'category': 'Shampoo', 'id': 'tPp799806-683814-683815', 'prod_name': 'Tresemmé Shampoo Moisture Rich', 'waitrose_Qty': '800ml', 'waitrose_discounted_price': '£2.75', 'waitrose_offer_desc': 'Half Price.', 'waitrose_url': 'https://www.waitrose.com/ecom/shop/browse/groceries/toiletries_health_and_beauty/hair_care/shampoo', 'waitrose_rating': None, 'waitrose_unit_price': '(34.4p/100ml)', 'waitrose_new_flag': None, 'waitrose_prod_name': 'Tresemmé Shampoo Moisture Rich 800ml', 'images': []}
DEBUG: Scraped from <200 https://www.waitrose.com/ecom/shop/browse/groceries/toiletries_health_and_beauty/hair_care/shampoo>
{'client': 'Waitrose', 'time': datetime.datetime(2020, 9, 6, 12, 13, 59, 129427), 'category': 'Shampoo', 'id': 'tPp639145-337007-337008', 'prod_name': 'Tresemmé Shampoo Deep Cleansing', 'waitrose_Qty': '800ml', 'waitrose_discounted_price': '£2.75', 'waitrose_offer_desc': 'Half Price.', 'waitrose_url': 'https://www.waitrose.com/ecom/shop/browse/groceries/toiletries_health_and_beauty/hair_care/shampoo', 'waitrose_rating': '5', 'waitrose_unit_price': '(34.4p/100ml)', 'waitrose_new_flag': None, 'waitrose_prod_name': 'Tresemmé Shampoo Deep Cleansing 800ml', 'images': []}
DEBUG: Scraped from <200 https://www.waitrose.com/ecom/shop/browse/groceries/toiletries_health_and_beauty/hair_care/shampoo>
{'client': 'Waitrose', 'time': datetime.datetime(2020, 9, 6, 12, 13, 59, 129427), 'category': 'Shampoo', 'id': 'tPp083596-42439-42440', 'prod_name': 'Aussie Colour Mate Shampoo', 'waitrose_Qty': '300ml', 'waitrose_discounted_price': '£2.05', 'waitrose_offer_desc': 'Half Price.', 'waitrose_url': 'https://www.waitrose.com/ecom/shop/browse/groceries/toiletries_health_and_beauty/hair_care/shampoo', 'waitrose_rating': '5', 'waitrose_unit_price': '(68.3p/100ml)', 'waitrose_new_flag': None, 'waitrose_prod_name': 'Aussie Colour Mate Shampoo 300ml', 'images': []}
DEBUG: Scraped from <200 https://www.waitrose.com/ecom/shop/browse/groceries/toiletries_health_and_beauty/hair_care/shampoo>
{'client': 'Waitrose', 'time': datetime.datetime(2020, 9, 6, 12, 13, 59, 129427), 'category': 'Shampoo', 'id': 'tPp819563-729788-729789', 'prod_name': 'Aussie Blonde Purple Shampoo', 'waitrose_Qty': '290ml', 'waitrose_discounted_price': '£2.99', 'waitrose_offer_desc': 'Half Price.', 'waitrose_url': 'https://www.waitrose.com/ecom/shop/browse/groceries/toiletries_health_and_beauty/hair_care/shampoo', 'waitrose_rating': None, 'waitrose_unit_price': '(£1.04/100ml)', 'waitrose_new_flag': None, 'waitrose_prod_name': 'Aussie Blonde Purple Shampoo 290ml', 'images': []}
DEBUG: Scraped from <200 https://www.waitrose.com/ecom/shop/browse/groceries/toiletries_health_and_beauty/hair_care/shampoo>
{'client': 'Waitrose', 'time': datetime.datetime(2020, 9, 6, 12, 13, 59, 129427), 'category': 'Shampoo', 'id': 'tPp575547-494836-494837', 'prod_name': 'DGJ Thickening Shampoo', 'waitrose_Qty': '250ml', 'waitrose_discounted_price': '£2.50', 'waitrose_offer_desc': 'Half Price.', 'waitrose_url': 'https://www.waitrose.com/ecom/shop/browse/groceries/toiletries_health_and_beauty/hair_care/shampoo', 'waitrose_rating': '5', 'waitrose_unit_price': '(£1/100ml)', 'waitrose_new_flag': None, 'waitrose_prod_name': 'DGJ Thickening Shampoo 250ml', 'images': []}
DEBUG: Scraped from <200 https://www.waitrose.com/ecom/shop/browse/groceries/toiletries_health_and_beauty/hair_care/shampoo>
{'client': 'Waitrose', 'time': datetime.datetime(2020, 9, 6, 12, 13, 59, 129427), 'category': 'Shampoo', 'id': 'tPp011495-5706-5707', 'prod_name': 'John Frieda Shampoo Touchably Full', 'waitrose_Qty': '250ml', 'waitrose_discounted_price': '£3.99', 'waitrose_offer_desc': 'Save 1/3.', 'waitrose_url': 'https://www.waitrose.com/ecom/shop/browse/groceries/toiletries_health_and_beauty/hair_care/shampoo', 'waitrose_rating': '4', 'waitrose_unit_price': '(£1.60/100ml)', 'waitrose_new_flag': None, 'waitrose_prod_name': 'John Frieda Shampoo Touchably Full 250ml', 'images': []}
DEBUG: Scraped from <200 https://www.waitrose.com/ecom/shop/browse/groceries/toiletries_health_and_beauty/hair_care/shampoo>
{'client': 'Waitrose', 'time': datetime.datetime(2020, 9, 6, 12, 13, 59, 129427), 'category': 'Shampoo', 'id': 'tPp364793-255761-255762', 'prod_name': 'Aussie Miracle Shine Shampoo', 'waitrose_Qty': '300ml', 'waitrose_discounted_price': '£2.00', 'waitrose_offer_desc': 'Half Price.', 'waitrose_url': 'https://www.waitrose.com/ecom/shop/browse/groceries/toiletries_health_and_beauty/hair_care/shampoo', 'waitrose_rating': None, 'waitrose_unit_price': '(66.7p/100ml)', 'waitrose_new_flag': None, 'waitrose_prod_name': 'Aussie Miracle Shine Shampoo 300ml', 'images': []}
DEBUG: Scraped from <200 https://www.waitrose.com/ecom/shop/browse/groceries/toiletries_health_and_beauty/hair_care/shampoo>
{'client': 'Waitrose', 'time': datetime.datetime(2020, 9, 6, 12, 13, 59, 129427), 'category': 'Shampoo', 'id': 'tPp819340-720339-720340', 'prod_name': 'Head & Shoulders Supreme Shampoo', 'waitrose_Qty': '400ml', 'waitrose_discounted_price': '£3.33', 'waitrose_offer_desc': 'Save 1/3.', 'waitrose_url': 'https://www.waitrose.com/ecom/shop/browse/groceries/toiletries_health_and_beauty/hair_care/shampoo', 'waitrose_rating': None, 'waitrose_unit_price': '(83.3p/100ml)', 'waitrose_new_flag': None, 'waitrose_prod_name': 'Head & Shoulders Supreme Shampoo 400ml', 'images': []}
DEBUG: Scraped from <200 https://www.waitrose.com/ecom/shop/browse/groceries/toiletries_health_and_beauty/hair_care/shampoo>
{'client': 'Waitrose', 'time': datetime.datetime(2020, 9, 6, 12, 13, 59, 129427), 'category': 'Shampoo', 'id': 'tPp433216-720111-720112', 'prod_name': 'John Frieda Hydrate & Recharge Shampoo', 'waitrose_Qty': '250ml', 'waitrose_discounted_price': '£3.99', 'waitrose_offer_desc': 'Save 1/3.', 'waitrose_url': 'https://www.waitrose.com/ecom/shop/browse/groceries/toiletries_health_and_beauty/hair_care/shampoo', 'waitrose_rating': None, 'waitrose_unit_price': '(£1.60/100ml)', 'waitrose_new_flag': None, 'waitrose_prod_name': 'John Frieda Hydrate & Recharge Shampoo 250ml', 'images': []}
DEBUG: Scraped from <200 https://www.waitrose.com/ecom/shop/browse/groceries/toiletries_health_and_beauty/hair_care/shampoo>
{'client': 'Waitrose', 'time': datetime.datetime(2020, 9, 6, 12, 13, 59, 129427), 'category': 'Shampoo', 'id': 'tPp595050-720203-720204', 'prod_name': 'Herbal Essences Coconut Shampoo', 'waitrose_Qty': '250ml', 'waitrose_discounted_price': '£2.00', 'waitrose_offer_desc': 'Save 1/3.', 'waitrose_url': 'https://www.waitrose.com/ecom/shop/browse/groceries/toiletries_health_and_beauty/hair_care/shampoo', 'waitrose_rating': None, 'waitrose_unit_price': '(80p/100ml)', 'waitrose_new_flag': None, 'waitrose_prod_name': 'Herbal Essences Coconut Shampoo 250ml', 'images': []}
DEBUG: Scraped from <200 https://www.waitrose.com/ecom/shop/browse/groceries/toiletries_health_and_beauty/hair_care/shampoo>
{'client': 'Waitrose', 'time': datetime.datetime(2020, 9, 6, 12, 13, 59, 129427), 'category': 'Shampoo', 'id': 'tPp747801-683764-683765', 'prod_name': 'Aussie Shampoo Scent-sational', 'waitrose_Qty': '300ml', 'waitrose_discounted_price': '£2.00', 'waitrose_offer_desc': 'Half Price.', 'waitrose_url': 'https://www.waitrose.com/ecom/shop/browse/groceries/toiletries_health_and_beauty/hair_care/shampoo', 'waitrose_rating': '5', 'waitrose_unit_price': '(66.7p/100ml)', 'waitrose_new_flag': None, 'waitrose_prod_name': 'Aussie Shampoo Scent-sational 300ml', 'images': []}
DEBUG: Scraped from <200 https://www.waitrose.com/ecom/shop/browse/groceries/toiletries_health_and_beauty/hair_care/shampoo>
{'client': 'Waitrose', 'time': datetime.datetime(2020, 9, 6, 12, 13, 59, 129427), 'category': 'Shampoo', 'id': 'tPp610920-86669-86670', 'prod_name': 'Sheer Blonde Go Blonder Shampoo', 'waitrose_Qty': '250ml', 'waitrose_discounted_price': '£3.99', 'waitrose_offer_desc': 'Save 1/3.', 'waitrose_url': 'https://www.waitrose.com/ecom/shop/browse/groceries/toiletries_health_and_beauty/hair_care/shampoo', 'waitrose_rating': '3.5', 'waitrose_unit_price': '(£1.60/100ml)', 'waitrose_new_flag': None, 'waitrose_prod_name': 'Sheer Blonde Go Blonder Shampoo 250ml', 'images': []}
DEBUG: Scraped from <200 https://www.waitrose.com/ecom/shop/browse/groceries/toiletries_health_and_beauty/hair_care/shampoo>
{'client': 'Waitrose', 'time': datetime.datetime(2020, 9, 6, 12, 13, 59, 129427), 'category': 'Shampoo', 'id': 'tPp538896-720173-720174', 'prod_name': 'Herbal Essences Argan Oil Shampoo', 'waitrose_Qty': '250ml', 'waitrose_discounted_price': '£2.00', 'waitrose_offer_desc': 'Save 1/3.', 'waitrose_url': 'https://www.waitrose.com/ecom/shop/browse/groceries/toiletries_health_and_beauty/hair_care/shampoo', 'waitrose_rating': None, 'waitrose_unit_price': '(80p/100ml)', 'waitrose_new_flag': None, 'waitrose_prod_name': 'Herbal Essences Argan Oil Shampoo 250ml', 'images': []}
DEBUG: Scraped from <200 https://www.waitrose.com/ecom/shop/browse/groceries/toiletries_health_and_beauty/hair_care/shampoo>
{'client': 'Waitrose', 'time': datetime.datetime(2020, 9, 6, 12, 13, 59, 129427), 'category': 'Shampoo', 'id': 'tPp775870-724036-724037', 'prod_name': 'Faith in Nature Wild Rose Shampoo', 'waitrose_Qty': '400ml', 'waitrose_discounted_price': '£3.86', 'waitrose_offer_desc': 'Save 1/3.', 'waitrose_url': 'https://www.waitrose.com/ecom/shop/browse/groceries/toiletries_health_and_beauty/hair_care/shampoo', 'waitrose_rating': '5', 'waitrose_unit_price': '(96.5p/100ml)', 'waitrose_new_flag': None, 'waitrose_prod_name': 'Faith in Nature Wild Rose Shampoo 400ml', 'images': []}
DEBUG: Scraped from <200 https://www.waitrose.com/ecom/shop/browse/groceries/toiletries_health_and_beauty/hair_care/shampoo>
{'client': 'Waitrose', 'time': datetime.datetime(2020, 9, 6, 12, 13, 59, 129427), 'category': 'Shampoo', 'id': 'tPp494340-69860-69861', 'prod_name': "Neal's Yard Rose Shampoo", 'waitrose_Qty': '200ml', 'waitrose_discounted_price': '£7.66', 'waitrose_offer_desc': 'Save 1/3.', 'waitrose_url': 'https://www.waitrose.com/ecom/shop/browse/groceries/toiletries_health_and_beauty/hair_care/shampoo', 'waitrose_rating': '3.1', 'waitrose_unit_price': '(£3.83/100ml)', 'waitrose_new_flag': None, 'waitrose_prod_name': "Neal's Yard Rose Shampoo 200ml", 'images': []}
DEBUG: Scraped from <200 https://www.waitrose.com/ecom/shop/browse/groceries/toiletries_health_and_beauty/hair_care/shampoo>
{'client': 'Waitrose', 'time': datetime.datetime(2020, 9, 6, 12, 13, 59, 129427), 'category': 'Shampoo', 'id': 'tPp871494-495182-495183', 'prod_name': 'DGJ Hairjuice Shampoo', 'waitrose_Qty': '250ml', 'waitrose_discounted_price': '£2.50', 'waitrose_offer_desc': 'Half Price.', 'waitrose_url': 'https://www.waitrose.com/ecom/shop/browse/groceries/toiletries_health_and_beauty/hair_care/shampoo', 'waitrose_rating': '5', 'waitrose_unit_price': '(£1/100ml)', 'waitrose_new_flag': None, 'waitrose_prod_name': 'DGJ Hairjuice Shampoo 250ml', 'images': []}
DEBUG: Scraped from <200 https://www.waitrose.com/ecom/shop/browse/groceries/toiletries_health_and_beauty/hair_care/shampoo>
{'client': 'Waitrose', 'time': datetime.datetime(2020, 9, 6, 12, 13, 59, 129427), 'category': 'Shampoo', 'id': 'tPp701301-99532-99533', 'prod_name': 'Essential Daily Care Shampoo', 'waitrose_Qty': '300ml', 'waitrose_discounted_price': '80p', 'waitrose_offer_desc': None, 'waitrose_url': 'https://www.waitrose.com/ecom/shop/browse/groceries/toiletries_health_and_beauty/hair_care/shampoo', 'waitrose_rating': '4.1', 'waitrose_unit_price': '(26.7p/100ml)', 'waitrose_new_flag': None, 'waitrose_prod_name': 'Essential Daily Care Shampoo 300ml', 'images': []}
DEBUG: Scraped from <200 https://www.waitrose.com/ecom/shop/browse/groceries/toiletries_health_and_beauty/hair_care/shampoo>
{'client': 'Waitrose', 'time': datetime.datetime(2020, 9, 6, 12, 13, 59, 129427), 'category': 'Shampoo', 'id': 'tPp535961-75786-75787', 'prod_name': 'essential Waitrose Nourishing Shampoo', 'waitrose_Qty': '300ml', 'waitrose_discounted_price': '80p', 'waitrose_offer_desc': None, 'waitrose_url': 'https://www.waitrose.com/ecom/shop/browse/groceries/toiletries_health_and_beauty/hair_care/shampoo', 'waitrose_rating': '4.3', 'waitrose_unit_price': '(26.7p/100ml)', 'waitrose_new_flag': None, 'waitrose_prod_name': 'essential Waitrose Nourishing Shampoo 300ml', 'images': []}
DEBUG: Scraped from <200 https://www.waitrose.com/ecom/shop/browse/groceries/toiletries_health_and_beauty/hair_care/shampoo>
{'client': 'Waitrose', 'time': datetime.datetime(2020, 9, 6, 12, 13, 59, 129427), 'category': 'Shampoo', 'id': 'tPp833802-337290-337291', 'prod_name': 'Aussie Miracle Moist Spray', 'waitrose_Qty': '250ml', 'waitrose_discounted_price': '£2.57', 'waitrose_offer_desc': 'Half Price.', 'waitrose_url': 'https://www.waitrose.com/ecom/shop/browse/groceries/toiletries_health_and_beauty/hair_care/shampoo', 'waitrose_rating': None, 'waitrose_unit_price': '(£1.03/100ml)', 'waitrose_new_flag': None, 'waitrose_prod_name': 'Aussie Miracle Moist Spray 250ml', 'images': []}
DEBUG: Scraped from <200 https://www.waitrose.com/ecom/shop/browse/groceries/toiletries_health_and_beauty/hair_care/shampoo>
{'client': 'Waitrose', 'time': datetime.datetime(2020, 9, 6, 12, 13, 59, 129427), 'category': 'Shampoo', 'id': 'tPp563832-295347-295348', 'prod_name': 'Argan + Argan Oil 5Oil Miracle Shampoo', 'waitrose_Qty': '300ml', 'waitrose_discounted_price': '£4.00', 'waitrose_offer_desc': 'Save 1/3.', 'waitrose_url': 'https://www.waitrose.com/ecom/shop/browse/groceries/toiletries_health_and_beauty/hair_care/shampoo', 'waitrose_rating': '5', 'waitrose_unit_price': '(£1.34/100ml)', 'waitrose_new_flag': None, 'waitrose_prod_name': 'Argan + Argan Oil 5Oil Miracle Shampoo 300ml', 'images': []}
DEBUG: Scraped from <200 https://www.waitrose.com/ecom/shop/browse/groceries/toiletries_health_and_beauty/hair_care/shampoo>
{'client': 'Waitrose', 'time': datetime.datetime(2020, 9, 6, 12, 13, 59, 129427), 'category': 'Shampoo', 'id': 'tPp502437-720153-720154', 'prod_name': 'Aussie Calm The Frizz Shampoo', 'waitrose_Qty': '300ml', 'waitrose_discounted_price': '£2.00', 'waitrose_offer_desc': 'Half Price.', 'waitrose_url': 'https://www.waitrose.com/ecom/shop/browse/groceries/toiletries_health_and_beauty/hair_care/shampoo', 'waitrose_rating': None, 'waitrose_unit_price': '(66.7p/100ml)', 'waitrose_new_flag': None, 'waitrose_prod_name': 'Aussie Calm The Frizz Shampoo 300ml', 'images': []}
DEBUG: Scraped from <200 https://www.waitrose.com/ecom/shop/browse/groceries/toiletries_health_and_beauty/hair_care/shampoo>
{'client': 'Waitrose', 'time': datetime.datetime(2020, 9, 6, 12, 13, 59, 129427), 'category': 'Shampoo', 'id': 'tPp425124-59787-59788', 'prod_name': 'Brilliant Brunette Protecting Shampoo', 'waitrose_Qty': '250ml', 'waitrose_discounted_price': '£3.99', 'waitrose_offer_desc': 'Save 1/3.', 'waitrose_url': 'https://www.waitrose.com/ecom/shop/browse/groceries/toiletries_health_and_beauty/hair_care/shampoo', 'waitrose_rating': None, 'waitrose_unit_price': '(£1.60/100ml)', 'waitrose_new_flag': None, 'waitrose_prod_name': 'Brilliant Brunette Protecting Shampoo 250ml', 'images': []}
DEBUG: Scraped from <200 https://www.waitrose.com/ecom/shop/browse/groceries/toiletries_health_and_beauty/hair_care/shampoo>
{'client': 'Waitrose', 'time': datetime.datetime(2020, 9, 6, 12, 13, 59, 129427), 'category': 'Shampoo', 'id': 'tPp425163-526469-526470', 'prod_name': 'Frizz Ease Shampoo Miraculous Recovery', 'waitrose_Qty': '250ml', 'waitrose_discounted_price': '£3.99', 'waitrose_offer_desc': 'Save 1/3.', 'waitrose_url': 'https://www.waitrose.com/ecom/shop/browse/groceries/toiletries_health_and_beauty/hair_care/shampoo', 'waitrose_rating': None, 'waitrose_unit_price': '(£1.60/100ml)', 'waitrose_new_flag': None, 'waitrose_prod_name': 'Frizz Ease Shampoo Miraculous Recovery 250ml', 'images': []}
DEBUG: Scraped from <200 https://www.waitrose.com/ecom/shop/browse/groceries/toiletries_health_and_beauty/hair_care/shampoo>
{'client': 'Waitrose', 'time': datetime.datetime(2020, 9, 6, 12, 13, 59, 129427), 'category': 'Shampoo', 'id': 'tPp895328-495224-495225', 'prod_name': 'DGJ Kids Detangle Shampoo', 'waitrose_Qty': '250ml', 'waitrose_discounted_price': '£1.75', 'waitrose_offer_desc': 'Half Price.', 'waitrose_url': 'https://www.waitrose.com/ecom/shop/browse/groceries/toiletries_health_and_beauty/hair_care/shampoo', 'waitrose_rating': '5', 'waitrose_unit_price': '(70p/100ml)', 'waitrose_new_flag': None, 'waitrose_prod_name': 'DGJ Kids Detangle Shampoo 250ml', 'images': []}
DEBUG: Scraped from <200 https://www.waitrose.com/ecom/shop/browse/groceries/toiletries_health_and_beauty/hair_care/shampoo>
{'client': 'Waitrose', 'time': datetime.datetime(2020, 9, 6, 12, 13, 59, 129427), 'category': 'Shampoo', 'id': 'tPp639366-90822-90823', 'prod_name': 'Head & Shoulders Shampoo Classic', 'waitrose_Qty': '500ml', 'waitrose_discounted_price': '£5.15', 'waitrose_offer_desc': None, 'waitrose_url': 'https://www.waitrose.com/ecom/shop/browse/groceries/toiletries_health_and_beauty/hair_care/shampoo', 'waitrose_rating': '3.5', 'waitrose_unit_price': '(£1.03/100ml)', 'waitrose_new_flag': None, 'waitrose_prod_name': 'Head & Shoulders Shampoo Classic 500ml', 'images': []}
DEBUG: Scraped from <200 https://www.waitrose.com/ecom/shop/browse/groceries/toiletries_health_and_beauty/hair_care/shampoo>
{'client': 'Waitrose', 'time': datetime.datetime(2020, 9, 6, 12, 13, 59, 129427), 'category': 'Shampoo', 'id': 'tPp583946-82773-82774', 'prod_name': "Neal's Yard Lavender Shampoo", 'waitrose_Qty': '200ml', 'waitrose_discounted_price': '£7.66', 'waitrose_offer_desc': 'Save 1/3.', 'waitrose_url': 'https://www.waitrose.com/ecom/shop/browse/groceries/toiletries_health_and_beauty/hair_care/shampoo', 'waitrose_rating': '2.3', 'waitrose_unit_price': '(£3.83/100ml)', 'waitrose_new_flag': None, 'waitrose_prod_name': "Neal's Yard Lavender Shampoo 200ml", 'images': []}
DEBUG: Scraped from <200 https://www.waitrose.com/ecom/shop/browse/groceries/toiletries_health_and_beauty/hair_care/shampoo>
{'client': 'Waitrose', 'time': datetime.datetime(2020, 9, 6, 12, 13, 59, 129427), 'category': 'Shampoo', 'id': 'tPp847454-724141-724142', 'prod_name': 'Faith in Nature Grapefruit Shampoo', 'waitrose_Qty': '400ml', 'waitrose_discounted_price': '£3.86', 'waitrose_offer_desc': 'Save 1/3.', 'waitrose_url': 'https://www.waitrose.com/ecom/shop/browse/groceries/toiletries_health_and_beauty/hair_care/shampoo', 'waitrose_rating': None, 'waitrose_unit_price': '(96.5p/100ml)', 'waitrose_new_flag': None, 'waitrose_prod_name': 'Faith in Nature Grapefruit Shampoo 400ml', 'images': []}
DEBUG: Scraped from <200 https://www.waitrose.com/ecom/shop/browse/groceries/toiletries_health_and_beauty/hair_care/shampoo>
{'client': 'Waitrose', 'time': datetime.datetime(2020, 9, 6, 12, 13, 59, 129427), 'category': 'Shampoo', 'id': 'tPp065299-33095-33096', 'prod_name': 'Frizz Ease Dream Curls Shampoo', 'waitrose_Qty': '250ml', 'waitrose_discounted_price': '£3.99', 'waitrose_offer_desc': 'Save 1/3.', 'waitrose_url': 'https://www.waitrose.com/ecom/shop/browse/groceries/toiletries_health_and_beauty/hair_care/shampoo', 'waitrose_rating': '5', 'waitrose_unit_price': '(£1.60/100ml)', 'waitrose_new_flag': None, 'waitrose_prod_name': 'Frizz Ease Dream Curls Shampoo 250ml', 'images': []}
DEBUG: Scraped from <200 https://www.waitrose.com/ecom/shop/browse/groceries/toiletries_health_and_beauty/hair_care/shampoo>
{'client': 'Waitrose', 'time': datetime.datetime(2020, 9, 6, 12, 13, 59, 129427), 'category': 'Shampoo', 'id': 'tPp702159-494964-494965', 'prod_name': 'DGJ Argan Oil Shampoo', 'waitrose_Qty': '250ml', 'waitrose_discounted_price': '£2.50', 'waitrose_offer_desc': 'Half Price.', 'waitrose_url': 'https://www.waitrose.com/ecom/shop/browse/groceries/toiletries_health_and_beauty/hair_care/shampoo', 'waitrose_rating': None, 'waitrose_unit_price': '(£1/100ml)', 'waitrose_new_flag': None, 'waitrose_prod_name': 'DGJ Argan Oil Shampoo 250ml', 'images': []}
DEBUG: Scraped from <200 https://www.waitrose.com/ecom/shop/browse/groceries/toiletries_health_and_beauty/hair_care/shampoo>
{'client': 'Waitrose', 'time': datetime.datetime(2020, 9, 6, 12, 13, 59, 129427), 'category': 'Shampoo', 'id': 'tPp414862-695397-695398', 'prod_name': 'Noughty Wave Hello Shampoo', 'waitrose_Qty': '250ml', 'waitrose_discounted_price': '£4.66', 'waitrose_offer_desc': 'Save 1/3.', 'waitrose_url': 'https://www.waitrose.com/ecom/shop/browse/groceries/toiletries_health_and_beauty/hair_care/shampoo', 'waitrose_rating': None, 'waitrose_unit_price': '(£1.87/100ml)', 'waitrose_new_flag': None, 'waitrose_prod_name': 'Noughty Wave Hello Shampoo 250ml', 'images': []}
DEBUG: Scraped from <200 https://www.waitrose.com/ecom/shop/browse/groceries/toiletries_health_and_beauty/hair_care/shampoo>
{'client': 'Waitrose', 'time': datetime.datetime(2020, 9, 6, 12, 13, 59, 129427), 'category': 'Shampoo', 'id': 'tPp745828-495012-495013', 'prod_name': 'DGJ Kids Lice Repel Shampoo', 'waitrose_Qty': '250ml', 'waitrose_discounted_price': '£1.75', 'waitrose_offer_desc': 'Half Price.', 'waitrose_url': 'https://www.waitrose.com/ecom/shop/browse/groceries/toiletries_health_and_beauty/hair_care/shampoo', 'waitrose_rating': None, 'waitrose_unit_price': '(70p/100ml)', 'waitrose_new_flag': None, 'waitrose_prod_name': 'DGJ Kids Lice Repel Shampoo 250ml', 'images': []}
DEBUG: Scraped from <200 https://www.waitrose.com/ecom/shop/browse/groceries/toiletries_health_and_beauty/hair_care/shampoo>
{'client': 'Waitrose', 'time': datetime.datetime(2020, 9, 6, 12, 13, 59, 129427), 'category': 'Shampoo', 'id': 'tPp755186-495024-495025', 'prod_name': 'DGJ Colour Save Shampoo', 'waitrose_Qty': '250ml', 'waitrose_discounted_price': '£2.50', 'waitrose_offer_desc': 'Half Price.', 'waitrose_url': 'https://www.waitrose.com/ecom/shop/browse/groceries/toiletries_health_and_beauty/hair_care/shampoo', 'waitrose_rating': None, 'waitrose_unit_price': '(£1/100ml)', 'waitrose_new_flag': None, 'waitrose_prod_name': 'DGJ Colour Save Shampoo 250ml', 'images': []}
DEBUG: Scraped from <200 https://www.waitrose.com/ecom/shop/browse/groceries/toiletries_health_and_beauty/hair_care/shampoo>
{'client': 'Waitrose', 'time': datetime.datetime(2020, 9, 6, 12, 13, 59, 129427), 'category': 'Shampoo', 'id': 'tPp810201-352482-352483', 'prod_name': 'Essential Daily Care 2 in 1', 'waitrose_Qty': '300ml', 'waitrose_discounted_price': '80p', 'waitrose_offer_desc': None, 'waitrose_url': 'https://www.waitrose.com/ecom/shop/browse/groceries/toiletries_health_and_beauty/hair_care/shampoo', 'waitrose_rating': '4.3', 'waitrose_unit_price': '(26.7p/100ml)', 'waitrose_new_flag': None, 'waitrose_prod_name': 'Essential Daily Care 2 in 1 300ml', 'images': []}
DEBUG: Scraped from <200 https://www.waitrose.com/ecom/shop/browse/groceries/toiletries_health_and_beauty/hair_care/shampoo>
{'client': 'Waitrose', 'time': datetime.datetime(2020, 9, 6, 12, 13, 59, 129427), 'category': 'Shampoo', 'id': 'tPp735040-695707-695708', 'prod_name': 'Vosene Kids 3in1 Tea Tree Shampoo', 'waitrose_Qty': '250ml', 'waitrose_discounted_price': '£1.66', 'waitrose_offer_desc': 'Save 1/3.', 'waitrose_url': 'https://www.waitrose.com/ecom/shop/browse/groceries/toiletries_health_and_beauty/hair_care/shampoo', 'waitrose_rating': None, 'waitrose_unit_price': '(66.4p/100ml)', 'waitrose_new_flag': None, 'waitrose_prod_name': 'Vosene Kids 3in1 Tea Tree Shampoo 250ml', 'images': []}
DEBUG: Scraped from <200 https://www.waitrose.com/ecom/shop/browse/groceries/toiletries_health_and_beauty/hair_care/shampoo>
{'client': 'Waitrose', 'time': datetime.datetime(2020, 9, 6, 12, 13, 59, 129427), 'category': 'Shampoo', 'id': 'tPp402915-526384-526385', 'prod_name': 'John Frieda Violet Crush Shampoo', 'waitrose_Qty': '250ml', 'waitrose_discounted_price': '£3.99', 'waitrose_offer_desc': 'Save 1/3.', 'waitrose_url': 'https://www.waitrose.com/ecom/shop/browse/groceries/toiletries_health_and_beauty/hair_care/shampoo', 'waitrose_rating': '5', 'waitrose_unit_price': '(£1.60/100ml)', 'waitrose_new_flag': None, 'waitrose_prod_name': 'John Frieda Violet Crush Shampoo 250ml', 'images': []}
DEBUG: Scraped from <200 https://www.waitrose.com/ecom/shop/browse/groceries/toiletries_health_and_beauty/hair_care/shampoo>
{'client': 'Waitrose', 'time': datetime.datetime(2020, 9, 6, 12, 13, 59, 129427), 'category': 'Shampoo', 'id': 'tPp725068-723986-723987', 'prod_name': 'Faith in Nature Lavender Shampoo', 'waitrose_Qty': '400ml', 'waitrose_discounted_price': '£3.86', 'waitrose_offer_desc': 'Save 1/3.', 'waitrose_url': 'https://www.waitrose.com/ecom/shop/browse/groceries/toiletries_health_and_beauty/hair_care/shampoo', 'waitrose_rating': None, 'waitrose_unit_price': '(96.5p/100ml)', 'waitrose_new_flag': None, 'waitrose_prod_name': 'Faith in Nature Lavender Shampoo 400ml', 'images': []}
DEBUG: Scraped from <200 https://www.waitrose.com/ecom/shop/browse/groceries/toiletries_health_and_beauty/hair_care/shampoo>
{'client': 'Waitrose', 'time': datetime.datetime(2020, 9, 6, 12, 13, 59, 129427), 'category': 'Shampoo', 'id': 'tPp657721-694179-694180', 'prod_name': 'Pantene 3 in 1 Classic Clean', 'waitrose_Qty': '450ml', 'waitrose_discounted_price': '£3.75', 'waitrose_offer_desc': None, 'waitrose_url': 'https://www.waitrose.com/ecom/shop/browse/groceries/toiletries_health_and_beauty/hair_care/shampoo', 'waitrose_rating': None, 'waitrose_unit_price': '(83.3p/100ml)', 'waitrose_new_flag': None, 'waitrose_prod_name': 'Pantene 3 in 1 Classic Clean 450ml', 'images': []}
DEBUG: Scraped from <200 https://www.waitrose.com/ecom/shop/browse/groceries/toiletries_health_and_beauty/hair_care/shampoo>
{'client': 'Waitrose', 'time': datetime.datetime(2020, 9, 6, 12, 13, 59, 129427), 'category': 'Shampoo', 'id': 'tPp051100-25409-25410', 'prod_name': 'Sheer Blonde Moisturising Shampoo', 'waitrose_Qty': '250ml', 'waitrose_discounted_price': '£3.99', 'waitrose_offer_desc': 'Save 1/3.', 'waitrose_url': 'https://www.waitrose.com/ecom/shop/browse/groceries/toiletries_health_and_beauty/hair_care/shampoo', 'waitrose_rating': '3', 'waitrose_unit_price': '(£1.60/100ml)', 'waitrose_new_flag': None, 'waitrose_prod_name': 'Sheer Blonde Moisturising Shampoo 250ml', 'images': []}
DEBUG: Scraped from <200 https://www.waitrose.com/ecom/shop/browse/groceries/toiletries_health_and_beauty/hair_care/shampoo>
{'client': 'Waitrose', 'time': datetime.datetime(2020, 9, 6, 12, 13, 59, 129427), 'category': 'Shampoo', 'id': 'tPp435635-694165-694166', 'prod_name': 'Pantene Classic Clean Shampoo', 'waitrose_Qty': '500ml', 'waitrose_discounted_price': '£5.15', 'waitrose_offer_desc': None, 'waitrose_url': 'https://www.waitrose.com/ecom/shop/browse/groceries/toiletries_health_and_beauty/hair_care/shampoo', 'waitrose_rating': None, 'waitrose_unit_price': '(£1.03/100ml)', 'waitrose_new_flag': None, 'waitrose_prod_name': 'Pantene Classic Clean Shampoo 500ml', 'images': []}
DEBUG: Scraped from <200 https://www.waitrose.com/ecom/shop/browse/groceries/toiletries_health_and_beauty/hair_care/shampoo>
{'client': 'Waitrose', 'time': datetime.datetime(2020, 9, 6, 12, 13, 59, 129427), 'category': 'Shampoo', 'id': 'tPp687186-337057-337058', 'prod_name': 'Argan + Argan Oil Rejuvenating Shampoo', 'waitrose_Qty': '300ml', 'waitrose_discounted_price': '£4.00', 'waitrose_offer_desc': 'Save 1/3.', 'waitrose_url': 'https://www.waitrose.com/ecom/shop/browse/groceries/toiletries_health_and_beauty/hair_care/shampoo', 'waitrose_rating': '5', 'waitrose_unit_price': '(£1.34/100ml)', 'waitrose_new_flag': None, 'waitrose_prod_name': 'Argan + Argan Oil Rejuvenating Shampoo 300ml', 'images': []}
DEBUG: Scraped from <200 https://www.waitrose.com/ecom/shop/browse/groceries/toiletries_health_and_beauty/hair_care/shampoo>
{'client': 'Waitrose', 'time': datetime.datetime(2020, 9, 6, 12, 13, 59, 129427), 'category': 'Shampoo', 'id': 'tPp844892-695845-695846', 'prod_name': 'Head & Shoulders Colour Protect', 'waitrose_Qty': '400ml', 'waitrose_discounted_price': '£3.33', 'waitrose_offer_desc': 'Save 1/3.', 'waitrose_url': 'https://www.waitrose.com/ecom/shop/browse/groceries/toiletries_health_and_beauty/hair_care/shampoo', 'waitrose_rating': None, 'waitrose_unit_price': '(83.3p/100ml)', 'waitrose_new_flag': None, 'waitrose_prod_name': 'Head & Shoulders Colour Protect 400ml', 'images': []}
DEBUG: Scraped from <200 https://www.waitrose.com/ecom/shop/browse/groceries/toiletries_health_and_beauty/hair_care/shampoo>
{'client': 'Waitrose', 'time': datetime.datetime(2020, 9, 6, 12, 13, 59, 129427), 'category': 'Shampoo', 'id': 'tPp725372-631511-631512', 'prod_name': 'Hask Moni Coconut Oil Shampoo', 'waitrose_Qty': '355ml', 'waitrose_discounted_price': '£4.66', 'waitrose_offer_desc': 'Save 1/3.', 'waitrose_url': 'https://www.waitrose.com/ecom/shop/browse/groceries/toiletries_health_and_beauty/hair_care/shampoo', 'waitrose_rating': None, 'waitrose_unit_price': '(£1.32/100ml)', 'waitrose_new_flag': None, 'waitrose_prod_name': 'Hask Moni Coconut Oil Shampoo 355ml', 'images': []}
DEBUG: Scraped from <200 https://www.waitrose.com/ecom/shop/browse/groceries/toiletries_health_and_beauty/hair_care/shampoo>
{'client': 'Waitrose', 'time': datetime.datetime(2020, 9, 6, 12, 13, 59, 129427), 'category': 'Shampoo', 'id': 'tPp464815-154487-154488', 'prod_name': 'Batiste original dry shampoo', 'waitrose_Qty': '200ml', 'waitrose_discounted_price': '£3.00', 'waitrose_offer_desc': None, 'waitrose_url': 'https://www.waitrose.com/ecom/shop/browse/groceries/toiletries_health_and_beauty/hair_care/shampoo', 'waitrose_rating': '5', 'waitrose_unit_price': '(£1.50/100ml)', 'waitrose_new_flag': None, 'waitrose_prod_name': 'Batiste original dry shampoo 200ml', 'images': []}
DEBUG: Scraped from <200 https://www.waitrose.com/ecom/shop/browse/groceries/toiletries_health_and_beauty/hair_care/shampoo>
{'client': 'Waitrose', 'time': datetime.datetime(2020, 9, 6, 12, 13, 59, 129427), 'category': 'Shampoo', 'id': 'tPp547359-720175-720176', 'prod_name': 'Maui Moisture Bamboo Shampoo', 'waitrose_Qty': '385ml', 'waitrose_discounted_price': '£6.00', 'waitrose_offer_desc': 'Save 1/3.', 'waitrose_url': 'https://www.waitrose.com/ecom/shop/browse/groceries/toiletries_health_and_beauty/hair_care/shampoo', 'waitrose_rating': '5', 'waitrose_unit_price': '(£1.56/100ml)', 'waitrose_new_flag': None, 'waitrose_prod_name': 'Maui Moisture Bamboo Shampoo 385ml', 'images': []}
DEBUG: Scraped from <200 https://www.waitrose.com/ecom/shop/browse/groceries/toiletries_health_and_beauty/hair_care/shampoo>
{'client': 'Waitrose', 'time': datetime.datetime(2020, 9, 6, 12, 13, 59, 129427), 'category': 'Shampoo', 'id': 'tPp836753-694201-694202', 'prod_name': 'Pantene Volume & Body Shampoo', 'waitrose_Qty': '500ml', 'waitrose_discounted_price': '£5.15', 'waitrose_offer_desc': None, 'waitrose_url': 'https://www.waitrose.com/ecom/shop/browse/groceries/toiletries_health_and_beauty/hair_care/shampoo', 'waitrose_rating': None, 'waitrose_unit_price': '(£1.03/100ml)', 'waitrose_new_flag': None, 'waitrose_prod_name': 'Pantene Volume & Body Shampoo 500ml', 'images': []}
DEBUG: Scraped from <200 https://www.waitrose.com/ecom/shop/browse/groceries/toiletries_health_and_beauty/hair_care/shampoo>
{'client': 'Waitrose', 'time': datetime.datetime(2020, 9, 6, 12, 13, 59, 129427), 'category': 'Shampoo', 'id': 'tPp808436-720325-720326', 'prod_name': 'Hask Biotin Boost Shampoo', 'waitrose_Qty': '355ml', 'waitrose_discounted_price': '£4.66', 'waitrose_offer_desc': 'Save 1/3.', 'waitrose_url': 'https://www.waitrose.com/ecom/shop/browse/groceries/toiletries_health_and_beauty/hair_care/shampoo', 'waitrose_rating': None, 'waitrose_unit_price': '(£1.32/100ml)', 'waitrose_new_flag': None, 'waitrose_prod_name': 'Hask Biotin Boost Shampoo 355ml', 'images': []}
DEBUG: Scraped from <200 https://www.waitrose.com/ecom/shop/browse/groceries/toiletries_health_and_beauty/hair_care/shampoo>
{'client': 'Waitrose', 'time': datetime.datetime(2020, 9, 6, 12, 13, 59, 129427), 'category': 'Shampoo', 'id': 'tPp711086-652694-652695', 'prod_name': 'Head & Shoulders Supreme Moisture', 'waitrose_Qty': '400ml', 'waitrose_discounted_price': '£3.43', 'waitrose_offer_desc': 'Save 1/3.', 'waitrose_url': 'https://www.waitrose.com/ecom/shop/browse/groceries/toiletries_health_and_beauty/hair_care/shampoo', 'waitrose_rating': None, 'waitrose_unit_price': '(85.8p/100ml)', 'waitrose_new_flag': None, 'waitrose_prod_name': 'Head & Shoulders Supreme Moisture 400ml', 'images': []}
DEBUG: Scraped from <200 https://www.waitrose.com/ecom/shop/browse/groceries/toiletries_health_and_beauty/hair_care/shampoo>
{'client': 'Waitrose', 'time': datetime.datetime(2020, 9, 6, 12, 13, 59, 129427), 'category': 'Shampoo', 'id': 'tPp807825-473364-473365', 'prod_name': 'SenSpa Deep Cleanse Shampoo', 'waitrose_Qty': '250ml', 'waitrose_discounted_price': '£4.00', 'waitrose_offer_desc': 'Save 1/3.', 'waitrose_url': 'https://www.waitrose.com/ecom/shop/browse/groceries/toiletries_health_and_beauty/hair_care/shampoo', 'waitrose_rating': '3.7', 'waitrose_unit_price': '(£1.60/100ml)', 'waitrose_new_flag': None, 'waitrose_prod_name': 'SenSpa Deep Cleanse Shampoo 250ml', 'images': []}
DEBUG: Scraped from <200 https://www.waitrose.com/ecom/shop/browse/groceries/toiletries_health_and_beauty/hair_care/shampoo>
{'client': 'Waitrose', 'time': datetime.datetime(2020, 9, 6, 12, 13, 59, 129427), 'category': 'Shampoo', 'id': 'tPp740653-352034-352035', 'prod_name': 'essential Waitrose Anti-Dandruff 2 in 1', 'waitrose_Qty': '300ml', 'waitrose_discounted_price': '£1.00', 'waitrose_offer_desc': None, 'waitrose_url': 'https://www.waitrose.com/ecom/shop/browse/groceries/toiletries_health_and_beauty/hair_care/shampoo', 'waitrose_rating': '4', 'waitrose_unit_price': '(33.3p/100ml)', 'waitrose_new_flag': None, 'waitrose_prod_name': 'essential Waitrose Anti-Dandruff 2 in 1 300ml', 'images': []}
DEBUG: Scraped from <200 https://www.waitrose.com/ecom/shop/browse/groceries/toiletries_health_and_beauty/hair_care/shampoo>
{'client': 'Waitrose', 'time': datetime.datetime(2020, 9, 6, 12, 13, 59, 129427), 'category': 'Shampoo', 'id': 'tPp884562-720413-720414', 'prod_name': 'Maui Moisture Shea Butter Shampoo', 'waitrose_Qty': '385ml', 'waitrose_discounted_price': '£6.00', 'waitrose_offer_desc': 'Save 1/3.', 'waitrose_url': 'https://www.waitrose.com/ecom/shop/browse/groceries/toiletries_health_and_beauty/hair_care/shampoo', 'waitrose_rating': None, 'waitrose_unit_price': '(£1.56/100ml)', 'waitrose_new_flag': None, 'waitrose_prod_name': 'Maui Moisture Shea Butter Shampoo 385ml', 'images': []}
DEBUG: Scraped from <200 https://www.waitrose.com/ecom/shop/browse/groceries/toiletries_health_and_beauty/hair_care/shampoo>
{'client': 'Waitrose', 'time': datetime.datetime(2020, 9, 6, 12, 13, 59, 129427), 'category': 'Shampoo', 'id': 'tPp492466-631281-631282', 'prod_name': 'Hask Keratin Protein Smoothing Shampoo', 'waitrose_Qty': '355ml', 'waitrose_discounted_price': '£4.66', 'waitrose_offer_desc': 'Save 1/3.', 'waitrose_url': 'https://www.waitrose.com/ecom/shop/browse/groceries/toiletries_health_and_beauty/hair_care/shampoo', 'waitrose_rating': None, 'waitrose_unit_price': '(£1.32/100ml)', 'waitrose_new_flag': None, 'waitrose_prod_name': 'Hask Keratin Protein Smoothing Shampoo 355ml', 'images': []}
DEBUG: Scraped from <200 https://www.waitrose.com/ecom/shop/browse/groceries/toiletries_health_and_beauty/hair_care/shampoo>
{'client': 'Waitrose', 'time': datetime.datetime(2020, 9, 6, 12, 13, 59, 129427), 'category': 'Shampoo', 'id': 'tPp432893-216691-216692', 'prod_name': 'Head & Shoulders Shampoo Apple Fresh', 'waitrose_Qty': '500ml', 'waitrose_discounted_price': '£5.15', 'waitrose_offer_desc': None, 'waitrose_url': 'https://www.waitrose.com/ecom/shop/browse/groceries/toiletries_health_and_beauty/hair_care/shampoo', 'waitrose_rating': None, 'waitrose_unit_price': '(£1.03/100ml)', 'waitrose_new_flag': None, 'waitrose_prod_name': 'Head & Shoulders Shampoo Apple Fresh 500ml', 'images': []}
DEBUG: Scraped from <200 https://www.waitrose.com/ecom/shop/browse/groceries/toiletries_health_and_beauty/hair_care/shampoo>
{'client': 'Waitrose', 'time': datetime.datetime(2020, 9, 6, 12, 13, 59, 129427), 'category': 'Shampoo', 'id': 'tPp645178-695617-695618', 'prod_name': 'John Frieda Shampoo Weightless Wonder', 'waitrose_Qty': '250ml', 'waitrose_discounted_price': '£3.99', 'waitrose_offer_desc': 'Save 1/3.', 'waitrose_url': 'https://www.waitrose.com/ecom/shop/browse/groceries/toiletries_health_and_beauty/hair_care/shampoo', 'waitrose_rating': '4.6', 'waitrose_unit_price': '(£1.60/100ml)', 'waitrose_new_flag': None, 'waitrose_prod_name': 'John Frieda Shampoo Weightless Wonder 250ml', 'images': []}
DEBUG: Scraped from <200 https://www.waitrose.com/ecom/shop/browse/groceries/toiletries_health_and_beauty/hair_care/shampoo>
{'client': 'Waitrose', 'time': datetime.datetime(2020, 9, 6, 12, 13, 59, 129427), 'category': 'Shampoo', 'id': 'tPp062495-31737-31738', 'prod_name': 'Neutrogena T/Gel shampoo dry hair', 'waitrose_Qty': '125ml', 'waitrose_discounted_price': '£5.15', 'waitrose_offer_desc': None, 'waitrose_url': 'https://www.waitrose.com/ecom/shop/browse/groceries/toiletries_health_and_beauty/hair_care/shampoo', 'waitrose_rating': None, 'waitrose_unit_price': '(£4.12/100ml)', 'waitrose_new_flag': None, 'waitrose_prod_name': 'Neutrogena T/Gel shampoo dry hair 125ml', 'images': []}
DEBUG: Scraped from <200 https://www.waitrose.com/ecom/shop/browse/groceries/toiletries_health_and_beauty/hair_care/shampoo>
{'client': 'Waitrose', 'time': datetime.datetime(2020, 9, 6, 12, 13, 59, 129427), 'category': 'Shampoo', 'id': 'tPp757780-107799-107800', 'prod_name': 'Head & Shoulders 2in1 Classic Clean', 'waitrose_Qty': '450ml', 'waitrose_discounted_price': '£5.15', 'waitrose_offer_desc': None, 'waitrose_url': 'https://www.waitrose.com/ecom/shop/browse/groceries/toiletries_health_and_beauty/hair_care/shampoo', 'waitrose_rating': '4', 'waitrose_unit_price': '(£1.15/100ml)', 'waitrose_new_flag': None, 'waitrose_prod_name': 'Head & Shoulders 2in1 Classic Clean 450ml', 'images': []}
DEBUG: Scraped from <200 https://www.waitrose.com/ecom/shop/browse/groceries/toiletries_health_and_beauty/hair_care/shampoo>
{'client': 'Waitrose', 'time': datetime.datetime(2020, 9, 6, 12, 13, 59, 129427), 'category': 'Shampoo', 'id': 'tPp824583-694195-694196', 'prod_name': 'Pantene Repair & Protect Shampoo', 'waitrose_Qty': '500ml', 'waitrose_discounted_price': '£3.75', 'waitrose_offer_desc': None, 'waitrose_url': 'https://www.waitrose.com/ecom/shop/browse/groceries/toiletries_health_and_beauty/hair_care/shampoo', 'waitrose_rating': None, 'waitrose_unit_price': '(75p/100ml)', 'waitrose_new_flag': None, 'waitrose_prod_name': 'Pantene Repair & Protect Shampoo 500ml', 'images': []}
DEBUG: Scraped from <200 https://www.waitrose.com/ecom/shop/browse/groceries/toiletries_health_and_beauty/hair_care/shampoo>
{'client': 'Waitrose', 'time': datetime.datetime(2020, 9, 6, 12, 13, 59, 129427), 'category': 'Shampoo', 'id': 'tPp455905-591789-591790', 'prod_name': 'Herbal Essences clean Shampoo', 'waitrose_Qty': '400ml', 'waitrose_discounted_price': '£4.50', 'waitrose_offer_desc': None, 'waitrose_url': 'https://www.waitrose.com/ecom/shop/browse/groceries/toiletries_health_and_beauty/hair_care/shampoo', 'waitrose_rating': None, 'waitrose_unit_price': '(£1.13/100ml)', 'waitrose_new_flag': None, 'waitrose_prod_name': 'Herbal Essences clean Shampoo 400ml', 'images': []}
DEBUG: Scraped from <200 https://www.waitrose.com/ecom/shop/browse/groceries/toiletries_health_and_beauty/hair_care/shampoo>
{'client': 'Waitrose', 'time': datetime.datetime(2020, 9, 6, 12, 13, 59, 129427), 'category': 'Shampoo', 'id': 'tPp472240-591833-591834', 'prod_name': 'Herbal Essences Repair Shampoo', 'waitrose_Qty': '400ml', 'waitrose_discounted_price': '£4.50', 'waitrose_offer_desc': None, 'waitrose_url': 'https://www.waitrose.com/ecom/shop/browse/groceries/toiletries_health_and_beauty/hair_care/shampoo', 'waitrose_rating': '5', 'waitrose_unit_price': '(£1.13/100ml)', 'waitrose_new_flag': None, 'waitrose_prod_name': 'Herbal Essences Repair Shampoo 400ml', 'images': []}
DEBUG: Scraped from <200 https://www.waitrose.com/ecom/shop/browse/groceries/toiletries_health_and_beauty/hair_care/shampoo>
{'client': 'Waitrose', 'time': datetime.datetime(2020, 9, 6, 12, 13, 59, 129427), 'category': 'Shampoo', 'id': 'tPp882824-154983-154984', 'prod_name': 'Head & Shoulders itchy scalp shampoo', 'waitrose_Qty': '500ml', 'waitrose_discounted_price': '£5.15', 'waitrose_offer_desc': None, 'waitrose_url': 'https://www.waitrose.com/ecom/shop/browse/groceries/toiletries_health_and_beauty/hair_care/shampoo', 'waitrose_rating': '5', 'waitrose_unit_price': '(£1.03/100ml)', 'waitrose_new_flag': None, 'waitrose_prod_name': 'Head & Shoulders itchy scalp shampoo 500ml', 'images': []}
DEBUG: Scraped from <200 https://www.waitrose.com/ecom/shop/browse/groceries/toiletries_health_and_beauty/hair_care/shampoo>
{'client': 'Waitrose', 'time': datetime.datetime(2020, 9, 6, 12, 13, 59, 129427), 'category': 'Shampoo', 'id': 'tPp755349-720291-720292', 'prod_name': 'Herbal Essences Aloe & Mango Shampoo', 'waitrose_Qty': '380ml', 'waitrose_discounted_price': '£4.50', 'waitrose_offer_desc': None, 'waitrose_url': 'https://www.waitrose.com/ecom/shop/browse/groceries/toiletries_health_and_beauty/hair_care/shampoo', 'waitrose_rating': None, 'waitrose_unit_price': '(£1.19/100ml)', 'waitrose_new_flag': None, 'waitrose_prod_name': 'Herbal Essences Aloe & Mango Shampoo 380ml', 'images': []}
DEBUG: Scraped from <200 https://www.waitrose.com/ecom/shop/browse/groceries/toiletries_health_and_beauty/hair_care/shampoo>
{'client': 'Waitrose', 'time': datetime.datetime(2020, 9, 6, 12, 13, 59, 129427), 'category': 'Shampoo', 'id': 'tPp852396-695857-695858', 'prod_name': 'BECO. Honey Blossom Shampoo Bar', 'waitrose_Qty': '90g', 'waitrose_discounted_price': '£4.00', 'waitrose_offer_desc': None, 'waitrose_url': 'https://www.waitrose.com/ecom/shop/browse/groceries/toiletries_health_and_beauty/hair_care/shampoo', 'waitrose_rating': '4.9', 'waitrose_unit_price': '(£4.45/100g)', 'waitrose_new_flag': None, 'waitrose_prod_name': 'BECO. Honey Blossom Shampoo Bar 90g', 'images': []}
DEBUG: Scraped from <200 https://www.waitrose.com/ecom/shop/browse/groceries/toiletries_health_and_beauty/hair_care/shampoo>
{'client': 'Waitrose', 'time': datetime.datetime(2020, 9, 6, 12, 13, 59, 129427), 'category': 'Shampoo', 'id': 'tPp657930-695639-695640', 'prod_name': 'Noughty Pumped Up Shampoo', 'waitrose_Qty': '250ml', 'waitrose_discounted_price': '£4.66', 'waitrose_offer_desc': 'Save 1/3.', 'waitrose_url': 'https://www.waitrose.com/ecom/shop/browse/groceries/toiletries_health_and_beauty/hair_care/shampoo', 'waitrose_rating': '5', 'waitrose_unit_price': '(£1.87/100ml)', 'waitrose_new_flag': None, 'waitrose_prod_name': 'Noughty Pumped Up Shampoo 250ml', 'images': []}
DEBUG: Scraped from <200 https://www.waitrose.com/ecom/shop/browse/groceries/toiletries_health_and_beauty/hair_care/shampoo>
{'client': 'Waitrose', 'time': datetime.datetime(2020, 9, 6, 12, 13, 59, 129427), 'category': 'Shampoo', 'id': 'tPp631829-695597-695598', 'prod_name': 'Noughty Detox Dynamo Shampoo', 'waitrose_Qty': '250ml', 'waitrose_discounted_price': '£4.66', 'waitrose_offer_desc': 'Save 1/3.', 'waitrose_url': 'https://www.waitrose.com/ecom/shop/browse/groceries/toiletries_health_and_beauty/hair_care/shampoo', 'waitrose_rating': None, 'waitrose_unit_price': '(£1.87/100ml)', 'waitrose_new_flag': None, 'waitrose_prod_name': 'Noughty Detox Dynamo Shampoo 250ml', 'images': []}
DEBUG: Scraped from <200 https://www.waitrose.com/ecom/shop/browse/groceries/toiletries_health_and_beauty/hair_care/shampoo>
{'client': 'Waitrose', 'time': datetime.datetime(2020, 9, 6, 12, 13, 59, 129427), 'category': 'Shampoo', 'id': 'tPp581617-694173-694174', 'prod_name': 'Pantene Colour Protect Shampoo', 'waitrose_Qty': '500ml', 'waitrose_discounted_price': '£5.15', 'waitrose_offer_desc': None, 'waitrose_url': 'https://www.waitrose.com/ecom/shop/browse/groceries/toiletries_health_and_beauty/hair_care/shampoo', 'waitrose_rating': None, 'waitrose_unit_price': '(£1.03/100ml)', 'waitrose_new_flag': None, 'waitrose_prod_name': 'Pantene Colour Protect Shampoo 500ml', 'images': []}
DEBUG: Scraped from <200 https://www.waitrose.com/ecom/shop/browse/groceries/toiletries_health_and_beauty/hair_care/shampoo>
{'client': 'Waitrose', 'time': datetime.datetime(2020, 9, 6, 12, 13, 59, 129427), 'category': 'Shampoo', 'id': 'tPp486943-68769-68770', 'prod_name': 'Head & Shoulders 2in1 classic clean', 'waitrose_Qty': '225ml', 'waitrose_discounted_price': '£3.00', 'waitrose_offer_desc': None, 'waitrose_url': 'https://www.waitrose.com/ecom/shop/browse/groceries/toiletries_health_and_beauty/hair_care/shampoo', 'waitrose_rating': '4', 'waitrose_unit_price': '(£1.34/100ml)', 'waitrose_new_flag': None, 'waitrose_prod_name': 'Head & Shoulders 2in1 classic clean 225ml', 'images': []}
DEBUG: Scraped from <200 https://www.waitrose.com/ecom/shop/browse/groceries/toiletries_health_and_beauty/hair_care/shampoo>
{'client': 'Waitrose', 'time': datetime.datetime(2020, 9, 6, 12, 13, 59, 129427), 'category': 'Shampoo', 'id': 'tPp047805-23664-23665', 'prod_name': 'Avalon Organics tea tree shampoo', 'waitrose_Qty': '325ml', 'waitrose_discounted_price': '£7.00', 'waitrose_offer_desc': None, 'waitrose_url': 'https://www.waitrose.com/ecom/shop/browse/groceries/toiletries_health_and_beauty/hair_care/shampoo', 'waitrose_rating': '4.9', 'waitrose_unit_price': '(£2.16/100ml)', 'waitrose_new_flag': None, 'waitrose_prod_name': 'Avalon Organics tea tree shampoo 325ml', 'images': []}
DEBUG: Scraped from <200 https://www.waitrose.com/ecom/shop/browse/groceries/toiletries_health_and_beauty/hair_care/shampoo>
{'client': 'Waitrose', 'time': datetime.datetime(2020, 9, 6, 12, 13, 59, 129427), 'category': 'Shampoo', 'id': 'tPp853982-154925-154926', 'prod_name': 'Batiste blush dry shampoo', 'waitrose_Qty': '200ml', 'waitrose_discounted_price': '£3.00', 'waitrose_offer_desc': None, 'waitrose_url': 'https://www.waitrose.com/ecom/shop/browse/groceries/toiletries_health_and_beauty/hair_care/shampoo', 'waitrose_rating': '4', 'waitrose_unit_price': '(£1.50/100ml)', 'waitrose_new_flag': None, 'waitrose_prod_name': 'Batiste blush dry shampoo 200ml', 'images': []}
DEBUG: Scraped from <200 https://www.waitrose.com/ecom/shop/browse/groceries/toiletries_health_and_beauty/hair_care/shampoo>
{'client': 'Waitrose', 'time': datetime.datetime(2020, 9, 6, 12, 13, 59, 129427), 'category': 'Shampoo', 'id': 'tPp649492-695625-695626', 'prod_name': 'Vosene Kids 2in1 Melon Shampoo', 'waitrose_Qty': '250ml', 'waitrose_discounted_price': '£1.33', 'waitrose_offer_desc': 'Save 1/3.', 'waitrose_url': 'https://www.waitrose.com/ecom/shop/browse/groceries/toiletries_health_and_beauty/hair_care/shampoo', 'waitrose_rating': None, 'waitrose_unit_price': '(53.2p/100ml)', 'waitrose_new_flag': None, 'waitrose_prod_name': 'Vosene Kids 2in1 Melon Shampoo 250ml', 'images': []}
DEBUG: Scraped from <200 https://www.waitrose.com/ecom/shop/browse/groceries/toiletries_health_and_beauty/hair_care/shampoo>
{'client': 'Waitrose', 'time': datetime.datetime(2020, 9, 6, 12, 13, 59, 129427), 'category': 'Shampoo', 'id': 'tPp530991-695493-695494', 'prod_name': 'John Frieda Shampoo Detox & Repair', 'waitrose_Qty': '250ml', 'waitrose_discounted_price': '£3.99', 'waitrose_offer_desc': 'Save 1/3.', 'waitrose_url': 'https://www.waitrose.com/ecom/shop/browse/groceries/toiletries_health_and_beauty/hair_care/shampoo', 'waitrose_rating': None, 'waitrose_unit_price': '(£1.60/100ml)', 'waitrose_new_flag': None, 'waitrose_prod_name': 'John Frieda Shampoo Detox & Repair 250ml', 'images': []}
DEBUG: Scraped from <200 https://www.waitrose.com/ecom/shop/browse/groceries/toiletries_health_and_beauty/hair_care/shampoo>
{'client': 'Waitrose', 'time': datetime.datetime(2020, 9, 6, 12, 13, 59, 129427), 'category': 'Shampoo', 'id': 'tPp711843-717497-717498', 'prod_name': "L'Oreal Elvive Colour Shampoo", 'waitrose_Qty': '400ml', 'waitrose_discounted_price': '£3.75', 'waitrose_offer_desc': None, 'waitrose_url': 'https://www.waitrose.com/ecom/shop/browse/groceries/toiletries_health_and_beauty/hair_care/shampoo', 'waitrose_rating': None, 'waitrose_unit_price': '(93.8p/100ml)', 'waitrose_new_flag': None, 'waitrose_prod_name': "L'Oreal Elvive Colour Shampoo 400ml", 'images': []}
DEBUG: Scraped from <200 https://www.waitrose.com/ecom/shop/browse/groceries/toiletries_health_and_beauty/hair_care/shampoo>
{'client': 'Waitrose', 'time': datetime.datetime(2020, 9, 6, 12, 13, 59, 129427), 'category': 'Shampoo', 'id': 'tPp686838-346630-346631', 'prod_name': 'Richard Ward argan antiageing shampoo', 'waitrose_Qty': '250ml', 'waitrose_discounted_price': '£6.00', 'waitrose_offer_desc': None, 'waitrose_url': 'https://www.waitrose.com/ecom/shop/browse/groceries/toiletries_health_and_beauty/hair_care/shampoo', 'waitrose_rating': '4.1', 'waitrose_unit_price': '(£2.40/100ml)', 'waitrose_new_flag': None, 'waitrose_prod_name': 'Richard Ward argan antiageing shampoo 250ml', 'images': []}
DEBUG: Scraped from <200 https://www.waitrose.com/ecom/shop/browse/groceries/toiletries_health_and_beauty/hair_care/shampoo>
{'client': 'Waitrose', 'time': datetime.datetime(2020, 9, 6, 12, 13, 59, 129427), 'category': 'Shampoo', 'id': 'tPp855140-216863-216864', 'prod_name': 'Ogx Coconut Milk Shampoo', 'waitrose_Qty': '385ml', 'waitrose_discounted_price': '£7.00', 'waitrose_offer_desc': None, 'waitrose_url': 'https://www.waitrose.com/ecom/shop/browse/groceries/toiletries_health_and_beauty/hair_care/shampoo', 'waitrose_rating': '5', 'waitrose_unit_price': '(£1.82/100ml)', 'waitrose_new_flag': None, 'waitrose_prod_name': 'Ogx Coconut Milk Shampoo 385ml', 'images': []}
DEBUG: Scraped from <200 https://www.waitrose.com/ecom/shop/browse/groceries/toiletries_health_and_beauty/hair_care/shampoo>
{'client': 'Waitrose', 'time': datetime.datetime(2020, 9, 6, 12, 13, 59, 129427), 'category': 'Shampoo', 'id': 'tPp865734-216867-216868', 'prod_name': 'Ogx Argan Oil of Morocco Shampoo', 'waitrose_Qty': '385ml', 'waitrose_discounted_price': '£7.00', 'waitrose_offer_desc': None, 'waitrose_url': 'https://www.waitrose.com/ecom/shop/browse/groceries/toiletries_health_and_beauty/hair_care/shampoo', 'waitrose_rating': '3.4', 'waitrose_unit_price': '(£1.82/100ml)', 'waitrose_new_flag': None, 'waitrose_prod_name': 'Ogx Argan Oil of Morocco Shampoo 385ml', 'images': []}
DEBUG: Scraped from <200 https://www.waitrose.com/ecom/shop/browse/groceries/toiletries_health_and_beauty/hair_care/shampoo>
{'client': 'Waitrose', 'time': datetime.datetime(2020, 9, 6, 12, 13, 59, 129427), 'category': 'Shampoo', 'id': 'tPp490113-591883-591884', 'prod_name': 'Herbal Essences Volume Shampoo', 'waitrose_Qty': '400ml', 'waitrose_discounted_price': '£4.50', 'waitrose_offer_desc': None, 'waitrose_url': 'https://www.waitrose.com/ecom/shop/browse/groceries/toiletries_health_and_beauty/hair_care/shampoo', 'waitrose_rating': '5', 'waitrose_unit_price': '(£1.13/100ml)', 'waitrose_new_flag': None, 'waitrose_prod_name': 'Herbal Essences Volume Shampoo 400ml', 'images': []}
DEBUG: Scraped from <200 https://www.waitrose.com/ecom/shop/browse/groceries/toiletries_health_and_beauty/hair_care/shampoo>
{'client': 'Waitrose', 'time': datetime.datetime(2020, 9, 6, 12, 13, 59, 129427), 'category': 'Shampoo', 'id': 'tPp453160-695433-695434', 'prod_name': 'Argan+ Long & Strong Shampoo', 'waitrose_Qty': '300ml', 'waitrose_discounted_price': '£4.00', 'waitrose_offer_desc': 'Save 1/3.', 'waitrose_url': 'https://www.waitrose.com/ecom/shop/browse/groceries/toiletries_health_and_beauty/hair_care/shampoo', 'waitrose_rating': None, 'waitrose_unit_price': '(£1.34/100ml)', 'waitrose_new_flag': None, 'waitrose_prod_name': 'Argan+ Long & Strong Shampoo 300ml', 'images': []}
DEBUG: Scraped from <200 https://www.waitrose.com/ecom/shop/browse/groceries/toiletries_health_and_beauty/hair_care/shampoo>
{'client': 'Waitrose', 'time': datetime.datetime(2020, 9, 6, 12, 13, 59, 129427), 'category': 'Shampoo', 'id': 'tPp895244-495222-495223', 'prod_name': 'DGJ Clarifying Shampoo', 'waitrose_Qty': '250ml', 'waitrose_discounted_price': '£2.50', 'waitrose_offer_desc': 'Half Price.', 'waitrose_url': 'https://www.waitrose.com/ecom/shop/browse/groceries/toiletries_health_and_beauty/hair_care/shampoo', 'waitrose_rating': None, 'waitrose_unit_price': '(£1/100ml)', 'waitrose_new_flag': None, 'waitrose_prod_name': 'DGJ Clarifying Shampoo 250ml', 'images': []}
DEBUG: Scraped from <200 https://www.waitrose.com/ecom/shop/browse/groceries/toiletries_health_and_beauty/hair_care/shampoo>
{'client': 'Waitrose', 'time': datetime.datetime(2020, 9, 6, 12, 13, 59, 129427), 'category': 'Shampoo', 'id': 'tPp816738-442231-442232', 'prod_name': 'SensSpa Nourishing Shampoo', 'waitrose_Qty': '250ml', 'waitrose_discounted_price': '£4.00', 'waitrose_offer_desc': 'Save 1/3.', 'waitrose_url': 'https://www.waitrose.com/ecom/shop/browse/groceries/toiletries_health_and_beauty/hair_care/shampoo', 'waitrose_rating': '2.6', 'waitrose_unit_price': '(£1.60/100ml)', 'waitrose_new_flag': None, 'waitrose_prod_name': 'SensSpa Nourishing Shampoo 250ml', 'images': []}
DEBUG: Scraped from <200 https://www.waitrose.com/ecom/shop/browse/groceries/toiletries_health_and_beauty/hair_care/shampoo>
{'client': 'Waitrose', 'time': datetime.datetime(2020, 9, 6, 12, 13, 59, 129427), 'category': 'Shampoo', 'id': 'tPp027940-13599-13600', 'prod_name': 'Avalon Organics lemon shampoo', 'waitrose_Qty': '325ml', 'waitrose_discounted_price': '£7.00', 'waitrose_offer_desc': None, 'waitrose_url': 'https://www.waitrose.com/ecom/shop/browse/groceries/toiletries_health_and_beauty/hair_care/shampoo', 'waitrose_rating': '3.6', 'waitrose_unit_price': '(£2.16/100ml)', 'waitrose_new_flag': None, 'waitrose_prod_name': 'Avalon Organics lemon shampoo 325ml', 'images': []}
DEBUG: Scraped from <200 https://www.waitrose.com/ecom/shop/browse/groceries/toiletries_health_and_beauty/hair_care/shampoo>
{'client': 'Waitrose', 'time': datetime.datetime(2020, 9, 6, 12, 13, 59, 129427), 'category': 'Shampoo', 'id': 'tPp626001-88825-88826', 'prod_name': 'Head & Shoulders Shampoo Citrus Fresh', 'waitrose_Qty': '500ml', 'waitrose_discounted_price': '£5.15', 'waitrose_offer_desc': None, 'waitrose_url': 'https://www.waitrose.com/ecom/shop/browse/groceries/toiletries_health_and_beauty/hair_care/shampoo', 'waitrose_rating': None, 'waitrose_unit_price': '(£1.03/100ml)', 'waitrose_new_flag': None, 'waitrose_prod_name': 'Head & Shoulders Shampoo Citrus Fresh 500ml', 'images': []}
DEBUG: Scraped from <200 https://www.waitrose.com/ecom/shop/browse/groceries/toiletries_health_and_beauty/hair_care/shampoo>
{'client': 'Waitrose', 'time': datetime.datetime(2020, 9, 6, 12, 13, 59, 129427), 'category': 'Shampoo', 'id': 'tPp868154-695990-695991', 'prod_name': 'Hair Biology Purple Shampoo', 'waitrose_Qty': '250ml', 'waitrose_discounted_price': '£4.50', 'waitrose_offer_desc': None, 'waitrose_url': 'https://www.waitrose.com/ecom/shop/browse/groceries/toiletries_health_and_beauty/hair_care/shampoo', 'waitrose_rating': None, 'waitrose_unit_price': '(£1.80/100ml)', 'waitrose_new_flag': None, 'waitrose_prod_name': 'Hair Biology Purple Shampoo 250ml', 'images': []}
DEBUG: Scraped from <200 https://www.waitrose.com/ecom/shop/browse/groceries/toiletries_health_and_beauty/hair_care/shampoo>
{'client': 'Waitrose', 'time': datetime.datetime(2020, 9, 6, 12, 13, 59, 129427), 'category': 'Shampoo', 'id': 'tPp821139-694191-694192', 'prod_name': 'Pantene Smooth & Sleek Shampoo', 'waitrose_Qty': '500ml', 'waitrose_discounted_price': '£5.15', 'waitrose_offer_desc': None, 'waitrose_url': 'https://www.waitrose.com/ecom/shop/browse/groceries/toiletries_health_and_beauty/hair_care/shampoo', 'waitrose_rating': None, 'waitrose_unit_price': '(£1.03/100ml)', 'waitrose_new_flag': None, 'waitrose_prod_name': 'Pantene Smooth & Sleek Shampoo 500ml', 'images': []}
DEBUG: Scraped from <200 https://www.waitrose.com/ecom/shop/browse/groceries/toiletries_health_and_beauty/hair_care/shampoo>
{'client': 'Waitrose', 'time': datetime.datetime(2020, 9, 6, 12, 13, 59, 129427), 'category': 'Shampoo', 'id': 'tPp484035-715885-715886', 'prod_name': "L'Oreal Elvive Oil Nourishing Shampoo", 'waitrose_Qty': '400ml', 'waitrose_discounted_price': '£3.75', 'waitrose_offer_desc': None, 'waitrose_url': 'https://www.waitrose.com/ecom/shop/browse/groceries/toiletries_health_and_beauty/hair_care/shampoo', 'waitrose_rating': None, 'waitrose_unit_price': '(93.8p/100ml)', 'waitrose_new_flag': None, 'waitrose_prod_name': "L'Oreal Elvive Oil Nourishing Shampoo 400ml", 'images': []}
DEBUG: Scraped from <200 https://www.waitrose.com/ecom/shop/browse/groceries/toiletries_health_and_beauty/hair_care/shampoo>
{'client': 'Waitrose', 'time': datetime.datetime(2020, 9, 6, 12, 13, 59, 129427), 'category': 'Shampoo', 'id': 'tPp756229-563906-563907', 'prod_name': 'Head & Shoulders 2 in 1 Total Care', 'waitrose_Qty': '225ml', 'waitrose_discounted_price': '£3.00', 'waitrose_offer_desc': None, 'waitrose_url': 'https://www.waitrose.com/ecom/shop/browse/groceries/toiletries_health_and_beauty/hair_care/shampoo', 'waitrose_rating': None, 'waitrose_unit_price': '(£1.34/100ml)', 'waitrose_new_flag': None, 'waitrose_prod_name': 'Head & Shoulders 2 in 1 Total Care 225ml', 'images': []}
DEBUG: Scraped from <200 https://www.waitrose.com/ecom/shop/browse/groceries/toiletries_health_and_beauty/hair_care/shampoo>
{'client': 'Waitrose', 'time': datetime.datetime(2020, 9, 6, 12, 13, 59, 129427), 'category': 'Shampoo', 'id': 'tPp527154-720165-720166', 'prod_name': 'Maui Moisture Hibiscus Water', 'waitrose_Qty': '385ml', 'waitrose_discounted_price': '£6.00', 'waitrose_offer_desc': 'Save 1/3.', 'waitrose_url': 'https://www.waitrose.com/ecom/shop/browse/groceries/toiletries_health_and_beauty/hair_care/shampoo', 'waitrose_rating': None, 'waitrose_unit_price': '(£1.56/100ml)', 'waitrose_new_flag': None, 'waitrose_prod_name': 'Maui Moisture Hibiscus Water 385ml', 'images': []}
DEBUG: Scraped from <200 https://www.waitrose.com/ecom/shop/browse/groceries/toiletries_health_and_beauty/hair_care/shampoo>
{'client': 'Waitrose', 'time': datetime.datetime(2020, 9, 6, 12, 13, 59, 129427), 'category': 'Shampoo', 'id': 'tPp791725-375655-375656', 'prod_name': 'Ogx Kukuí Oil Shampoo', 'waitrose_Qty': '385ml', 'waitrose_discounted_price': '£7.00', 'waitrose_offer_desc': None, 'waitrose_url': 'https://www.waitrose.com/ecom/shop/browse/groceries/toiletries_health_and_beauty/hair_care/shampoo', 'waitrose_rating': '5', 'waitrose_unit_price': '(£1.82/100ml)', 'waitrose_new_flag': None, 'waitrose_prod_name': 'Ogx Kukuí Oil Shampoo 385ml', 'images': []}
DEBUG: Scraped from <200 https://www.waitrose.com/ecom/shop/browse/groceries/toiletries_health_and_beauty/hair_care/shampoo>
{'client': 'Waitrose', 'time': datetime.datetime(2020, 9, 6, 12, 13, 59, 129427), 'category': 'Shampoo', 'id': 'tPp032765-16025-16026', 'prod_name': "L'Oréal kids shampoo berry strawberry", 'waitrose_Qty': '250ml', 'waitrose_discounted_price': '£2.00', 'waitrose_offer_desc': None, 'waitrose_url': 'https://www.waitrose.com/ecom/shop/browse/groceries/toiletries_health_and_beauty/hair_care/shampoo', 'waitrose_rating': None, 'waitrose_unit_price': '(80p/100ml)', 'waitrose_new_flag': None, 'waitrose_prod_name': "L'Oréal kids shampoo berry strawberry 250ml", 'images': []}
DEBUG: Scraped from <200 https://www.waitrose.com/ecom/shop/browse/groceries/toiletries_health_and_beauty/hair_care/shampoo>
{'client': 'Waitrose', 'time': datetime.datetime(2020, 9, 6, 12, 13, 59, 129427), 'category': 'Shampoo', 'id': 'tPp839781-154875-154876', 'prod_name': 'Aussie miracle moist shampoo', 'waitrose_Qty': '500ml', 'waitrose_discounted_price': '£6.15', 'waitrose_offer_desc': None, 'waitrose_url': 'https://www.waitrose.com/ecom/shop/browse/groceries/toiletries_health_and_beauty/hair_care/shampoo', 'waitrose_rating': None, 'waitrose_unit_price': '(£1.23/100ml)', 'waitrose_new_flag': None, 'waitrose_prod_name': 'Aussie miracle moist shampoo 500ml', 'images': []}
DEBUG: Scraped from <200 https://www.waitrose.com/ecom/shop/browse/groceries/toiletries_health_and_beauty/hair_care/shampoo>
{'client': 'Waitrose', 'time': datetime.datetime(2020, 9, 6, 12, 13, 59, 129427), 'category': 'Shampoo', 'id': 'tPp427668-591713-591714', 'prod_name': 'Herbal Essences Hydrate Shampoo', 'waitrose_Qty': '400ml', 'waitrose_discounted_price': '£4.50', 'waitrose_offer_desc': None, 'waitrose_url': 'https://www.waitrose.com/ecom/shop/browse/groceries/toiletries_health_and_beauty/hair_care/shampoo', 'waitrose_rating': '5', 'waitrose_unit_price': '(£1.13/100ml)', 'waitrose_new_flag': None, 'waitrose_prod_name': 'Herbal Essences Hydrate Shampoo 400ml', 'images': []}
DEBUG: Scraped from <200 https://www.waitrose.com/ecom/shop/browse/groceries/toiletries_health_and_beauty/hair_care/shampoo>
{'client': 'Waitrose', 'time': datetime.datetime(2020, 9, 6, 12, 13, 59, 129427), 'category': 'Shampoo', 'id': 'tPp407453-471203-471204', 'prod_name': 'Ogx Biotin & Collagen Shampoo', 'waitrose_Qty': '385ml', 'waitrose_discounted_price': '£7.00', 'waitrose_offer_desc': None, 'waitrose_url': 'https://www.waitrose.com/ecom/shop/browse/groceries/toiletries_health_and_beauty/hair_care/shampoo', 'waitrose_rating': None, 'waitrose_unit_price': '(£1.82/100ml)', 'waitrose_new_flag': None, 'waitrose_prod_name': 'Ogx Biotin & Collagen Shampoo 385ml', 'images': []}
DEBUG: Scraped from <200 https://www.waitrose.com/ecom/shop/browse/groceries/toiletries_health_and_beauty/hair_care/shampoo>
{'client': 'Waitrose', 'time': datetime.datetime(2020, 9, 6, 12, 13, 59, 129427), 'category': 'Shampoo', 'id': 'tPp735751-154731-154732', 'prod_name': 'Aussie aussome volume shampoo', 'waitrose_Qty': '500ml', 'waitrose_discounted_price': '£6.10', 'waitrose_offer_desc': None, 'waitrose_url': 'https://www.waitrose.com/ecom/shop/browse/groceries/toiletries_health_and_beauty/hair_care/shampoo', 'waitrose_rating': None, 'waitrose_unit_price': '(£1.22/100ml)', 'waitrose_new_flag': None, 'waitrose_prod_name': 'Aussie aussome volume shampoo 500ml', 'images': []}
DEBUG: Scraped from <200 https://www.waitrose.com/ecom/shop/browse/groceries/toiletries_health_and_beauty/hair_care/shampoo>
{'client': 'Waitrose', 'time': datetime.datetime(2020, 9, 6, 12, 13, 59, 129427), 'category': 'Shampoo', 'id': 'tPp755068-720289-720290', 'prod_name': 'Herbal Essences Aloe Hemp Shampoo', 'waitrose_Qty': '380ml', 'waitrose_discounted_price': '£4.50', 'waitrose_offer_desc': None, 'waitrose_url': 'https://www.waitrose.com/ecom/shop/browse/groceries/toiletries_health_and_beauty/hair_care/shampoo', 'waitrose_rating': None, 'waitrose_unit_price': '(£1.19/100ml)', 'waitrose_new_flag': None, 'waitrose_prod_name': 'Herbal Essences Aloe Hemp Shampoo 380ml', 'images': []}
DEBUG: Scraped from <200 https://www.waitrose.com/ecom/shop/browse/groceries/toiletries_health_and_beauty/hair_care/shampoo>
{'client': 'Waitrose', 'time': datetime.datetime(2020, 9, 6, 12, 13, 59, 129427), 'category': 'Shampoo', 'id': 'tPp480728-631267-631268', 'prod_name': 'Ogx Orchid Oil Shampoo', 'waitrose_Qty': '385ml', 'waitrose_discounted_price': '£7.00', 'waitrose_offer_desc': None, 'waitrose_url': 'https://www.waitrose.com/ecom/shop/browse/groceries/toiletries_health_and_beauty/hair_care/shampoo', 'waitrose_rating': '5', 'waitrose_unit_price': '(£1.82/100ml)', 'waitrose_new_flag': None, 'waitrose_prod_name': 'Ogx Orchid Oil Shampoo 385ml', 'images': []}
DEBUG: Scraped from <200 https://www.waitrose.com/ecom/shop/browse/groceries/toiletries_health_and_beauty/hair_care/shampoo>
{'client': 'Waitrose', 'time': datetime.datetime(2020, 9, 6, 12, 13, 59, 129427), 'category': 'Shampoo', 'id': 'tPp076232-38732-38733', 'prod_name': 'AOrganic Lavender Shampoo', 'waitrose_Qty': '325ml', 'waitrose_discounted_price': '£7.00', 'waitrose_offer_desc': None, 'waitrose_url': 'https://www.waitrose.com/ecom/shop/browse/groceries/toiletries_health_and_beauty/hair_care/shampoo', 'waitrose_rating': '3.8', 'waitrose_unit_price': '(£2.16/100ml)', 'waitrose_new_flag': None, 'waitrose_prod_name': 'AOrganic Lavender Shampoo 325ml', 'images': []}
DEBUG: Scraped from <200 https://www.waitrose.com/ecom/shop/browse/groceries/toiletries_health_and_beauty/hair_care/shampoo>
{'client': 'Waitrose', 'time': datetime.datetime(2020, 9, 6, 12, 13, 59, 129427), 'category': 'Shampoo', 'id': 'tPp888765-695909-695910', 'prod_name': 'Umberto Giannini Curl Jelly Wash', 'waitrose_Qty': '250ml', 'waitrose_discounted_price': '£8.00', 'waitrose_offer_desc': 'Mix & Match Add 3 for 2 Cheapest Item Free', 'waitrose_url': 'https://www.waitrose.com/ecom/shop/browse/groceries/toiletries_health_and_beauty/hair_care/shampoo', 'waitrose_rating': '2.5', 'waitrose_unit_price': '(£3.20/100ml)', 'waitrose_new_flag': None, 'waitrose_prod_name': 'Umberto Giannini Curl Jelly Wash 250ml', 'images': []}
DEBUG: Scraped from <200 https://www.waitrose.com/ecom/shop/browse/groceries/toiletries_health_and_beauty/hair_care/shampoo>
{'client': 'Waitrose', 'time': datetime.datetime(2020, 9, 6, 12, 13, 59, 129427), 'category': 'Shampoo', 'id': 'tPp703131-695681-695682', 'prod_name': 'Head & Shoulders Repair Shampoo', 'waitrose_Qty': '400ml', 'waitrose_discounted_price': '£3.33', 'waitrose_offer_desc': 'Save 1/3.', 'waitrose_url': 'https://www.waitrose.com/ecom/shop/browse/groceries/toiletries_health_and_beauty/hair_care/shampoo', 'waitrose_rating': '4', 'waitrose_unit_price': '(83.3p/100ml)', 'waitrose_new_flag': None, 'waitrose_prod_name': 'Head & Shoulders Repair Shampoo 400ml', 'images': []}
DEBUG: Scraped from <200 https://www.waitrose.com/ecom/shop/browse/groceries/toiletries_health_and_beauty/hair_care/shampoo>
{'client': 'Waitrose', 'time': datetime.datetime(2020, 9, 6, 12, 13, 59, 129427), 'category': 'Shampoo', 'id': 'tPp778297-720309-720310', 'prod_name': 'Pantene Grow Strong Shampoo', 'waitrose_Qty': '400ml', 'waitrose_discounted_price': '£3.75', 'waitrose_offer_desc': None, 'waitrose_url': 'https://www.waitrose.com/ecom/shop/browse/groceries/toiletries_health_and_beauty/hair_care/shampoo', 'waitrose_rating': None, 'waitrose_unit_price': '(93.8p/100ml)', 'waitrose_new_flag': None, 'waitrose_prod_name': 'Pantene Grow Strong Shampoo 400ml', 'images': []}
DEBUG: Scraped from <200 https://www.waitrose.com/ecom/shop/browse/groceries/toiletries_health_and_beauty/hair_care/shampoo>
{'client': 'Waitrose', 'time': datetime.datetime(2020, 9, 6, 12, 13, 59, 129427), 'category': 'Shampoo', 'id': 'tPp586765-735804-735805', 'prod_name': "L'Oreal Elvive Restoring Shampoo", 'waitrose_Qty': '400ml', 'waitrose_discounted_price': '£3.75', 'waitrose_offer_desc': None, 'waitrose_url': 'https://www.waitrose.com/ecom/shop/browse/groceries/toiletries_health_and_beauty/hair_care/shampoo', 'waitrose_rating': None, 'waitrose_unit_price': '(93.8p/100ml)', 'waitrose_new_flag': 'NEW', 'waitrose_prod_name': "L'Oreal Elvive Restoring Shampoo 400ml", 'images': []}
DEBUG: Scraped from <200 https://www.waitrose.com/ecom/shop/browse/groceries/toiletries_health_and_beauty/hair_care/shampoo>
{'client': 'Waitrose', 'time': datetime.datetime(2020, 9, 6, 12, 13, 59, 129427), 'category': 'Shampoo', 'id': 'tPp812614-707138-707139', 'prod_name': 'Beco Spring Meadow Shampoo Bar', 'waitrose_Qty': '90g', 'waitrose_discounted_price': '£4.00', 'waitrose_offer_desc': None, 'waitrose_url': 'https://www.waitrose.com/ecom/shop/browse/groceries/toiletries_health_and_beauty/hair_care/shampoo', 'waitrose_rating': '3.3', 'waitrose_unit_price': '(£4.45/100g)', 'waitrose_new_flag': None, 'waitrose_prod_name': 'Beco Spring Meadow Shampoo Bar 90g', 'images': []}
DEBUG: Scraped from <200 https://www.waitrose.com/ecom/shop/browse/groceries/toiletries_health_and_beauty/hair_care/shampoo>
{'client': 'Waitrose', 'time': datetime.datetime(2020, 9, 6, 12, 13, 59, 129427), 'category': 'Shampoo', 'id': 'tPp790782-694215-694216', 'prod_name': 'Pantene 3in1 Smooth & Sleek', 'waitrose_Qty': '450ml', 'waitrose_discounted_price': '£3.75', 'waitrose_offer_desc': None, 'waitrose_url': 'https://www.waitrose.com/ecom/shop/browse/groceries/toiletries_health_and_beauty/hair_care/shampoo', 'waitrose_rating': None, 'waitrose_unit_price': '(83.3p/100ml)', 'waitrose_new_flag': None, 'waitrose_prod_name': 'Pantene 3in1 Smooth & Sleek 450ml', 'images': []}
DEBUG: Scraped from <200 https://www.waitrose.com/ecom/shop/browse/groceries/toiletries_health_and_beauty/hair_care/shampoo>
{'client': 'Waitrose', 'time': datetime.datetime(2020, 9, 6, 12, 13, 59, 129427), 'category': 'Shampoo', 'id': 'tPp724972-694185-694186', 'prod_name': 'Pantene 3in1 Repair & Protect', 'waitrose_Qty': '450ml', 'waitrose_discounted_price': '£3.75', 'waitrose_offer_desc': None, 'waitrose_url': 'https://www.waitrose.com/ecom/shop/browse/groceries/toiletries_health_and_beauty/hair_care/shampoo', 'waitrose_rating': None, 'waitrose_unit_price': '(83.3p/100ml)', 'waitrose_new_flag': None, 'waitrose_prod_name': 'Pantene 3in1 Repair & Protect 450ml', 'images': []}
DEBUG: Scraped from <200 https://www.waitrose.com/ecom/shop/browse/groceries/toiletries_health_and_beauty/hair_care/shampoo>
{'client': 'Waitrose', 'time': datetime.datetime(2020, 9, 6, 12, 13, 59, 129427), 'category': 'Shampoo', 'id': 'tPp582132-472091-472092', 'prod_name': 'Ogx Argan Oil Morocco Shampoo', 'waitrose_Qty': '385ml', 'waitrose_discounted_price': '£7.00', 'waitrose_offer_desc': None, 'waitrose_url': 'https://www.waitrose.com/ecom/shop/browse/groceries/toiletries_health_and_beauty/hair_care/shampoo', 'waitrose_rating': '4', 'waitrose_unit_price': '(£1.82/100ml)', 'waitrose_new_flag': None, 'waitrose_prod_name': 'Ogx Argan Oil Morocco Shampoo 385ml', 'images': []}
DEBUG: Scraped from <200 https://www.waitrose.com/ecom/shop/browse/groceries/toiletries_health_and_beauty/hair_care/shampoo>
{'client': 'Waitrose', 'time': datetime.datetime(2020, 9, 6, 12, 13, 59, 129427), 'category': 'Shampoo', 'id': 'tPp426973-298983-298984', 'prod_name': 'Head & Shoulders 2in1 Apple Fresh', 'waitrose_Qty': '450ml', 'waitrose_discounted_price': '£5.00', 'waitrose_offer_desc': None, 'waitrose_url': 'https://www.waitrose.com/ecom/shop/browse/groceries/toiletries_health_and_beauty/hair_care/shampoo', 'waitrose_rating': None, 'waitrose_unit_price': '(£1.12/100ml)', 'waitrose_new_flag': None, 'waitrose_prod_name': 'Head & Shoulders 2in1 Apple Fresh 450ml', 'images': []}
DEBUG: Scraped from <200 https://www.waitrose.com/ecom/shop/browse/groceries/toiletries_health_and_beauty/hair_care/shampoo>
{'client': 'Waitrose', 'time': datetime.datetime(2020, 9, 6, 12, 13, 59, 129427), 'category': 'Shampoo', 'id': 'tPp886458-216893-216894', 'prod_name': 'Ogx Brazilian Keratin Shampoo', 'waitrose_Qty': '385ml', 'waitrose_discounted_price': '£7.00', 'waitrose_offer_desc': None, 'waitrose_url': 'https://www.waitrose.com/ecom/shop/browse/groceries/toiletries_health_and_beauty/hair_care/shampoo', 'waitrose_rating': '5', 'waitrose_unit_price': '(£1.82/100ml)', 'waitrose_new_flag': None, 'waitrose_prod_name': 'Ogx Brazilian Keratin Shampoo 385ml', 'images': []}
DEBUG: Scraped from <200 https://www.waitrose.com/ecom/shop/browse/groceries/toiletries_health_and_beauty/hair_care/shampoo>
{'client': 'Waitrose', 'time': datetime.datetime(2020, 9, 6, 12, 13, 59, 129427), 'category': 'Shampoo', 'id': 'tPp480888-154495-154496', 'prod_name': 'Head & Shoulders Smooth Shampoo', 'waitrose_Qty': '500ml', 'waitrose_discounted_price': '£5.15', 'waitrose_offer_desc': None, 'waitrose_url': 'https://www.waitrose.com/ecom/shop/browse/groceries/toiletries_health_and_beauty/hair_care/shampoo', 'waitrose_rating': None, 'waitrose_unit_price': '(£1.03/100ml)', 'waitrose_new_flag': None, 'waitrose_prod_name': 'Head & Shoulders Smooth Shampoo 500ml', 'images': []}
DEBUG: Scraped from <200 https://www.waitrose.com/ecom/shop/browse/groceries/toiletries_health_and_beauty/hair_care/shampoo>
{'client': 'Waitrose', 'time': datetime.datetime(2020, 9, 6, 12, 13, 59, 129427), 'category': 'Shampoo', 'id': 'tPp810302-683828-683829', 'prod_name': 'Herbal Essences Deep Repair Shampoo', 'waitrose_Qty': '400ml', 'waitrose_discounted_price': '£4.50', 'waitrose_offer_desc': None, 'waitrose_url': 'https://www.waitrose.com/ecom/shop/browse/groceries/toiletries_health_and_beauty/hair_care/shampoo', 'waitrose_rating': None, 'waitrose_unit_price': '(£1.13/100ml)', 'waitrose_new_flag': None, 'waitrose_prod_name': 'Herbal Essences Deep Repair Shampoo 400ml', 'images': []}
DEBUG: Scraped from <200 https://www.waitrose.com/ecom/shop/browse/groceries/toiletries_health_and_beauty/hair_care/shampoo>
{'client': 'Waitrose', 'time': datetime.datetime(2020, 9, 6, 12, 13, 59, 129427), 'category': 'Shampoo', 'id': 'tPp752186-631541-631542', 'prod_name': 'Ogx Coconut OIl Shampoo', 'waitrose_Qty': '385ml', 'waitrose_discounted_price': '£7.00', 'waitrose_offer_desc': None, 'waitrose_url': 'https://www.waitrose.com/ecom/shop/browse/groceries/toiletries_health_and_beauty/hair_care/shampoo', 'waitrose_rating': None, 'waitrose_unit_price': '(£1.82/100ml)', 'waitrose_new_flag': None, 'waitrose_prod_name': 'Ogx Coconut OIl Shampoo 385ml', 'images': []}
DEBUG: Scraped from <200 https://www.waitrose.com/ecom/shop/browse/groceries/toiletries_health_and_beauty/hair_care/shampoo>
{'client': 'Waitrose', 'time': datetime.datetime(2020, 9, 6, 12, 13, 59, 129427), 'category': 'Shampoo', 'id': 'tPp603087-695555-695556', 'prod_name': 'Noughty Colour Bomb Shampoo', 'waitrose_Qty': '250ml', 'waitrose_discounted_price': '£4.66', 'waitrose_offer_desc': 'Save 1/3.', 'waitrose_url': 'https://www.waitrose.com/ecom/shop/browse/groceries/toiletries_health_and_beauty/hair_care/shampoo', 'waitrose_rating': '3', 'waitrose_unit_price': '(£1.87/100ml)', 'waitrose_new_flag': None, 'waitrose_prod_name': 'Noughty Colour Bomb Shampoo 250ml', 'images': []}
DEBUG: Scraped from <200 https://www.waitrose.com/ecom/shop/browse/groceries/toiletries_health_and_beauty/hair_care/shampoo>
{'client': 'Waitrose', 'time': datetime.datetime(2020, 9, 6, 12, 13, 59, 129427), 'category': 'Shampoo', 'id': 'tPp554742-695503-695504', 'prod_name': 'Umberto Giannini Violet Shampoo', 'waitrose_Qty': '250ml', 'waitrose_discounted_price': '£8.00', 'waitrose_offer_desc': 'Mix & Match Add 3 for 2 Cheapest Item Free', 'waitrose_url': 'https://www.waitrose.com/ecom/shop/browse/groceries/toiletries_health_and_beauty/hair_care/shampoo', 'waitrose_rating': None, 'waitrose_unit_price': '(£3.20/100ml)', 'waitrose_new_flag': None, 'waitrose_prod_name': 'Umberto Giannini Violet Shampoo 250ml', 'images': []}
DEBUG: Scraped from <200 https://www.waitrose.com/ecom/shop/browse/groceries/toiletries_health_and_beauty/hair_care/shampoo>
{'client': 'Waitrose', 'time': datetime.datetime(2020, 9, 6, 12, 13, 59, 129427), 'category': 'Shampoo', 'id': 'tPp829437-695831-695832', 'prod_name': 'Umberto Giannini Grow Long Shampoo', 'waitrose_Qty': '250ml', 'waitrose_discounted_price': '£8.00', 'waitrose_offer_desc': 'Mix & Match Add 3 for 2 Cheapest Item Free', 'waitrose_url': 'https://www.waitrose.com/ecom/shop/browse/groceries/toiletries_health_and_beauty/hair_care/shampoo', 'waitrose_rating': '5', 'waitrose_unit_price': '(£3.20/100ml)', 'waitrose_new_flag': None, 'waitrose_prod_name': 'Umberto Giannini Grow Long Shampoo 250ml', 'images': []}
DEBUG: Scraped from <200 https://www.waitrose.com/ecom/shop/browse/groceries/toiletries_health_and_beauty/hair_care/shampoo>
{'client': 'Waitrose', 'time': datetime.datetime(2020, 9, 6, 12, 13, 59, 129427), 'category': 'Shampoo', 'id': 'tPp405353-729640-729641', 'prod_name': 'Percy & Reed No-Fuss Dry Shampoo', 'waitrose_Qty': '200ml', 'waitrose_discounted_price': '£15.00', 'waitrose_offer_desc': None, 'waitrose_url': 'https://www.waitrose.com/ecom/shop/browse/groceries/toiletries_health_and_beauty/hair_care/shampoo', 'waitrose_rating': '3.8', 'waitrose_unit_price': '(£7.50/100ml)', 'waitrose_new_flag': None, 'waitrose_prod_name': 'Percy & Reed No-Fuss Dry Shampoo 200ml', 'images': []}
DEBUG: Scraped from <200 https://www.waitrose.com/ecom/shop/browse/groceries/toiletries_health_and_beauty/hair_care/shampoo>
{'client': 'Waitrose', 'time': datetime.datetime(2020, 9, 6, 12, 13, 59, 129427), 'category': 'Shampoo', 'id': 'tPp820157-724089-724090', 'prod_name': 'Eco Warrior Shampoo Bar', 'waitrose_Qty': '100g', 'waitrose_discounted_price': '£4.50', 'waitrose_offer_desc': None, 'waitrose_url': 'https://www.waitrose.com/ecom/shop/browse/groceries/toiletries_health_and_beauty/hair_care/shampoo', 'waitrose_rating': None, 'waitrose_unit_price': '(£4.50/100g)', 'waitrose_new_flag': None, 'waitrose_prod_name': 'Eco Warrior Shampoo Bar 100g', 'images': []}
DEBUG: Scraped from <200 https://www.waitrose.com/ecom/shop/browse/groceries/toiletries_health_and_beauty/hair_care/shampoo>
{'client': 'Waitrose', 'time': datetime.datetime(2020, 9, 6, 12, 13, 59, 129427), 'category': 'Shampoo', 'id': 'tPp867514-720387-720388', 'prod_name': 'Head & Shoulders Coconut Shampoo', 'waitrose_Qty': '500ml', 'waitrose_discounted_price': '£5.00', 'waitrose_offer_desc': None, 'waitrose_url': 'https://www.waitrose.com/ecom/shop/browse/groceries/toiletries_health_and_beauty/hair_care/shampoo', 'waitrose_rating': None, 'waitrose_unit_price': '(£1/100ml)', 'waitrose_new_flag': None, 'waitrose_prod_name': 'Head & Shoulders Coconut Shampoo 500ml', 'images': []}
DEBUG: Scraped from <200 https://www.waitrose.com/ecom/shop/browse/groceries/toiletries_health_and_beauty/hair_care/shampoo>
{'client': 'Waitrose', 'time': datetime.datetime(2020, 9, 6, 12, 13, 59, 129427), 'category': 'Shampoo', 'id': 'tPp861587-154949-154950', 'prod_name': 'Batiste dark & deep brown dry shampoo', 'waitrose_Qty': '200ml', 'waitrose_discounted_price': '£4.00', 'waitrose_offer_desc': None, 'waitrose_url': 'https://www.waitrose.com/ecom/shop/browse/groceries/toiletries_health_and_beauty/hair_care/shampoo', 'waitrose_rating': None, 'waitrose_unit_price': '(£2/100ml)', 'waitrose_new_flag': None, 'waitrose_prod_name': 'Batiste dark & deep brown dry shampoo 200ml', 'images': []}
DEBUG: Scraped from <200 https://www.waitrose.com/ecom/shop/browse/groceries/toiletries_health_and_beauty/hair_care/shampoo>
{'client': 'Waitrose', 'time': datetime.datetime(2020, 9, 6, 12, 13, 59, 129427), 'category': 'Shampoo', 'id': 'tPp662395-154665-154666', 'prod_name': 'Aussie colour mate shampoo', 'waitrose_Qty': '500ml', 'waitrose_discounted_price': '£6.15', 'waitrose_offer_desc': None, 'waitrose_url': 'https://www.waitrose.com/ecom/shop/browse/groceries/toiletries_health_and_beauty/hair_care/shampoo', 'waitrose_rating': None, 'waitrose_unit_price': '(£1.23/100ml)', 'waitrose_new_flag': None, 'waitrose_prod_name': 'Aussie colour mate shampoo 500ml', 'images': []}
DEBUG: Scraped from <200 https://www.waitrose.com/ecom/shop/browse/groceries/toiletries_health_and_beauty/hair_care/shampoo>
{'client': 'Waitrose', 'time': datetime.datetime(2020, 9, 6, 12, 13, 59, 129427), 'category': 'Shampoo', 'id': 'tPp627460-154629-154630', 'prod_name': 'Aussie mega shampoo', 'waitrose_Qty': '500ml', 'waitrose_discounted_price': '£6.15', 'waitrose_offer_desc': None, 'waitrose_url': 'https://www.waitrose.com/ecom/shop/browse/groceries/toiletries_health_and_beauty/hair_care/shampoo', 'waitrose_rating': '3.8', 'waitrose_unit_price': '(£1.23/100ml)', 'waitrose_new_flag': None, 'waitrose_prod_name': 'Aussie mega shampoo 500ml', 'images': []}
DEBUG: Scraped from <200 https://www.waitrose.com/ecom/shop/browse/groceries/toiletries_health_and_beauty/hair_care/shampoo>
{'client': 'Waitrose', 'time': datetime.datetime(2020, 9, 6, 12, 13, 59, 129427), 'category': 'Shampoo', 'id': 'tPp581644-729702-729703', 'prod_name': 'Percy & Reed Hydrating Shampoo', 'waitrose_Qty': '250ml', 'waitrose_discounted_price': '£18.00', 'waitrose_offer_desc': None, 'waitrose_url': 'https://www.waitrose.com/ecom/shop/browse/groceries/toiletries_health_and_beauty/hair_care/shampoo', 'waitrose_rating': None, 'waitrose_unit_price': '(£7.20/100ml)', 'waitrose_new_flag': None, 'waitrose_prod_name': 'Percy & Reed Hydrating Shampoo 250ml', 'images': []}
DEBUG: Scraped from <200 https://www.waitrose.com/ecom/shop/browse/groceries/toiletries_health_and_beauty/hair_care/shampoo>
{'client': 'Waitrose', 'time': datetime.datetime(2020, 9, 6, 12, 13, 59, 129427), 'category': 'Shampoo', 'id': 'tPp584599-695531-695532', 'prod_name': 'Batiste Dry Shampoo Volume', 'waitrose_Qty': '200ml', 'waitrose_discounted_price': '£4.25', 'waitrose_offer_desc': None, 'waitrose_url': 'https://www.waitrose.com/ecom/shop/browse/groceries/toiletries_health_and_beauty/hair_care/shampoo', 'waitrose_rating': None, 'waitrose_unit_price': '(£2.13/100ml)', 'waitrose_new_flag': None, 'waitrose_prod_name': 'Batiste Dry Shampoo Volume 200ml', 'images': []}
DEBUG: Scraped from <200 https://www.waitrose.com/ecom/shop/browse/groceries/toiletries_health_and_beauty/hair_care/shampoo>
{'client': 'Waitrose', 'time': datetime.datetime(2020, 9, 6, 12, 13, 59, 129427), 'category': 'Shampoo', 'id': 'tPp407272-440973-440974', 'prod_name': 'Richard Ward Chelsea Cleanse & Condition', 'waitrose_Qty': '250ml', 'waitrose_discounted_price': '£6.00', 'waitrose_offer_desc': None, 'waitrose_url': 'https://www.waitrose.com/ecom/shop/browse/groceries/toiletries_health_and_beauty/hair_care/shampoo', 'waitrose_rating': '3.9', 'waitrose_unit_price': '(£2.40/100ml)', 'waitrose_new_flag': None, 'waitrose_prod_name': 'Richard Ward Chelsea Cleanse & Condition 250ml', 'images': []}
DEBUG: Scraped from <200 https://www.waitrose.com/ecom/shop/browse/groceries/toiletries_health_and_beauty/hair_care/shampoo>
{'client': 'Waitrose', 'time': datetime.datetime(2020, 9, 6, 12, 13, 59, 129427), 'category': 'Shampoo', 'id': 'tPp809690-337194-337195', 'prod_name': 'Head & Shoulders 2in1 Itchy Scalp', 'waitrose_Qty': '450ml', 'waitrose_discounted_price': '£5.15', 'waitrose_offer_desc': None, 'waitrose_url': 'https://www.waitrose.com/ecom/shop/browse/groceries/toiletries_health_and_beauty/hair_care/shampoo', 'waitrose_rating': '5', 'waitrose_unit_price': '(£1.15/100ml)', 'waitrose_new_flag': None, 'waitrose_prod_name': 'Head & Shoulders 2in1 Itchy Scalp 450ml', 'images': []}
DEBUG: Scraped from <200 https://www.waitrose.com/ecom/shop/browse/groceries/toiletries_health_and_beauty/hair_care/shampoo>
{'client': 'Waitrose', 'time': datetime.datetime(2020, 9, 6, 12, 13, 59, 129427), 'category': 'Shampoo', 'id': 'tPp889100-330444-330445', 'prod_name': 'AOrganic Rosemary Shampoo', 'waitrose_Qty': '325ml', 'waitrose_discounted_price': '£7.00', 'waitrose_offer_desc': None, 'waitrose_url': 'https://www.waitrose.com/ecom/shop/browse/groceries/toiletries_health_and_beauty/hair_care/shampoo', 'waitrose_rating': '2.5', 'waitrose_unit_price': '(£2.16/100ml)', 'waitrose_new_flag': None, 'waitrose_prod_name': 'AOrganic Rosemary Shampoo 325ml', 'images': []}
DEBUG: Scraped from <200 https://www.waitrose.com/ecom/shop/browse/groceries/toiletries_health_and_beauty/hair_care/shampoo>
{'client': 'Waitrose', 'time': datetime.datetime(2020, 9, 6, 12, 13, 59, 129427), 'category': 'Shampoo', 'id': 'tPp714629-729752-729753', 'prod_name': 'OGX Keratin Oil Shampoo', 'waitrose_Qty': '385ml', 'waitrose_discounted_price': '£7.00', 'waitrose_offer_desc': None, 'waitrose_url': 'https://www.waitrose.com/ecom/shop/browse/groceries/toiletries_health_and_beauty/hair_care/shampoo', 'waitrose_rating': None, 'waitrose_unit_price': '(£1.82/100ml)', 'waitrose_new_flag': None, 'waitrose_prod_name': 'OGX Keratin Oil Shampoo 385ml', 'images': []}
DEBUG: Scraped from <200 https://www.waitrose.com/ecom/shop/browse/groceries/toiletries_health_and_beauty/hair_care/shampoo>
{'client': 'Waitrose', 'time': datetime.datetime(2020, 9, 6, 12, 13, 59, 129427), 'category': 'Shampoo', 'id': 'tPp567431-729696-729697', 'prod_name': 'Batiste Dry Shampoo for Blondes', 'waitrose_Qty': '200ml', 'waitrose_discounted_price': '£4.00', 'waitrose_offer_desc': None, 'waitrose_url': 'https://www.waitrose.com/ecom/shop/browse/groceries/toiletries_health_and_beauty/hair_care/shampoo', 'waitrose_rating': None, 'waitrose_unit_price': '(£2/100ml)', 'waitrose_new_flag': None, 'waitrose_prod_name': 'Batiste Dry Shampoo for Blondes 200ml', 'images': []}
DEBUG: Scraped from <200 https://www.waitrose.com/ecom/shop/browse/groceries/toiletries_health_and_beauty/hair_care/shampoo>
{'client': 'Waitrose', 'time': datetime.datetime(2020, 9, 6, 12, 13, 59, 129427), 'category': 'Shampoo', 'id': 'tPp492090-729670-729671', 'prod_name': 'Percy & Reed Volumising Shampoo', 'waitrose_Qty': '250ml', 'waitrose_discounted_price': '£18.00', 'waitrose_offer_desc': None, 'waitrose_url': 'https://www.waitrose.com/ecom/shop/browse/groceries/toiletries_health_and_beauty/hair_care/shampoo', 'waitrose_rating': None, 'waitrose_unit_price': '(£7.20/100ml)', 'waitrose_new_flag': None, 'waitrose_prod_name': 'Percy & Reed Volumising Shampoo 250ml', 'images': []}
DEBUG: Scraped from <200 https://www.waitrose.com/ecom/shop/browse/groceries/toiletries_health_and_beauty/hair_care/shampoo>
{'client': 'Waitrose', 'time': datetime.datetime(2020, 9, 6, 12, 13, 59, 129427), 'category': 'Shampoo', 'id': 'tPp567481-719558-719559', 'prod_name': 'Fit Kit Gentle Shampoo &Conditioner', 'waitrose_Qty': '200ml', 'waitrose_discounted_price': '£4.00', 'waitrose_offer_desc': None, 'waitrose_url': 'https://www.waitrose.com/ecom/shop/browse/groceries/toiletries_health_and_beauty/hair_care/shampoo', 'waitrose_rating': '5', 'waitrose_unit_price': '(£2/100ml)', 'waitrose_new_flag': None, 'waitrose_prod_name': 'Fit Kit Gentle Shampoo &Conditioner 200ml', 'images': []}
DEBUG: Scraped from <200 https://www.waitrose.com/ecom/shop/browse/groceries/toiletries_health_and_beauty/hair_care/shampoo>
{'client': 'Waitrose', 'time': datetime.datetime(2020, 9, 6, 12, 13, 59, 129427), 'category': 'Shampoo', 'id': 'tPp803275-329016-329017', 'prod_name': 'AOrganic Peppermint Shampoo', 'waitrose_Qty': '325ml', 'waitrose_discounted_price': '£7.00', 'waitrose_offer_desc': None, 'waitrose_url': 'https://www.waitrose.com/ecom/shop/browse/groceries/toiletries_health_and_beauty/hair_care/shampoo', 'waitrose_rating': None, 'waitrose_unit_price': '(£2.16/100ml)', 'waitrose_new_flag': None, 'waitrose_prod_name': 'AOrganic Peppermint Shampoo 325ml', 'images': []}
DEBUG: Scraped from <200 https://www.waitrose.com/ecom/shop/browse/groceries/toiletries_health_and_beauty/hair_care/shampoo>
{'client': 'Waitrose', 'time': datetime.datetime(2020, 9, 6, 12, 13, 59, 129427), 'category': 'Shampoo', 'id': 'tPp834106-299691-299692', 'prod_name': 'Head & Shoulders 2in1 smooth & silky', 'waitrose_Qty': '450ml', 'waitrose_discounted_price': '£5.00', 'waitrose_offer_desc': None, 'waitrose_url': 'https://www.waitrose.com/ecom/shop/browse/groceries/toiletries_health_and_beauty/hair_care/shampoo', 'waitrose_rating': None, 'waitrose_unit_price': '(£1.12/100ml)', 'waitrose_new_flag': None, 'waitrose_prod_name': 'Head & Shoulders 2in1 smooth & silky 450ml', 'images': []}
DEBUG: Scraped from <200 https://www.waitrose.com/ecom/shop/browse/groceries/toiletries_health_and_beauty/hair_care/shampoo>
{'client': 'Waitrose', 'time': datetime.datetime(2020, 9, 6, 12, 13, 59, 129427), 'category': 'Shampoo', 'id': 'tPp836383-271490-271491', 'prod_name': 'Head & Shoulders 2in1 citrus care', 'waitrose_Qty': '450ml', 'waitrose_discounted_price': '£5.15', 'waitrose_offer_desc': None, 'waitrose_url': 'https://www.waitrose.com/ecom/shop/browse/groceries/toiletries_health_and_beauty/hair_care/shampoo', 'waitrose_rating': None, 'waitrose_unit_price': '(£1.15/100ml)', 'waitrose_new_flag': None, 'waitrose_prod_name': 'Head & Shoulders 2in1 citrus care 450ml', 'images': []}
DEBUG: Scraped from <200 https://www.waitrose.com/ecom/shop/browse/groceries/toiletries_health_and_beauty/hair_care/shampoo>
{'client': 'Waitrose', 'time': datetime.datetime(2020, 9, 6, 12, 13, 59, 129427), 'category': 'Shampoo', 'id': 'tPp694392-98595-98596', 'prod_name': 'Head & Shoulders Shampoo Cool Menthol', 'waitrose_Qty': '500ml', 'waitrose_discounted_price': '£5.15', 'waitrose_offer_desc': None, 'waitrose_url': 'https://www.waitrose.com/ecom/shop/browse/groceries/toiletries_health_and_beauty/hair_care/shampoo', 'waitrose_rating': None, 'waitrose_unit_price': '(£1.03/100ml)', 'waitrose_new_flag': None, 'waitrose_prod_name': 'Head & Shoulders Shampoo Cool Menthol 500ml', 'images': []}
DEBUG: Scraped from <200 https://www.waitrose.com/ecom/shop/browse/groceries/toiletries_health_and_beauty/hair_care/shampoo>
{'client': 'Waitrose', 'time': datetime.datetime(2020, 9, 6, 12, 13, 59, 129427), 'category': 'Shampoo', 'id': 'tPp698673-735854-735855', 'prod_name': 'Pantene Pro V Rose Water Shampoo', 'waitrose_Qty': '225ml', 'waitrose_discounted_price': '£3.75', 'waitrose_offer_desc': None, 'waitrose_url': 'https://www.waitrose.com/ecom/shop/browse/groceries/toiletries_health_and_beauty/hair_care/shampoo', 'waitrose_rating': None, 'waitrose_unit_price': '(£1.67/100ml)', 'waitrose_new_flag': 'NEW', 'waitrose_prod_name': 'Pantene Pro V Rose Water Shampoo 225ml', 'images': []}
DEBUG: Scraped from <200 https://www.waitrose.com/ecom/shop/browse/groceries/toiletries_health_and_beauty/hair_care/shampoo>
{'client': 'Waitrose', 'time': datetime.datetime(2020, 9, 6, 12, 13, 59, 129427), 'category': 'Shampoo', 'id': 'tPp855732-695986-695987', 'prod_name': 'Hair Biology De-Frizz Shampoo', 'waitrose_Qty': '250ml', 'waitrose_discounted_price': '£4.50', 'waitrose_offer_desc': None, 'waitrose_url': 'https://www.waitrose.com/ecom/shop/browse/groceries/toiletries_health_and_beauty/hair_care/shampoo', 'waitrose_rating': None, 'waitrose_unit_price': '(£1.80/100ml)', 'waitrose_new_flag': None, 'waitrose_prod_name': 'Hair Biology De-Frizz Shampoo 250ml', 'images': []}
DEBUG: Scraped from <200 https://www.waitrose.com/ecom/shop/browse/groceries/toiletries_health_and_beauty/hair_care/shampoo>
{'client': 'Waitrose', 'time': datetime.datetime(2020, 9, 6, 12, 13, 59, 129427), 'category': 'Shampoo', 'id': 'tPp567427-683666-683667', 'prod_name': 'Ogx Charcoal Detox Shampoo', 'waitrose_Qty': '385ml', 'waitrose_discounted_price': '£7.00', 'waitrose_offer_desc': None, 'waitrose_url': 'https://www.waitrose.com/ecom/shop/browse/groceries/toiletries_health_and_beauty/hair_care/shampoo', 'waitrose_rating': None, 'waitrose_unit_price': '(£1.82/100ml)', 'waitrose_new_flag': None, 'waitrose_prod_name': 'Ogx Charcoal Detox Shampoo 385ml', 'images': []}
DEBUG: Scraped from <200 https://www.waitrose.com/ecom/shop/browse/groceries/toiletries_health_and_beauty/hair_care/shampoo>
{'client': 'Waitrose', 'time': datetime.datetime(2020, 9, 6, 12, 13, 59, 129427), 'category': 'Shampoo', 'id': 'tPp721134-337091-337092', 'prod_name': 'Aussie miracle shine shampoo', 'waitrose_Qty': '500ml', 'waitrose_discounted_price': '£6.00', 'waitrose_offer_desc': None, 'waitrose_url': 'https://www.waitrose.com/ecom/shop/browse/groceries/toiletries_health_and_beauty/hair_care/shampoo', 'waitrose_rating': None, 'waitrose_unit_price': '(£1.20/100ml)', 'waitrose_new_flag': None, 'waitrose_prod_name': 'Aussie miracle shine shampoo 500ml', 'images': []}
DEBUG: Scraped from <200 https://www.waitrose.com/ecom/shop/browse/groceries/toiletries_health_and_beauty/hair_care/shampoo>
{'client': 'Waitrose', 'time': datetime.datetime(2020, 9, 6, 12, 13, 59, 129427), 'category': 'Shampoo', 'id': 'tPp863078-695988-695989', 'prod_name': 'Pantene Hair Biology Full & Vibrant', 'waitrose_Qty': '250ml', 'waitrose_discounted_price': '£4.50', 'waitrose_offer_desc': None, 'waitrose_url': 'https://www.waitrose.com/ecom/shop/browse/groceries/toiletries_health_and_beauty/hair_care/shampoo', 'waitrose_rating': None, 'waitrose_unit_price': '(£1.80/100ml)', 'waitrose_new_flag': None, 'waitrose_prod_name': 'Pantene Hair Biology Full & Vibrant 250ml', 'images': []}
DEBUG: Scraped from <200 https://www.waitrose.com/ecom/shop/browse/groceries/toiletries_health_and_beauty/hair_care/shampoo>
{'client': 'Waitrose', 'time': datetime.datetime(2020, 9, 6, 12, 13, 59, 129427), 'category': 'Shampoo', 'id': 'tPp734002-695705-695706', 'prod_name': 'Percy & Reed Wonder Wash Shampoo', 'waitrose_Qty': '250ml', 'waitrose_discounted_price': '£18.00', 'waitrose_offer_desc': None, 'waitrose_url': 'https://www.waitrose.com/ecom/shop/browse/groceries/toiletries_health_and_beauty/hair_care/shampoo', 'waitrose_rating': '4.1', 'waitrose_unit_price': '(£7.20/100ml)', 'waitrose_new_flag': None, 'waitrose_prod_name': 'Percy & Reed Wonder Wash Shampoo 250ml', 'images': []}
DEBUG: Scraped from <200 https://www.waitrose.com/ecom/shop/browse/groceries/toiletries_health_and_beauty/hair_care/shampoo>
{'client': 'Waitrose', 'time': datetime.datetime(2020, 9, 6, 12, 13, 59, 129427), 'category': 'Shampoo', 'id': 'tPp591666-681031-681032', 'prod_name': 'Pure Grace Shower Gel', 'waitrose_Qty': '480ml', 'waitrose_discounted_price': '£19.50', 'waitrose_offer_desc': None, 'waitrose_url': 'https://www.waitrose.com/ecom/shop/browse/groceries/toiletries_health_and_beauty/hair_care/shampoo', 'waitrose_rating': None, 'waitrose_unit_price': '(£4.07/100ml)', 'waitrose_new_flag': None, 'waitrose_prod_name': 'Pure Grace Shower Gel 480ml', 'images': []}
DEBUG: Scraped from <200 https://www.waitrose.com/ecom/shop/browse/groceries/toiletries_health_and_beauty/hair_care/shampoo>
{'client': 'Waitrose', 'time': datetime.datetime(2020, 9, 6, 12, 13, 59, 129427), 'category': 'Shampoo', 'id': 'tPp401660-588303-588304', 'prod_name': 'Richard Ward Brunette Shampoo', 'waitrose_Qty': '250ml', 'waitrose_discounted_price': '£6.00', 'waitrose_offer_desc': None, 'waitrose_url': 'https://www.waitrose.com/ecom/shop/browse/groceries/toiletries_health_and_beauty/hair_care/shampoo', 'waitrose_rating': '5', 'waitrose_unit_price': '(£2.40/100ml)', 'waitrose_new_flag': None, 'waitrose_prod_name': 'Richard Ward Brunette Shampoo 250ml', 'images': []}
INFO: Closing spider (finished)
INFO: Stored json feed (141 items) in: waitrose_090620.json
INFO: Dumping Scrapy stats:
{'downloader/request_bytes': 2588,
 'downloader/request_count': 1,
 'downloader/request_method_count/POST': 1,
 'downloader/response_bytes': 1674153,
 'downloader/response_count': 1,
 'downloader/response_status_count/200': 1,
 'finish_reason': 'finished',
 'finish_time': datetime.datetime(2020, 9, 6, 6, 45, 25, 736513),
 'item_scraped_count': 141,
 'log_count/DEBUG': 142,
 'log_count/INFO': 11,
 'log_count/WARNING': 1,
 'response_received_count': 1,
 'scheduler/dequeued': 2,
 'scheduler/dequeued/memory': 2,
 'scheduler/enqueued': 2,
 'scheduler/enqueued/memory': 2,
 'splash/execute/request_count': 1,
 'splash/execute/response_count/200': 1,
 'start_time': datetime.datetime(2020, 9, 6, 6, 43, 59, 432434)}
INFO: Spider closed (finished)
INFO: Scrapy 1.6.0 started (bot: waitrose)
INFO: Versions: lxml 4.5.1.0, libxml2 2.9.10, cssselect 1.1.0, parsel 1.6.0, w3lib 1.22.0, Twisted 20.3.0, Python 3.7.7 (default, May  6 2020, 11:45:54) [MSC v.1916 64 bit (AMD64)], pyOpenSSL 19.1.0 (OpenSSL 1.1.1g  21 Apr 2020), cryptography 2.9.2, Platform Windows-10-10.0.18362-SP0
INFO: Overridden settings: {'BOT_NAME': 'waitrose', 'DOWNLOAD_TIMEOUT': 1200, 'DUPEFILTER_CLASS': 'scrapy_splash.SplashAwareDupeFilter', 'FEED_EXPORT_ENCODING': 'utf-8', 'FEED_FORMAT': 'json', 'FEED_URI': 'waitrose_090720.json', 'NEWSPIDER_MODULE': 'waitrose.spiders', 'SPIDER_MODULES': ['waitrose.spiders']}
INFO: Telnet Password: bbe8306b62f13783
INFO: Enabled extensions:
['scrapy.extensions.corestats.CoreStats',
 'scrapy.extensions.telnet.TelnetConsole',
 'scrapy.extensions.feedexport.FeedExporter',
 'scrapy.extensions.logstats.LogStats']
INFO: Enabled downloader middlewares:
['scrapy.downloadermiddlewares.httpauth.HttpAuthMiddleware',
 'scrapy.downloadermiddlewares.downloadtimeout.DownloadTimeoutMiddleware',
 'scrapy.downloadermiddlewares.defaultheaders.DefaultHeadersMiddleware',
 'scrapy.downloadermiddlewares.useragent.UserAgentMiddleware',
 'scrapy.downloadermiddlewares.retry.RetryMiddleware',
 'scrapy.downloadermiddlewares.redirect.MetaRefreshMiddleware',
 'scrapy.downloadermiddlewares.redirect.RedirectMiddleware',
 'scrapy.downloadermiddlewares.cookies.CookiesMiddleware',
 'scrapy_splash.SplashCookiesMiddleware',
 'scrapy_splash.SplashMiddleware',
 'scrapy.downloadermiddlewares.httpproxy.HttpProxyMiddleware',
 'scrapy.downloadermiddlewares.httpcompression.HttpCompressionMiddleware',
 'scrapy.downloadermiddlewares.stats.DownloaderStats']
INFO: Enabled spider middlewares:
['scrapy.spidermiddlewares.httperror.HttpErrorMiddleware',
 'scrapy_splash.SplashDeduplicateArgsMiddleware',
 'scrapy.spidermiddlewares.offsite.OffsiteMiddleware',
 'scrapy.spidermiddlewares.referer.RefererMiddleware',
 'scrapy.spidermiddlewares.urllength.UrlLengthMiddleware',
 'scrapy.spidermiddlewares.depth.DepthMiddleware']
INFO: Enabled item pipelines:
['waitrose.pipelines.ImageDownloaderPipeline',
 'waitrose.pipelines.SQLlitePipeline']
INFO: Spider opened
INFO: Crawled 0 pages (at 0 pages/min), scraped 0 items (at 0 items/min)
WARNING: C:\Users\sujithk\AppData\Local\Continuum\anaconda3\envs\Virtual_Env\lib\site-packages\scrapy\spidermiddlewares\offsite.py:61: URLWarning: allowed_domains accepts only domains, not URLs. Ignoring URL entry https://www.waitrose.com/ in allowed_domains.
  warnings.warn(message, URLWarning)

INFO: Telnet console listening on 127.0.0.1:6023
DEBUG: Retrying <GET https://www.waitrose.com/ecom/shop/browse/groceries/toiletries_health_and_beauty/hair_care/shampoo via http://192.168.1.8:8050/execute> (failed 1 times): Connection was refused by other side: 10061: No connection could be made because the target machine actively refused it..
DEBUG: Retrying <GET https://www.waitrose.com/ecom/shop/browse/groceries/toiletries_health_and_beauty/hair_care/shampoo via http://192.168.1.8:8050/execute> (failed 2 times): Connection was refused by other side: 10061: No connection could be made because the target machine actively refused it..
DEBUG: Gave up retrying <GET https://www.waitrose.com/ecom/shop/browse/groceries/toiletries_health_and_beauty/hair_care/shampoo via http://192.168.1.8:8050/execute> (failed 3 times): Connection was refused by other side: 10061: No connection could be made because the target machine actively refused it..
ERROR: Error downloading <GET https://www.waitrose.com/ecom/shop/browse/groceries/toiletries_health_and_beauty/hair_care/shampoo via http://192.168.1.8:8050/execute>
Traceback (most recent call last):
  File "C:\Users\sujithk\AppData\Local\Continuum\anaconda3\envs\Virtual_Env\lib\site-packages\scrapy\core\downloader\middleware.py", line 43, in process_request
    defer.returnValue((yield download_func(request=request,spider=spider)))
twisted.internet.error.ConnectionRefusedError: Connection was refused by other side: 10061: No connection could be made because the target machine actively refused it..
INFO: Closing spider (finished)
INFO: Dumping Scrapy stats:
{'downloader/exception_count': 3,
 'downloader/exception_type_count/twisted.internet.error.ConnectionRefusedError': 3,
 'downloader/request_bytes': 7764,
 'downloader/request_count': 3,
 'downloader/request_method_count/POST': 3,
 'finish_reason': 'finished',
 'finish_time': datetime.datetime(2020, 9, 7, 5, 7, 4, 91535),
 'log_count/DEBUG': 3,
 'log_count/ERROR': 1,
 'log_count/INFO': 9,
 'log_count/WARNING': 1,
 'retry/count': 2,
 'retry/max_reached': 1,
 'retry/reason_count/twisted.internet.error.ConnectionRefusedError': 2,
 'scheduler/dequeued': 4,
 'scheduler/dequeued/memory': 4,
 'scheduler/enqueued': 4,
 'scheduler/enqueued/memory': 4,
 'splash/execute/request_count': 1,
 'start_time': datetime.datetime(2020, 9, 7, 5, 6, 57, 801974)}
INFO: Spider closed (finished)
INFO: Scrapy 1.6.0 started (bot: waitrose)
INFO: Versions: lxml 4.5.1.0, libxml2 2.9.10, cssselect 1.1.0, parsel 1.6.0, w3lib 1.22.0, Twisted 20.3.0, Python 3.7.7 (default, May  6 2020, 11:45:54) [MSC v.1916 64 bit (AMD64)], pyOpenSSL 19.1.0 (OpenSSL 1.1.1g  21 Apr 2020), cryptography 2.9.2, Platform Windows-10-10.0.18362-SP0
INFO: Overridden settings: {'BOT_NAME': 'waitrose', 'DOWNLOAD_TIMEOUT': 1200, 'DUPEFILTER_CLASS': 'scrapy_splash.SplashAwareDupeFilter', 'FEED_EXPORT_ENCODING': 'utf-8', 'FEED_FORMAT': 'json', 'FEED_URI': 'waitrose_090720.json', 'NEWSPIDER_MODULE': 'waitrose.spiders', 'SPIDER_MODULES': ['waitrose.spiders']}
INFO: Telnet Password: 83a6d8c9136d7c0d
INFO: Enabled extensions:
['scrapy.extensions.corestats.CoreStats',
 'scrapy.extensions.telnet.TelnetConsole',
 'scrapy.extensions.feedexport.FeedExporter',
 'scrapy.extensions.logstats.LogStats']
INFO: Enabled downloader middlewares:
['scrapy.downloadermiddlewares.httpauth.HttpAuthMiddleware',
 'scrapy.downloadermiddlewares.downloadtimeout.DownloadTimeoutMiddleware',
 'scrapy.downloadermiddlewares.defaultheaders.DefaultHeadersMiddleware',
 'scrapy.downloadermiddlewares.useragent.UserAgentMiddleware',
 'scrapy.downloadermiddlewares.retry.RetryMiddleware',
 'scrapy.downloadermiddlewares.redirect.MetaRefreshMiddleware',
 'scrapy.downloadermiddlewares.redirect.RedirectMiddleware',
 'scrapy.downloadermiddlewares.cookies.CookiesMiddleware',
 'scrapy_splash.SplashCookiesMiddleware',
 'scrapy_splash.SplashMiddleware',
 'scrapy.downloadermiddlewares.httpproxy.HttpProxyMiddleware',
 'scrapy.downloadermiddlewares.httpcompression.HttpCompressionMiddleware',
 'scrapy.downloadermiddlewares.stats.DownloaderStats']
INFO: Enabled spider middlewares:
['scrapy.spidermiddlewares.httperror.HttpErrorMiddleware',
 'scrapy_splash.SplashDeduplicateArgsMiddleware',
 'scrapy.spidermiddlewares.offsite.OffsiteMiddleware',
 'scrapy.spidermiddlewares.referer.RefererMiddleware',
 'scrapy.spidermiddlewares.urllength.UrlLengthMiddleware',
 'scrapy.spidermiddlewares.depth.DepthMiddleware']
INFO: Enabled item pipelines:
['waitrose.pipelines.ImageDownloaderPipeline',
 'waitrose.pipelines.SQLlitePipeline']
INFO: Spider opened
INFO: Crawled 0 pages (at 0 pages/min), scraped 0 items (at 0 items/min)
WARNING: C:\Users\sujithk\AppData\Local\Continuum\anaconda3\envs\Virtual_Env\lib\site-packages\scrapy\spidermiddlewares\offsite.py:61: URLWarning: allowed_domains accepts only domains, not URLs. Ignoring URL entry https://www.waitrose.com/ in allowed_domains.
  warnings.warn(message, URLWarning)

INFO: Telnet console listening on 127.0.0.1:6026
INFO: Crawled 0 pages (at 0 pages/min), scraped 0 items (at 0 items/min)
DEBUG: Crawled (200) <GET https://www.waitrose.com/ecom/shop/browse/groceries/toiletries_health_and_beauty/hair_care/shampoo via http://192.168.1.8:8050/execute> (referer: None)
DEBUG: Scraped from <200 https://www.waitrose.com/ecom/shop/browse/groceries/toiletries_health_and_beauty/hair_care/shampoo>
{'client': 'Waitrose', 'time': datetime.datetime(2020, 9, 7, 10, 38, 32, 405943), 'category': 'Shampoo', 'id': 'tPp096508-49364-49365', 'prod_name': 'Aussie Miracle Moist Shampoo', 'waitrose_Qty': '300ml', 'waitrose_discounted_price': '£2.05', 'waitrose_offer_desc': 'Half Price.', 'waitrose_url': 'https://www.waitrose.com/ecom/shop/browse/groceries/toiletries_health_and_beauty/hair_care/shampoo', 'waitrose_rating': '3.7', 'waitrose_unit_price': '(68.3p/100ml)', 'waitrose_new_flag': None, 'waitrose_prod_name': 'Aussie Miracle Moist Shampoo 300ml', 'images': []}
DEBUG: Scraped from <200 https://www.waitrose.com/ecom/shop/browse/groceries/toiletries_health_and_beauty/hair_care/shampoo>
{'client': 'Waitrose', 'time': datetime.datetime(2020, 9, 7, 10, 38, 32, 405943), 'category': 'Shampoo', 'id': 'tPp059421-29947-29948', 'prod_name': 'Aussie Aussome Volume Shampoo', 'waitrose_Qty': '300ml', 'waitrose_discounted_price': '£2.00', 'waitrose_offer_desc': 'Half Price.', 'waitrose_url': 'https://www.waitrose.com/ecom/shop/browse/groceries/toiletries_health_and_beauty/hair_care/shampoo', 'waitrose_rating': '5', 'waitrose_unit_price': '(66.7p/100ml)', 'waitrose_new_flag': None, 'waitrose_prod_name': 'Aussie Aussome Volume Shampoo 300ml', 'images': []}
DEBUG: Scraped from <200 https://www.waitrose.com/ecom/shop/browse/groceries/toiletries_health_and_beauty/hair_care/shampoo>
{'client': 'Waitrose', 'time': datetime.datetime(2020, 9, 7, 10, 38, 32, 405943), 'category': 'Shampoo', 'id': 'tPp092708-47659-47660', 'prod_name': 'Vosene Original Shampoo', 'waitrose_Qty': '250ml', 'waitrose_discounted_price': '£1.36', 'waitrose_offer_desc': 'Save 1/3.', 'waitrose_url': 'https://www.waitrose.com/ecom/shop/browse/groceries/toiletries_health_and_beauty/hair_care/shampoo', 'waitrose_rating': '5', 'waitrose_unit_price': '(54.4p/100ml)', 'waitrose_new_flag': None, 'waitrose_prod_name': 'Vosene Original Shampoo 250ml', 'images': []}
DEBUG: Scraped from <200 https://www.waitrose.com/ecom/shop/browse/groceries/toiletries_health_and_beauty/hair_care/shampoo>
{'client': 'Waitrose', 'time': datetime.datetime(2020, 9, 7, 10, 38, 32, 405943), 'category': 'Shampoo', 'id': 'tPp096232-49248-49249', 'prod_name': 'Aussie Mega Shampoo', 'waitrose_Qty': '300ml', 'waitrose_discounted_price': '£2.05', 'waitrose_offer_desc': 'Half Price.', 'waitrose_url': 'https://www.waitrose.com/ecom/shop/browse/groceries/toiletries_health_and_beauty/hair_care/shampoo', 'waitrose_rating': '2.5', 'waitrose_unit_price': '(68.3p/100ml)', 'waitrose_new_flag': None, 'waitrose_prod_name': 'Aussie Mega Shampoo 300ml', 'images': []}
DEBUG: Scraped from <200 https://www.waitrose.com/ecom/shop/browse/groceries/toiletries_health_and_beauty/hair_care/shampoo>
{'client': 'Waitrose', 'time': datetime.datetime(2020, 9, 7, 10, 38, 32, 405943), 'category': 'Shampoo', 'id': 'tPp096232-49248-49249', 'prod_name': 'Aussie Mega Shampoo', 'waitrose_Qty': '300ml', 'waitrose_discounted_price': '£2.05', 'waitrose_offer_desc': 'Half Price.', 'waitrose_url': 'https://www.waitrose.com/ecom/shop/browse/groceries/toiletries_health_and_beauty/hair_care/shampoo', 'waitrose_rating': '2.5', 'waitrose_unit_price': '(68.3p/100ml)', 'waitrose_new_flag': None, 'waitrose_prod_name': 'Aussie Mega Shampoo 300ml', 'images': []}
DEBUG: Scraped from <200 https://www.waitrose.com/ecom/shop/browse/groceries/toiletries_health_and_beauty/hair_care/shampoo>
{'client': 'Waitrose', 'time': datetime.datetime(2020, 9, 7, 10, 38, 32, 405943), 'category': 'Shampoo', 'id': 'tPp639145-337007-337008', 'prod_name': 'Tresemmé Shampoo Deep Cleansing', 'waitrose_Qty': '800ml', 'waitrose_discounted_price': '£2.75', 'waitrose_offer_desc': 'Half Price.', 'waitrose_url': 'https://www.waitrose.com/ecom/shop/browse/groceries/toiletries_health_and_beauty/hair_care/shampoo', 'waitrose_rating': '5', 'waitrose_unit_price': '(34.4p/100ml)', 'waitrose_new_flag': None, 'waitrose_prod_name': 'Tresemmé Shampoo Deep Cleansing 800ml', 'images': []}
DEBUG: Scraped from <200 https://www.waitrose.com/ecom/shop/browse/groceries/toiletries_health_and_beauty/hair_care/shampoo>
{'client': 'Waitrose', 'time': datetime.datetime(2020, 9, 7, 10, 38, 32, 405943), 'category': 'Shampoo', 'id': 'tPp083596-42439-42440', 'prod_name': 'Aussie Colour Mate Shampoo', 'waitrose_Qty': '300ml', 'waitrose_discounted_price': '£2.05', 'waitrose_offer_desc': 'Half Price.', 'waitrose_url': 'https://www.waitrose.com/ecom/shop/browse/groceries/toiletries_health_and_beauty/hair_care/shampoo', 'waitrose_rating': '5', 'waitrose_unit_price': '(68.3p/100ml)', 'waitrose_new_flag': None, 'waitrose_prod_name': 'Aussie Colour Mate Shampoo 300ml', 'images': []}
DEBUG: Scraped from <200 https://www.waitrose.com/ecom/shop/browse/groceries/toiletries_health_and_beauty/hair_care/shampoo>
{'client': 'Waitrose', 'time': datetime.datetime(2020, 9, 7, 10, 38, 32, 405943), 'category': 'Shampoo', 'id': 'tPp799806-683814-683815', 'prod_name': 'Tresemmé Shampoo Moisture Rich', 'waitrose_Qty': '800ml', 'waitrose_discounted_price': '£2.75', 'waitrose_offer_desc': 'Half Price.', 'waitrose_url': 'https://www.waitrose.com/ecom/shop/browse/groceries/toiletries_health_and_beauty/hair_care/shampoo', 'waitrose_rating': None, 'waitrose_unit_price': '(34.4p/100ml)', 'waitrose_new_flag': None, 'waitrose_prod_name': 'Tresemmé Shampoo Moisture Rich 800ml', 'images': []}
DEBUG: Scraped from <200 https://www.waitrose.com/ecom/shop/browse/groceries/toiletries_health_and_beauty/hair_care/shampoo>
{'client': 'Waitrose', 'time': datetime.datetime(2020, 9, 7, 10, 38, 32, 405943), 'category': 'Shampoo', 'id': 'tPp575547-494836-494837', 'prod_name': 'DGJ Thickening Shampoo', 'waitrose_Qty': '250ml', 'waitrose_discounted_price': '£2.50', 'waitrose_offer_desc': 'Half Price.', 'waitrose_url': 'https://www.waitrose.com/ecom/shop/browse/groceries/toiletries_health_and_beauty/hair_care/shampoo', 'waitrose_rating': '5', 'waitrose_unit_price': '(£1/100ml)', 'waitrose_new_flag': None, 'waitrose_prod_name': 'DGJ Thickening Shampoo 250ml', 'images': []}
DEBUG: Scraped from <200 https://www.waitrose.com/ecom/shop/browse/groceries/toiletries_health_and_beauty/hair_care/shampoo>
{'client': 'Waitrose', 'time': datetime.datetime(2020, 9, 7, 10, 38, 32, 405943), 'category': 'Shampoo', 'id': 'tPp819563-729788-729789', 'prod_name': 'Aussie Blonde Purple Shampoo', 'waitrose_Qty': '290ml', 'waitrose_discounted_price': '£2.99', 'waitrose_offer_desc': 'Half Price.', 'waitrose_url': 'https://www.waitrose.com/ecom/shop/browse/groceries/toiletries_health_and_beauty/hair_care/shampoo', 'waitrose_rating': None, 'waitrose_unit_price': '(£1.04/100ml)', 'waitrose_new_flag': None, 'waitrose_prod_name': 'Aussie Blonde Purple Shampoo 290ml', 'images': []}
DEBUG: Scraped from <200 https://www.waitrose.com/ecom/shop/browse/groceries/toiletries_health_and_beauty/hair_care/shampoo>
{'client': 'Waitrose', 'time': datetime.datetime(2020, 9, 7, 10, 38, 32, 405943), 'category': 'Shampoo', 'id': 'tPp011495-5706-5707', 'prod_name': 'John Frieda Shampoo Touchably Full', 'waitrose_Qty': '250ml', 'waitrose_discounted_price': '£3.99', 'waitrose_offer_desc': 'Save 1/3.', 'waitrose_url': 'https://www.waitrose.com/ecom/shop/browse/groceries/toiletries_health_and_beauty/hair_care/shampoo', 'waitrose_rating': '4', 'waitrose_unit_price': '(£1.60/100ml)', 'waitrose_new_flag': None, 'waitrose_prod_name': 'John Frieda Shampoo Touchably Full 250ml', 'images': []}
DEBUG: Scraped from <200 https://www.waitrose.com/ecom/shop/browse/groceries/toiletries_health_and_beauty/hair_care/shampoo>
{'client': 'Waitrose', 'time': datetime.datetime(2020, 9, 7, 10, 38, 32, 405943), 'category': 'Shampoo', 'id': 'tPp819340-720339-720340', 'prod_name': 'Head & Shoulders Supreme Shampoo', 'waitrose_Qty': '400ml', 'waitrose_discounted_price': '£3.33', 'waitrose_offer_desc': 'Save 1/3.', 'waitrose_url': 'https://www.waitrose.com/ecom/shop/browse/groceries/toiletries_health_and_beauty/hair_care/shampoo', 'waitrose_rating': None, 'waitrose_unit_price': '(83.3p/100ml)', 'waitrose_new_flag': None, 'waitrose_prod_name': 'Head & Shoulders Supreme Shampoo 400ml', 'images': []}
DEBUG: Scraped from <200 https://www.waitrose.com/ecom/shop/browse/groceries/toiletries_health_and_beauty/hair_care/shampoo>
{'client': 'Waitrose', 'time': datetime.datetime(2020, 9, 7, 10, 38, 32, 405943), 'category': 'Shampoo', 'id': 'tPp364793-255761-255762', 'prod_name': 'Aussie Miracle Shine Shampoo', 'waitrose_Qty': '300ml', 'waitrose_discounted_price': '£2.00', 'waitrose_offer_desc': 'Half Price.', 'waitrose_url': 'https://www.waitrose.com/ecom/shop/browse/groceries/toiletries_health_and_beauty/hair_care/shampoo', 'waitrose_rating': None, 'waitrose_unit_price': '(66.7p/100ml)', 'waitrose_new_flag': None, 'waitrose_prod_name': 'Aussie Miracle Shine Shampoo 300ml', 'images': []}
DEBUG: Scraped from <200 https://www.waitrose.com/ecom/shop/browse/groceries/toiletries_health_and_beauty/hair_care/shampoo>
{'client': 'Waitrose', 'time': datetime.datetime(2020, 9, 7, 10, 38, 32, 405943), 'category': 'Shampoo', 'id': 'tPp595050-720203-720204', 'prod_name': 'Herbal Essences Coconut Shampoo', 'waitrose_Qty': '250ml', 'waitrose_discounted_price': '£2.00', 'waitrose_offer_desc': 'Save 1/3.', 'waitrose_url': 'https://www.waitrose.com/ecom/shop/browse/groceries/toiletries_health_and_beauty/hair_care/shampoo', 'waitrose_rating': None, 'waitrose_unit_price': '(80p/100ml)', 'waitrose_new_flag': None, 'waitrose_prod_name': 'Herbal Essences Coconut Shampoo 250ml', 'images': []}
DEBUG: Scraped from <200 https://www.waitrose.com/ecom/shop/browse/groceries/toiletries_health_and_beauty/hair_care/shampoo>
{'client': 'Waitrose', 'time': datetime.datetime(2020, 9, 7, 10, 38, 32, 405943), 'category': 'Shampoo', 'id': 'tPp610920-86669-86670', 'prod_name': 'Sheer Blonde Go Blonder Shampoo', 'waitrose_Qty': '250ml', 'waitrose_discounted_price': '£3.99', 'waitrose_offer_desc': 'Save 1/3.', 'waitrose_url': 'https://www.waitrose.com/ecom/shop/browse/groceries/toiletries_health_and_beauty/hair_care/shampoo', 'waitrose_rating': '3.5', 'waitrose_unit_price': '(£1.60/100ml)', 'waitrose_new_flag': None, 'waitrose_prod_name': 'Sheer Blonde Go Blonder Shampoo 250ml', 'images': []}
DEBUG: Scraped from <200 https://www.waitrose.com/ecom/shop/browse/groceries/toiletries_health_and_beauty/hair_care/shampoo>
{'client': 'Waitrose', 'time': datetime.datetime(2020, 9, 7, 10, 38, 32, 405943), 'category': 'Shampoo', 'id': 'tPp433216-720111-720112', 'prod_name': 'John Frieda Hydrate & Recharge Shampoo', 'waitrose_Qty': '250ml', 'waitrose_discounted_price': '£3.99', 'waitrose_offer_desc': 'Save 1/3.', 'waitrose_url': 'https://www.waitrose.com/ecom/shop/browse/groceries/toiletries_health_and_beauty/hair_care/shampoo', 'waitrose_rating': None, 'waitrose_unit_price': '(£1.60/100ml)', 'waitrose_new_flag': None, 'waitrose_prod_name': 'John Frieda Hydrate & Recharge Shampoo 250ml', 'images': []}
DEBUG: Scraped from <200 https://www.waitrose.com/ecom/shop/browse/groceries/toiletries_health_and_beauty/hair_care/shampoo>
{'client': 'Waitrose', 'time': datetime.datetime(2020, 9, 7, 10, 38, 32, 405943), 'category': 'Shampoo', 'id': 'tPp747801-683764-683765', 'prod_name': 'Aussie Shampoo Scent-sational', 'waitrose_Qty': '300ml', 'waitrose_discounted_price': '£2.00', 'waitrose_offer_desc': 'Half Price.', 'waitrose_url': 'https://www.waitrose.com/ecom/shop/browse/groceries/toiletries_health_and_beauty/hair_care/shampoo', 'waitrose_rating': '5', 'waitrose_unit_price': '(66.7p/100ml)', 'waitrose_new_flag': None, 'waitrose_prod_name': 'Aussie Shampoo Scent-sational 300ml', 'images': []}
DEBUG: Scraped from <200 https://www.waitrose.com/ecom/shop/browse/groceries/toiletries_health_and_beauty/hair_care/shampoo>
{'client': 'Waitrose', 'time': datetime.datetime(2020, 9, 7, 10, 38, 32, 405943), 'category': 'Shampoo', 'id': 'tPp538896-720173-720174', 'prod_name': 'Herbal Essences Argan Oil Shampoo', 'waitrose_Qty': '250ml', 'waitrose_discounted_price': '£2.00', 'waitrose_offer_desc': 'Save 1/3.', 'waitrose_url': 'https://www.waitrose.com/ecom/shop/browse/groceries/toiletries_health_and_beauty/hair_care/shampoo', 'waitrose_rating': None, 'waitrose_unit_price': '(80p/100ml)', 'waitrose_new_flag': None, 'waitrose_prod_name': 'Herbal Essences Argan Oil Shampoo 250ml', 'images': []}
DEBUG: Scraped from <200 https://www.waitrose.com/ecom/shop/browse/groceries/toiletries_health_and_beauty/hair_care/shampoo>
{'client': 'Waitrose', 'time': datetime.datetime(2020, 9, 7, 10, 38, 32, 405943), 'category': 'Shampoo', 'id': 'tPp494340-69860-69861', 'prod_name': "Neal's Yard Rose Shampoo", 'waitrose_Qty': '200ml', 'waitrose_discounted_price': '£7.66', 'waitrose_offer_desc': 'Save 1/3.', 'waitrose_url': 'https://www.waitrose.com/ecom/shop/browse/groceries/toiletries_health_and_beauty/hair_care/shampoo', 'waitrose_rating': '3.1', 'waitrose_unit_price': '(£3.83/100ml)', 'waitrose_new_flag': None, 'waitrose_prod_name': "Neal's Yard Rose Shampoo 200ml", 'images': []}
DEBUG: Scraped from <200 https://www.waitrose.com/ecom/shop/browse/groceries/toiletries_health_and_beauty/hair_care/shampoo>
{'client': 'Waitrose', 'time': datetime.datetime(2020, 9, 7, 10, 38, 32, 405943), 'category': 'Shampoo', 'id': 'tPp775870-724036-724037', 'prod_name': 'Faith in Nature Wild Rose Shampoo', 'waitrose_Qty': '400ml', 'waitrose_discounted_price': '£3.86', 'waitrose_offer_desc': 'Save 1/3.', 'waitrose_url': 'https://www.waitrose.com/ecom/shop/browse/groceries/toiletries_health_and_beauty/hair_care/shampoo', 'waitrose_rating': '5', 'waitrose_unit_price': '(96.5p/100ml)', 'waitrose_new_flag': None, 'waitrose_prod_name': 'Faith in Nature Wild Rose Shampoo 400ml', 'images': []}
DEBUG: Scraped from <200 https://www.waitrose.com/ecom/shop/browse/groceries/toiletries_health_and_beauty/hair_care/shampoo>
{'client': 'Waitrose', 'time': datetime.datetime(2020, 9, 7, 10, 38, 32, 405943), 'category': 'Shampoo', 'id': 'tPp871494-495182-495183', 'prod_name': 'DGJ Hairjuice Shampoo', 'waitrose_Qty': '250ml', 'waitrose_discounted_price': '£2.50', 'waitrose_offer_desc': 'Half Price.', 'waitrose_url': 'https://www.waitrose.com/ecom/shop/browse/groceries/toiletries_health_and_beauty/hair_care/shampoo', 'waitrose_rating': '5', 'waitrose_unit_price': '(£1/100ml)', 'waitrose_new_flag': None, 'waitrose_prod_name': 'DGJ Hairjuice Shampoo 250ml', 'images': []}
DEBUG: Scraped from <200 https://www.waitrose.com/ecom/shop/browse/groceries/toiletries_health_and_beauty/hair_care/shampoo>
{'client': 'Waitrose', 'time': datetime.datetime(2020, 9, 7, 10, 38, 32, 405943), 'category': 'Shampoo', 'id': 'tPp701301-99532-99533', 'prod_name': 'Essential Daily Care Shampoo', 'waitrose_Qty': '300ml', 'waitrose_discounted_price': '80p', 'waitrose_offer_desc': None, 'waitrose_url': 'https://www.waitrose.com/ecom/shop/browse/groceries/toiletries_health_and_beauty/hair_care/shampoo', 'waitrose_rating': '4.1', 'waitrose_unit_price': '(26.7p/100ml)', 'waitrose_new_flag': None, 'waitrose_prod_name': 'Essential Daily Care Shampoo 300ml', 'images': []}
DEBUG: Scraped from <200 https://www.waitrose.com/ecom/shop/browse/groceries/toiletries_health_and_beauty/hair_care/shampoo>
{'client': 'Waitrose', 'time': datetime.datetime(2020, 9, 7, 10, 38, 32, 405943), 'category': 'Shampoo', 'id': 'tPp833802-337290-337291', 'prod_name': 'Aussie Miracle Moist Spray', 'waitrose_Qty': '250ml', 'waitrose_discounted_price': '£2.57', 'waitrose_offer_desc': 'Half Price.', 'waitrose_url': 'https://www.waitrose.com/ecom/shop/browse/groceries/toiletries_health_and_beauty/hair_care/shampoo', 'waitrose_rating': None, 'waitrose_unit_price': '(£1.03/100ml)', 'waitrose_new_flag': None, 'waitrose_prod_name': 'Aussie Miracle Moist Spray 250ml', 'images': []}
DEBUG: Scraped from <200 https://www.waitrose.com/ecom/shop/browse/groceries/toiletries_health_and_beauty/hair_care/shampoo>
{'client': 'Waitrose', 'time': datetime.datetime(2020, 9, 7, 10, 38, 32, 405943), 'category': 'Shampoo', 'id': 'tPp425163-526469-526470', 'prod_name': 'Frizz Ease Shampoo Miraculous Recovery', 'waitrose_Qty': '250ml', 'waitrose_discounted_price': '£3.99', 'waitrose_offer_desc': 'Save 1/3.', 'waitrose_url': 'https://www.waitrose.com/ecom/shop/browse/groceries/toiletries_health_and_beauty/hair_care/shampoo', 'waitrose_rating': None, 'waitrose_unit_price': '(£1.60/100ml)', 'waitrose_new_flag': None, 'waitrose_prod_name': 'Frizz Ease Shampoo Miraculous Recovery 250ml', 'images': []}
DEBUG: Scraped from <200 https://www.waitrose.com/ecom/shop/browse/groceries/toiletries_health_and_beauty/hair_care/shampoo>
{'client': 'Waitrose', 'time': datetime.datetime(2020, 9, 7, 10, 38, 32, 405943), 'category': 'Shampoo', 'id': 'tPp847454-724141-724142', 'prod_name': 'Faith in Nature Grapefruit Shampoo', 'waitrose_Qty': '400ml', 'waitrose_discounted_price': '£3.86', 'waitrose_offer_desc': 'Save 1/3.', 'waitrose_url': 'https://www.waitrose.com/ecom/shop/browse/groceries/toiletries_health_and_beauty/hair_care/shampoo', 'waitrose_rating': None, 'waitrose_unit_price': '(96.5p/100ml)', 'waitrose_new_flag': None, 'waitrose_prod_name': 'Faith in Nature Grapefruit Shampoo 400ml', 'images': []}
DEBUG: Scraped from <200 https://www.waitrose.com/ecom/shop/browse/groceries/toiletries_health_and_beauty/hair_care/shampoo>
{'client': 'Waitrose', 'time': datetime.datetime(2020, 9, 7, 10, 38, 32, 405943), 'category': 'Shampoo', 'id': 'tPp535961-75786-75787', 'prod_name': 'essential Waitrose Nourishing Shampoo', 'waitrose_Qty': '300ml', 'waitrose_discounted_price': '80p', 'waitrose_offer_desc': None, 'waitrose_url': 'https://www.waitrose.com/ecom/shop/browse/groceries/toiletries_health_and_beauty/hair_care/shampoo', 'waitrose_rating': '4.3', 'waitrose_unit_price': '(26.7p/100ml)', 'waitrose_new_flag': None, 'waitrose_prod_name': 'essential Waitrose Nourishing Shampoo 300ml', 'images': []}
DEBUG: Scraped from <200 https://www.waitrose.com/ecom/shop/browse/groceries/toiletries_health_and_beauty/hair_care/shampoo>
{'client': 'Waitrose', 'time': datetime.datetime(2020, 9, 7, 10, 38, 32, 405943), 'category': 'Shampoo', 'id': 'tPp583946-82773-82774', 'prod_name': "Neal's Yard Lavender Shampoo", 'waitrose_Qty': '200ml', 'waitrose_discounted_price': '£7.66', 'waitrose_offer_desc': 'Save 1/3.', 'waitrose_url': 'https://www.waitrose.com/ecom/shop/browse/groceries/toiletries_health_and_beauty/hair_care/shampoo', 'waitrose_rating': '2.3', 'waitrose_unit_price': '(£3.83/100ml)', 'waitrose_new_flag': None, 'waitrose_prod_name': "Neal's Yard Lavender Shampoo 200ml", 'images': []}
DEBUG: Scraped from <200 https://www.waitrose.com/ecom/shop/browse/groceries/toiletries_health_and_beauty/hair_care/shampoo>
{'client': 'Waitrose', 'time': datetime.datetime(2020, 9, 7, 10, 38, 32, 405943), 'category': 'Shampoo', 'id': 'tPp563832-295347-295348', 'prod_name': 'Argan + Argan Oil 5Oil Miracle Shampoo', 'waitrose_Qty': '300ml', 'waitrose_discounted_price': '£4.00', 'waitrose_offer_desc': 'Save 1/3.', 'waitrose_url': 'https://www.waitrose.com/ecom/shop/browse/groceries/toiletries_health_and_beauty/hair_care/shampoo', 'waitrose_rating': '5', 'waitrose_unit_price': '(£1.34/100ml)', 'waitrose_new_flag': None, 'waitrose_prod_name': 'Argan + Argan Oil 5Oil Miracle Shampoo 300ml', 'images': []}
DEBUG: Scraped from <200 https://www.waitrose.com/ecom/shop/browse/groceries/toiletries_health_and_beauty/hair_care/shampoo>
{'client': 'Waitrose', 'time': datetime.datetime(2020, 9, 7, 10, 38, 32, 405943), 'category': 'Shampoo', 'id': 'tPp425124-59787-59788', 'prod_name': 'Brilliant Brunette Protecting Shampoo', 'waitrose_Qty': '250ml', 'waitrose_discounted_price': '£3.99', 'waitrose_offer_desc': 'Save 1/3.', 'waitrose_url': 'https://www.waitrose.com/ecom/shop/browse/groceries/toiletries_health_and_beauty/hair_care/shampoo', 'waitrose_rating': None, 'waitrose_unit_price': '(£1.60/100ml)', 'waitrose_new_flag': None, 'waitrose_prod_name': 'Brilliant Brunette Protecting Shampoo 250ml', 'images': []}
DEBUG: Scraped from <200 https://www.waitrose.com/ecom/shop/browse/groceries/toiletries_health_and_beauty/hair_care/shampoo>
{'client': 'Waitrose', 'time': datetime.datetime(2020, 9, 7, 10, 38, 32, 405943), 'category': 'Shampoo', 'id': 'tPp502437-720153-720154', 'prod_name': 'Aussie Calm The Frizz Shampoo', 'waitrose_Qty': '300ml', 'waitrose_discounted_price': '£2.00', 'waitrose_offer_desc': 'Half Price.', 'waitrose_url': 'https://www.waitrose.com/ecom/shop/browse/groceries/toiletries_health_and_beauty/hair_care/shampoo', 'waitrose_rating': None, 'waitrose_unit_price': '(66.7p/100ml)', 'waitrose_new_flag': None, 'waitrose_prod_name': 'Aussie Calm The Frizz Shampoo 300ml', 'images': []}
DEBUG: Scraped from <200 https://www.waitrose.com/ecom/shop/browse/groceries/toiletries_health_and_beauty/hair_care/shampoo>
{'client': 'Waitrose', 'time': datetime.datetime(2020, 9, 7, 10, 38, 32, 405943), 'category': 'Shampoo', 'id': 'tPp639366-90822-90823', 'prod_name': 'Head & Shoulders Shampoo Classic', 'waitrose_Qty': '500ml', 'waitrose_discounted_price': '£5.15', 'waitrose_offer_desc': None, 'waitrose_url': 'https://www.waitrose.com/ecom/shop/browse/groceries/toiletries_health_and_beauty/hair_care/shampoo', 'waitrose_rating': '3.5', 'waitrose_unit_price': '(£1.03/100ml)', 'waitrose_new_flag': None, 'waitrose_prod_name': 'Head & Shoulders Shampoo Classic 500ml', 'images': []}
DEBUG: Scraped from <200 https://www.waitrose.com/ecom/shop/browse/groceries/toiletries_health_and_beauty/hair_care/shampoo>
{'client': 'Waitrose', 'time': datetime.datetime(2020, 9, 7, 10, 38, 32, 405943), 'category': 'Shampoo', 'id': 'tPp895328-495224-495225', 'prod_name': 'DGJ Kids Detangle Shampoo', 'waitrose_Qty': '250ml', 'waitrose_discounted_price': '£1.75', 'waitrose_offer_desc': 'Half Price.', 'waitrose_url': 'https://www.waitrose.com/ecom/shop/browse/groceries/toiletries_health_and_beauty/hair_care/shampoo', 'waitrose_rating': '5', 'waitrose_unit_price': '(70p/100ml)', 'waitrose_new_flag': None, 'waitrose_prod_name': 'DGJ Kids Detangle Shampoo 250ml', 'images': []}
DEBUG: Scraped from <200 https://www.waitrose.com/ecom/shop/browse/groceries/toiletries_health_and_beauty/hair_care/shampoo>
{'client': 'Waitrose', 'time': datetime.datetime(2020, 9, 7, 10, 38, 32, 405943), 'category': 'Shampoo', 'id': 'tPp745828-495012-495013', 'prod_name': 'DGJ Kids Lice Repel Shampoo', 'waitrose_Qty': '250ml', 'waitrose_discounted_price': '£1.75', 'waitrose_offer_desc': 'Half Price.', 'waitrose_url': 'https://www.waitrose.com/ecom/shop/browse/groceries/toiletries_health_and_beauty/hair_care/shampoo', 'waitrose_rating': None, 'waitrose_unit_price': '(70p/100ml)', 'waitrose_new_flag': None, 'waitrose_prod_name': 'DGJ Kids Lice Repel Shampoo 250ml', 'images': []}
DEBUG: Scraped from <200 https://www.waitrose.com/ecom/shop/browse/groceries/toiletries_health_and_beauty/hair_care/shampoo>
{'client': 'Waitrose', 'time': datetime.datetime(2020, 9, 7, 10, 38, 32, 405943), 'category': 'Shampoo', 'id': 'tPp065299-33095-33096', 'prod_name': 'Frizz Ease Dream Curls Shampoo', 'waitrose_Qty': '250ml', 'waitrose_discounted_price': '£3.99', 'waitrose_offer_desc': 'Save 1/3.', 'waitrose_url': 'https://www.waitrose.com/ecom/shop/browse/groceries/toiletries_health_and_beauty/hair_care/shampoo', 'waitrose_rating': '5', 'waitrose_unit_price': '(£1.60/100ml)', 'waitrose_new_flag': None, 'waitrose_prod_name': 'Frizz Ease Dream Curls Shampoo 250ml', 'images': []}
DEBUG: Scraped from <200 https://www.waitrose.com/ecom/shop/browse/groceries/toiletries_health_and_beauty/hair_care/shampoo>
{'client': 'Waitrose', 'time': datetime.datetime(2020, 9, 7, 10, 38, 32, 405943), 'category': 'Shampoo', 'id': 'tPp735040-695707-695708', 'prod_name': 'Vosene Kids 3in1 Tea Tree Shampoo', 'waitrose_Qty': '250ml', 'waitrose_discounted_price': '£1.66', 'waitrose_offer_desc': 'Save 1/3.', 'waitrose_url': 'https://www.waitrose.com/ecom/shop/browse/groceries/toiletries_health_and_beauty/hair_care/shampoo', 'waitrose_rating': None, 'waitrose_unit_price': '(66.4p/100ml)', 'waitrose_new_flag': None, 'waitrose_prod_name': 'Vosene Kids 3in1 Tea Tree Shampoo 250ml', 'images': []}
DEBUG: Scraped from <200 https://www.waitrose.com/ecom/shop/browse/groceries/toiletries_health_and_beauty/hair_care/shampoo>
{'client': 'Waitrose', 'time': datetime.datetime(2020, 9, 7, 10, 38, 32, 405943), 'category': 'Shampoo', 'id': 'tPp414862-695397-695398', 'prod_name': 'Noughty Wave Hello Shampoo', 'waitrose_Qty': '250ml', 'waitrose_discounted_price': '£4.66', 'waitrose_offer_desc': 'Save 1/3.', 'waitrose_url': 'https://www.waitrose.com/ecom/shop/browse/groceries/toiletries_health_and_beauty/hair_care/shampoo', 'waitrose_rating': None, 'waitrose_unit_price': '(£1.87/100ml)', 'waitrose_new_flag': None, 'waitrose_prod_name': 'Noughty Wave Hello Shampoo 250ml', 'images': []}
DEBUG: Scraped from <200 https://www.waitrose.com/ecom/shop/browse/groceries/toiletries_health_and_beauty/hair_care/shampoo>
{'client': 'Waitrose', 'time': datetime.datetime(2020, 9, 7, 10, 38, 32, 405943), 'category': 'Shampoo', 'id': 'tPp755186-495024-495025', 'prod_name': 'DGJ Colour Save Shampoo', 'waitrose_Qty': '250ml', 'waitrose_discounted_price': '£2.50', 'waitrose_offer_desc': 'Half Price.', 'waitrose_url': 'https://www.waitrose.com/ecom/shop/browse/groceries/toiletries_health_and_beauty/hair_care/shampoo', 'waitrose_rating': None, 'waitrose_unit_price': '(£1/100ml)', 'waitrose_new_flag': None, 'waitrose_prod_name': 'DGJ Colour Save Shampoo 250ml', 'images': []}
DEBUG: Scraped from <200 https://www.waitrose.com/ecom/shop/browse/groceries/toiletries_health_and_beauty/hair_care/shampoo>
{'client': 'Waitrose', 'time': datetime.datetime(2020, 9, 7, 10, 38, 32, 405943), 'category': 'Shampoo', 'id': 'tPp702159-494964-494965', 'prod_name': 'DGJ Argan Oil Shampoo', 'waitrose_Qty': '250ml', 'waitrose_discounted_price': '£2.50', 'waitrose_offer_desc': 'Half Price.', 'waitrose_url': 'https://www.waitrose.com/ecom/shop/browse/groceries/toiletries_health_and_beauty/hair_care/shampoo', 'waitrose_rating': None, 'waitrose_unit_price': '(£1/100ml)', 'waitrose_new_flag': None, 'waitrose_prod_name': 'DGJ Argan Oil Shampoo 250ml', 'images': []}
DEBUG: Scraped from <200 https://www.waitrose.com/ecom/shop/browse/groceries/toiletries_health_and_beauty/hair_care/shampoo>
{'client': 'Waitrose', 'time': datetime.datetime(2020, 9, 7, 10, 38, 32, 405943), 'category': 'Shampoo', 'id': 'tPp725068-723986-723987', 'prod_name': 'Faith in Nature Lavender Shampoo', 'waitrose_Qty': '400ml', 'waitrose_discounted_price': '£3.86', 'waitrose_offer_desc': 'Save 1/3.', 'waitrose_url': 'https://www.waitrose.com/ecom/shop/browse/groceries/toiletries_health_and_beauty/hair_care/shampoo', 'waitrose_rating': None, 'waitrose_unit_price': '(96.5p/100ml)', 'waitrose_new_flag': None, 'waitrose_prod_name': 'Faith in Nature Lavender Shampoo 400ml', 'images': []}
DEBUG: Scraped from <200 https://www.waitrose.com/ecom/shop/browse/groceries/toiletries_health_and_beauty/hair_care/shampoo>
{'client': 'Waitrose', 'time': datetime.datetime(2020, 9, 7, 10, 38, 32, 405943), 'category': 'Shampoo', 'id': 'tPp810201-352482-352483', 'prod_name': 'Essential Daily Care 2 in 1', 'waitrose_Qty': '300ml', 'waitrose_discounted_price': '80p', 'waitrose_offer_desc': None, 'waitrose_url': 'https://www.waitrose.com/ecom/shop/browse/groceries/toiletries_health_and_beauty/hair_care/shampoo', 'waitrose_rating': '4.3', 'waitrose_unit_price': '(26.7p/100ml)', 'waitrose_new_flag': None, 'waitrose_prod_name': 'Essential Daily Care 2 in 1 300ml', 'images': []}
DEBUG: Scraped from <200 https://www.waitrose.com/ecom/shop/browse/groceries/toiletries_health_and_beauty/hair_care/shampoo>
{'client': 'Waitrose', 'time': datetime.datetime(2020, 9, 7, 10, 38, 32, 405943), 'category': 'Shampoo', 'id': 'tPp051100-25409-25410', 'prod_name': 'Sheer Blonde Moisturising Shampoo', 'waitrose_Qty': '250ml', 'waitrose_discounted_price': '£3.99', 'waitrose_offer_desc': 'Save 1/3.', 'waitrose_url': 'https://www.waitrose.com/ecom/shop/browse/groceries/toiletries_health_and_beauty/hair_care/shampoo', 'waitrose_rating': '3', 'waitrose_unit_price': '(£1.60/100ml)', 'waitrose_new_flag': None, 'waitrose_prod_name': 'Sheer Blonde Moisturising Shampoo 250ml', 'images': []}
DEBUG: Scraped from <200 https://www.waitrose.com/ecom/shop/browse/groceries/toiletries_health_and_beauty/hair_care/shampoo>
{'client': 'Waitrose', 'time': datetime.datetime(2020, 9, 7, 10, 38, 32, 405943), 'category': 'Shampoo', 'id': 'tPp657721-694179-694180', 'prod_name': 'Pantene 3 in 1 Classic Clean', 'waitrose_Qty': '450ml', 'waitrose_discounted_price': '£3.75', 'waitrose_offer_desc': None, 'waitrose_url': 'https://www.waitrose.com/ecom/shop/browse/groceries/toiletries_health_and_beauty/hair_care/shampoo', 'waitrose_rating': None, 'waitrose_unit_price': '(83.3p/100ml)', 'waitrose_new_flag': None, 'waitrose_prod_name': 'Pantene 3 in 1 Classic Clean 450ml', 'images': []}
DEBUG: Scraped from <200 https://www.waitrose.com/ecom/shop/browse/groceries/toiletries_health_and_beauty/hair_care/shampoo>
{'client': 'Waitrose', 'time': datetime.datetime(2020, 9, 7, 10, 38, 32, 405943), 'category': 'Shampoo', 'id': 'tPp687186-337057-337058', 'prod_name': 'Argan + Argan Oil Rejuvenating Shampoo', 'waitrose_Qty': '300ml', 'waitrose_discounted_price': '£4.00', 'waitrose_offer_desc': 'Save 1/3.', 'waitrose_url': 'https://www.waitrose.com/ecom/shop/browse/groceries/toiletries_health_and_beauty/hair_care/shampoo', 'waitrose_rating': '5', 'waitrose_unit_price': '(£1.34/100ml)', 'waitrose_new_flag': None, 'waitrose_prod_name': 'Argan + Argan Oil Rejuvenating Shampoo 300ml', 'images': []}
DEBUG: Scraped from <200 https://www.waitrose.com/ecom/shop/browse/groceries/toiletries_health_and_beauty/hair_care/shampoo>
{'client': 'Waitrose', 'time': datetime.datetime(2020, 9, 7, 10, 38, 32, 405943), 'category': 'Shampoo', 'id': 'tPp435635-694165-694166', 'prod_name': 'Pantene Classic Clean Shampoo', 'waitrose_Qty': '500ml', 'waitrose_discounted_price': '£5.15', 'waitrose_offer_desc': None, 'waitrose_url': 'https://www.waitrose.com/ecom/shop/browse/groceries/toiletries_health_and_beauty/hair_care/shampoo', 'waitrose_rating': None, 'waitrose_unit_price': '(£1.03/100ml)', 'waitrose_new_flag': None, 'waitrose_prod_name': 'Pantene Classic Clean Shampoo 500ml', 'images': []}
DEBUG: Scraped from <200 https://www.waitrose.com/ecom/shop/browse/groceries/toiletries_health_and_beauty/hair_care/shampoo>
{'client': 'Waitrose', 'time': datetime.datetime(2020, 9, 7, 10, 38, 32, 405943), 'category': 'Shampoo', 'id': 'tPp402915-526384-526385', 'prod_name': 'John Frieda Violet Crush Shampoo', 'waitrose_Qty': '250ml', 'waitrose_discounted_price': '£3.99', 'waitrose_offer_desc': 'Save 1/3.', 'waitrose_url': 'https://www.waitrose.com/ecom/shop/browse/groceries/toiletries_health_and_beauty/hair_care/shampoo', 'waitrose_rating': '5', 'waitrose_unit_price': '(£1.60/100ml)', 'waitrose_new_flag': None, 'waitrose_prod_name': 'John Frieda Violet Crush Shampoo 250ml', 'images': []}
DEBUG: Scraped from <200 https://www.waitrose.com/ecom/shop/browse/groceries/toiletries_health_and_beauty/hair_care/shampoo>
{'client': 'Waitrose', 'time': datetime.datetime(2020, 9, 7, 10, 38, 32, 405943), 'category': 'Shampoo', 'id': 'tPp725372-631511-631512', 'prod_name': 'Hask Moni Coconut Oil Shampoo', 'waitrose_Qty': '355ml', 'waitrose_discounted_price': '£4.66', 'waitrose_offer_desc': 'Save 1/3.', 'waitrose_url': 'https://www.waitrose.com/ecom/shop/browse/groceries/toiletries_health_and_beauty/hair_care/shampoo', 'waitrose_rating': None, 'waitrose_unit_price': '(£1.32/100ml)', 'waitrose_new_flag': None, 'waitrose_prod_name': 'Hask Moni Coconut Oil Shampoo 355ml', 'images': []}
DEBUG: Scraped from <200 https://www.waitrose.com/ecom/shop/browse/groceries/toiletries_health_and_beauty/hair_care/shampoo>
{'client': 'Waitrose', 'time': datetime.datetime(2020, 9, 7, 10, 38, 32, 405943), 'category': 'Shampoo', 'id': 'tPp844892-695845-695846', 'prod_name': 'Head & Shoulders Colour Protect', 'waitrose_Qty': '400ml', 'waitrose_discounted_price': '£3.33', 'waitrose_offer_desc': 'Save 1/3.', 'waitrose_url': 'https://www.waitrose.com/ecom/shop/browse/groceries/toiletries_health_and_beauty/hair_care/shampoo', 'waitrose_rating': None, 'waitrose_unit_price': '(83.3p/100ml)', 'waitrose_new_flag': None, 'waitrose_prod_name': 'Head & Shoulders Colour Protect 400ml', 'images': []}
DEBUG: Scraped from <200 https://www.waitrose.com/ecom/shop/browse/groceries/toiletries_health_and_beauty/hair_care/shampoo>
{'client': 'Waitrose', 'time': datetime.datetime(2020, 9, 7, 10, 38, 32, 405943), 'category': 'Shampoo', 'id': 'tPp464815-154487-154488', 'prod_name': 'Batiste original dry shampoo', 'waitrose_Qty': '200ml', 'waitrose_discounted_price': '£3.00', 'waitrose_offer_desc': None, 'waitrose_url': 'https://www.waitrose.com/ecom/shop/browse/groceries/toiletries_health_and_beauty/hair_care/shampoo', 'waitrose_rating': '5', 'waitrose_unit_price': '(£1.50/100ml)', 'waitrose_new_flag': None, 'waitrose_prod_name': 'Batiste original dry shampoo 200ml', 'images': []}
DEBUG: Scraped from <200 https://www.waitrose.com/ecom/shop/browse/groceries/toiletries_health_and_beauty/hair_care/shampoo>
{'client': 'Waitrose', 'time': datetime.datetime(2020, 9, 7, 10, 38, 32, 405943), 'category': 'Shampoo', 'id': 'tPp547359-720175-720176', 'prod_name': 'Maui Moisture Bamboo Shampoo', 'waitrose_Qty': '385ml', 'waitrose_discounted_price': '£6.00', 'waitrose_offer_desc': 'Save 1/3.', 'waitrose_url': 'https://www.waitrose.com/ecom/shop/browse/groceries/toiletries_health_and_beauty/hair_care/shampoo', 'waitrose_rating': '5', 'waitrose_unit_price': '(£1.56/100ml)', 'waitrose_new_flag': None, 'waitrose_prod_name': 'Maui Moisture Bamboo Shampoo 385ml', 'images': []}
DEBUG: Scraped from <200 https://www.waitrose.com/ecom/shop/browse/groceries/toiletries_health_and_beauty/hair_care/shampoo>
{'client': 'Waitrose', 'time': datetime.datetime(2020, 9, 7, 10, 38, 32, 405943), 'category': 'Shampoo', 'id': 'tPp808436-720325-720326', 'prod_name': 'Hask Biotin Boost Shampoo', 'waitrose_Qty': '355ml', 'waitrose_discounted_price': '£4.66', 'waitrose_offer_desc': 'Save 1/3.', 'waitrose_url': 'https://www.waitrose.com/ecom/shop/browse/groceries/toiletries_health_and_beauty/hair_care/shampoo', 'waitrose_rating': None, 'waitrose_unit_price': '(£1.32/100ml)', 'waitrose_new_flag': None, 'waitrose_prod_name': 'Hask Biotin Boost Shampoo 355ml', 'images': []}
DEBUG: Scraped from <200 https://www.waitrose.com/ecom/shop/browse/groceries/toiletries_health_and_beauty/hair_care/shampoo>
{'client': 'Waitrose', 'time': datetime.datetime(2020, 9, 7, 10, 38, 32, 405943), 'category': 'Shampoo', 'id': 'tPp807825-473364-473365', 'prod_name': 'SenSpa Deep Cleanse Shampoo', 'waitrose_Qty': '250ml', 'waitrose_discounted_price': '£4.00', 'waitrose_offer_desc': 'Save 1/3.', 'waitrose_url': 'https://www.waitrose.com/ecom/shop/browse/groceries/toiletries_health_and_beauty/hair_care/shampoo', 'waitrose_rating': '3.7', 'waitrose_unit_price': '(£1.60/100ml)', 'waitrose_new_flag': None, 'waitrose_prod_name': 'SenSpa Deep Cleanse Shampoo 250ml', 'images': []}
DEBUG: Scraped from <200 https://www.waitrose.com/ecom/shop/browse/groceries/toiletries_health_and_beauty/hair_care/shampoo>
{'client': 'Waitrose', 'time': datetime.datetime(2020, 9, 7, 10, 38, 32, 405943), 'category': 'Shampoo', 'id': 'tPp836753-694201-694202', 'prod_name': 'Pantene Volume & Body Shampoo', 'waitrose_Qty': '500ml', 'waitrose_discounted_price': '£5.15', 'waitrose_offer_desc': None, 'waitrose_url': 'https://www.waitrose.com/ecom/shop/browse/groceries/toiletries_health_and_beauty/hair_care/shampoo', 'waitrose_rating': None, 'waitrose_unit_price': '(£1.03/100ml)', 'waitrose_new_flag': None, 'waitrose_prod_name': 'Pantene Volume & Body Shampoo 500ml', 'images': []}
DEBUG: Scraped from <200 https://www.waitrose.com/ecom/shop/browse/groceries/toiletries_health_and_beauty/hair_care/shampoo>
{'client': 'Waitrose', 'time': datetime.datetime(2020, 9, 7, 10, 38, 32, 405943), 'category': 'Shampoo', 'id': 'tPp711086-652694-652695', 'prod_name': 'Head & Shoulders Supreme Moisture', 'waitrose_Qty': '400ml', 'waitrose_discounted_price': '£3.43', 'waitrose_offer_desc': 'Save 1/3.', 'waitrose_url': 'https://www.waitrose.com/ecom/shop/browse/groceries/toiletries_health_and_beauty/hair_care/shampoo', 'waitrose_rating': None, 'waitrose_unit_price': '(85.8p/100ml)', 'waitrose_new_flag': None, 'waitrose_prod_name': 'Head & Shoulders Supreme Moisture 400ml', 'images': []}
DEBUG: Scraped from <200 https://www.waitrose.com/ecom/shop/browse/groceries/toiletries_health_and_beauty/hair_care/shampoo>
{'client': 'Waitrose', 'time': datetime.datetime(2020, 9, 7, 10, 38, 32, 405943), 'category': 'Shampoo', 'id': 'tPp492466-631281-631282', 'prod_name': 'Hask Keratin Protein Smoothing Shampoo', 'waitrose_Qty': '355ml', 'waitrose_discounted_price': '£4.66', 'waitrose_offer_desc': 'Save 1/3.', 'waitrose_url': 'https://www.waitrose.com/ecom/shop/browse/groceries/toiletries_health_and_beauty/hair_care/shampoo', 'waitrose_rating': None, 'waitrose_unit_price': '(£1.32/100ml)', 'waitrose_new_flag': None, 'waitrose_prod_name': 'Hask Keratin Protein Smoothing Shampoo 355ml', 'images': []}
DEBUG: Scraped from <200 https://www.waitrose.com/ecom/shop/browse/groceries/toiletries_health_and_beauty/hair_care/shampoo>
{'client': 'Waitrose', 'time': datetime.datetime(2020, 9, 7, 10, 38, 32, 405943), 'category': 'Shampoo', 'id': 'tPp740653-352034-352035', 'prod_name': 'essential Waitrose Anti-Dandruff 2 in 1', 'waitrose_Qty': '300ml', 'waitrose_discounted_price': '£1.00', 'waitrose_offer_desc': None, 'waitrose_url': 'https://www.waitrose.com/ecom/shop/browse/groceries/toiletries_health_and_beauty/hair_care/shampoo', 'waitrose_rating': '4', 'waitrose_unit_price': '(33.3p/100ml)', 'waitrose_new_flag': None, 'waitrose_prod_name': 'essential Waitrose Anti-Dandruff 2 in 1 300ml', 'images': []}
DEBUG: Scraped from <200 https://www.waitrose.com/ecom/shop/browse/groceries/toiletries_health_and_beauty/hair_care/shampoo>
{'client': 'Waitrose', 'time': datetime.datetime(2020, 9, 7, 10, 38, 32, 405943), 'category': 'Shampoo', 'id': 'tPp757780-107799-107800', 'prod_name': 'Head & Shoulders 2in1 Classic Clean', 'waitrose_Qty': '450ml', 'waitrose_discounted_price': '£5.15', 'waitrose_offer_desc': None, 'waitrose_url': 'https://www.waitrose.com/ecom/shop/browse/groceries/toiletries_health_and_beauty/hair_care/shampoo', 'waitrose_rating': '4', 'waitrose_unit_price': '(£1.15/100ml)', 'waitrose_new_flag': None, 'waitrose_prod_name': 'Head & Shoulders 2in1 Classic Clean 450ml', 'images': []}
DEBUG: Scraped from <200 https://www.waitrose.com/ecom/shop/browse/groceries/toiletries_health_and_beauty/hair_care/shampoo>
{'client': 'Waitrose', 'time': datetime.datetime(2020, 9, 7, 10, 38, 32, 405943), 'category': 'Shampoo', 'id': 'tPp062495-31737-31738', 'prod_name': 'Neutrogena T/Gel shampoo dry hair', 'waitrose_Qty': '125ml', 'waitrose_discounted_price': '£5.15', 'waitrose_offer_desc': None, 'waitrose_url': 'https://www.waitrose.com/ecom/shop/browse/groceries/toiletries_health_and_beauty/hair_care/shampoo', 'waitrose_rating': None, 'waitrose_unit_price': '(£4.12/100ml)', 'waitrose_new_flag': None, 'waitrose_prod_name': 'Neutrogena T/Gel shampoo dry hair 125ml', 'images': []}
DEBUG: Scraped from <200 https://www.waitrose.com/ecom/shop/browse/groceries/toiletries_health_and_beauty/hair_care/shampoo>
{'client': 'Waitrose', 'time': datetime.datetime(2020, 9, 7, 10, 38, 32, 405943), 'category': 'Shampoo', 'id': 'tPp884562-720413-720414', 'prod_name': 'Maui Moisture Shea Butter Shampoo', 'waitrose_Qty': '385ml', 'waitrose_discounted_price': '£6.00', 'waitrose_offer_desc': 'Save 1/3.', 'waitrose_url': 'https://www.waitrose.com/ecom/shop/browse/groceries/toiletries_health_and_beauty/hair_care/shampoo', 'waitrose_rating': None, 'waitrose_unit_price': '(£1.56/100ml)', 'waitrose_new_flag': None, 'waitrose_prod_name': 'Maui Moisture Shea Butter Shampoo 385ml', 'images': []}
DEBUG: Scraped from <200 https://www.waitrose.com/ecom/shop/browse/groceries/toiletries_health_and_beauty/hair_care/shampoo>
{'client': 'Waitrose', 'time': datetime.datetime(2020, 9, 7, 10, 38, 32, 405943), 'category': 'Shampoo', 'id': 'tPp824583-694195-694196', 'prod_name': 'Pantene Repair & Protect Shampoo', 'waitrose_Qty': '500ml', 'waitrose_discounted_price': '£3.75', 'waitrose_offer_desc': None, 'waitrose_url': 'https://www.waitrose.com/ecom/shop/browse/groceries/toiletries_health_and_beauty/hair_care/shampoo', 'waitrose_rating': None, 'waitrose_unit_price': '(75p/100ml)', 'waitrose_new_flag': None, 'waitrose_prod_name': 'Pantene Repair & Protect Shampoo 500ml', 'images': []}
DEBUG: Scraped from <200 https://www.waitrose.com/ecom/shop/browse/groceries/toiletries_health_and_beauty/hair_care/shampoo>
{'client': 'Waitrose', 'time': datetime.datetime(2020, 9, 7, 10, 38, 32, 405943), 'category': 'Shampoo', 'id': 'tPp432893-216691-216692', 'prod_name': 'Head & Shoulders Shampoo Apple Fresh', 'waitrose_Qty': '500ml', 'waitrose_discounted_price': '£5.15', 'waitrose_offer_desc': None, 'waitrose_url': 'https://www.waitrose.com/ecom/shop/browse/groceries/toiletries_health_and_beauty/hair_care/shampoo', 'waitrose_rating': None, 'waitrose_unit_price': '(£1.03/100ml)', 'waitrose_new_flag': None, 'waitrose_prod_name': 'Head & Shoulders Shampoo Apple Fresh 500ml', 'images': []}
DEBUG: Scraped from <200 https://www.waitrose.com/ecom/shop/browse/groceries/toiletries_health_and_beauty/hair_care/shampoo>
{'client': 'Waitrose', 'time': datetime.datetime(2020, 9, 7, 10, 38, 32, 405943), 'category': 'Shampoo', 'id': 'tPp645178-695617-695618', 'prod_name': 'John Frieda Shampoo Weightless Wonder', 'waitrose_Qty': '250ml', 'waitrose_discounted_price': '£3.99', 'waitrose_offer_desc': 'Save 1/3.', 'waitrose_url': 'https://www.waitrose.com/ecom/shop/browse/groceries/toiletries_health_and_beauty/hair_care/shampoo', 'waitrose_rating': '4.6', 'waitrose_unit_price': '(£1.60/100ml)', 'waitrose_new_flag': None, 'waitrose_prod_name': 'John Frieda Shampoo Weightless Wonder 250ml', 'images': []}
DEBUG: Scraped from <200 https://www.waitrose.com/ecom/shop/browse/groceries/toiletries_health_and_beauty/hair_care/shampoo>
{'client': 'Waitrose', 'time': datetime.datetime(2020, 9, 7, 10, 38, 32, 405943), 'category': 'Shampoo', 'id': 'tPp755349-720291-720292', 'prod_name': 'Herbal Essences Aloe & Mango Shampoo', 'waitrose_Qty': '380ml', 'waitrose_discounted_price': '£4.50', 'waitrose_offer_desc': None, 'waitrose_url': 'https://www.waitrose.com/ecom/shop/browse/groceries/toiletries_health_and_beauty/hair_care/shampoo', 'waitrose_rating': None, 'waitrose_unit_price': '(£1.19/100ml)', 'waitrose_new_flag': None, 'waitrose_prod_name': 'Herbal Essences Aloe & Mango Shampoo 380ml', 'images': []}
DEBUG: Scraped from <200 https://www.waitrose.com/ecom/shop/browse/groceries/toiletries_health_and_beauty/hair_care/shampoo>
{'client': 'Waitrose', 'time': datetime.datetime(2020, 9, 7, 10, 38, 32, 405943), 'category': 'Shampoo', 'id': 'tPp486943-68769-68770', 'prod_name': 'Head & Shoulders 2in1 classic clean', 'waitrose_Qty': '225ml', 'waitrose_discounted_price': '£3.00', 'waitrose_offer_desc': None, 'waitrose_url': 'https://www.waitrose.com/ecom/shop/browse/groceries/toiletries_health_and_beauty/hair_care/shampoo', 'waitrose_rating': '4', 'waitrose_unit_price': '(£1.34/100ml)', 'waitrose_new_flag': None, 'waitrose_prod_name': 'Head & Shoulders 2in1 classic clean 225ml', 'images': []}
DEBUG: Scraped from <200 https://www.waitrose.com/ecom/shop/browse/groceries/toiletries_health_and_beauty/hair_care/shampoo>
{'client': 'Waitrose', 'time': datetime.datetime(2020, 9, 7, 10, 38, 32, 405943), 'category': 'Shampoo', 'id': 'tPp852396-695857-695858', 'prod_name': 'BECO. Honey Blossom Shampoo Bar', 'waitrose_Qty': '90g', 'waitrose_discounted_price': '£4.00', 'waitrose_offer_desc': None, 'waitrose_url': 'https://www.waitrose.com/ecom/shop/browse/groceries/toiletries_health_and_beauty/hair_care/shampoo', 'waitrose_rating': '4.9', 'waitrose_unit_price': '(£4.45/100g)', 'waitrose_new_flag': None, 'waitrose_prod_name': 'BECO. Honey Blossom Shampoo Bar 90g', 'images': []}
DEBUG: Scraped from <200 https://www.waitrose.com/ecom/shop/browse/groceries/toiletries_health_and_beauty/hair_care/shampoo>
{'client': 'Waitrose', 'time': datetime.datetime(2020, 9, 7, 10, 38, 32, 405943), 'category': 'Shampoo', 'id': 'tPp581617-694173-694174', 'prod_name': 'Pantene Colour Protect Shampoo', 'waitrose_Qty': '500ml', 'waitrose_discounted_price': '£5.15', 'waitrose_offer_desc': None, 'waitrose_url': 'https://www.waitrose.com/ecom/shop/browse/groceries/toiletries_health_and_beauty/hair_care/shampoo', 'waitrose_rating': None, 'waitrose_unit_price': '(£1.03/100ml)', 'waitrose_new_flag': None, 'waitrose_prod_name': 'Pantene Colour Protect Shampoo 500ml', 'images': []}
DEBUG: Scraped from <200 https://www.waitrose.com/ecom/shop/browse/groceries/toiletries_health_and_beauty/hair_care/shampoo>
{'client': 'Waitrose', 'time': datetime.datetime(2020, 9, 7, 10, 38, 32, 405943), 'category': 'Shampoo', 'id': 'tPp631829-695597-695598', 'prod_name': 'Noughty Detox Dynamo Shampoo', 'waitrose_Qty': '250ml', 'waitrose_discounted_price': '£4.66', 'waitrose_offer_desc': 'Save 1/3.', 'waitrose_url': 'https://www.waitrose.com/ecom/shop/browse/groceries/toiletries_health_and_beauty/hair_care/shampoo', 'waitrose_rating': None, 'waitrose_unit_price': '(£1.87/100ml)', 'waitrose_new_flag': None, 'waitrose_prod_name': 'Noughty Detox Dynamo Shampoo 250ml', 'images': []}
DEBUG: Scraped from <200 https://www.waitrose.com/ecom/shop/browse/groceries/toiletries_health_and_beauty/hair_care/shampoo>
{'client': 'Waitrose', 'time': datetime.datetime(2020, 9, 7, 10, 38, 32, 405943), 'category': 'Shampoo', 'id': 'tPp530991-695493-695494', 'prod_name': 'John Frieda Shampoo Detox & Repair', 'waitrose_Qty': '250ml', 'waitrose_discounted_price': '£3.99', 'waitrose_offer_desc': 'Save 1/3.', 'waitrose_url': 'https://www.waitrose.com/ecom/shop/browse/groceries/toiletries_health_and_beauty/hair_care/shampoo', 'waitrose_rating': None, 'waitrose_unit_price': '(£1.60/100ml)', 'waitrose_new_flag': None, 'waitrose_prod_name': 'John Frieda Shampoo Detox & Repair 250ml', 'images': []}
DEBUG: Scraped from <200 https://www.waitrose.com/ecom/shop/browse/groceries/toiletries_health_and_beauty/hair_care/shampoo>
{'client': 'Waitrose', 'time': datetime.datetime(2020, 9, 7, 10, 38, 32, 405943), 'category': 'Shampoo', 'id': 'tPp853982-154925-154926', 'prod_name': 'Batiste blush dry shampoo', 'waitrose_Qty': '200ml', 'waitrose_discounted_price': '£3.00', 'waitrose_offer_desc': None, 'waitrose_url': 'https://www.waitrose.com/ecom/shop/browse/groceries/toiletries_health_and_beauty/hair_care/shampoo', 'waitrose_rating': '4', 'waitrose_unit_price': '(£1.50/100ml)', 'waitrose_new_flag': None, 'waitrose_prod_name': 'Batiste blush dry shampoo 200ml', 'images': []}
DEBUG: Scraped from <200 https://www.waitrose.com/ecom/shop/browse/groceries/toiletries_health_and_beauty/hair_care/shampoo>
{'client': 'Waitrose', 'time': datetime.datetime(2020, 9, 7, 10, 38, 32, 405943), 'category': 'Shampoo', 'id': 'tPp472240-591833-591834', 'prod_name': 'Herbal Essences Repair Shampoo', 'waitrose_Qty': '400ml', 'waitrose_discounted_price': '£4.50', 'waitrose_offer_desc': None, 'waitrose_url': 'https://www.waitrose.com/ecom/shop/browse/groceries/toiletries_health_and_beauty/hair_care/shampoo', 'waitrose_rating': '5', 'waitrose_unit_price': '(£1.13/100ml)', 'waitrose_new_flag': None, 'waitrose_prod_name': 'Herbal Essences Repair Shampoo 400ml', 'images': []}
DEBUG: Scraped from <200 https://www.waitrose.com/ecom/shop/browse/groceries/toiletries_health_and_beauty/hair_care/shampoo>
{'client': 'Waitrose', 'time': datetime.datetime(2020, 9, 7, 10, 38, 32, 405943), 'category': 'Shampoo', 'id': 'tPp882824-154983-154984', 'prod_name': 'Head & Shoulders itchy scalp shampoo', 'waitrose_Qty': '500ml', 'waitrose_discounted_price': '£5.15', 'waitrose_offer_desc': None, 'waitrose_url': 'https://www.waitrose.com/ecom/shop/browse/groceries/toiletries_health_and_beauty/hair_care/shampoo', 'waitrose_rating': '5', 'waitrose_unit_price': '(£1.03/100ml)', 'waitrose_new_flag': None, 'waitrose_prod_name': 'Head & Shoulders itchy scalp shampoo 500ml', 'images': []}
DEBUG: Scraped from <200 https://www.waitrose.com/ecom/shop/browse/groceries/toiletries_health_and_beauty/hair_care/shampoo>
{'client': 'Waitrose', 'time': datetime.datetime(2020, 9, 7, 10, 38, 32, 405943), 'category': 'Shampoo', 'id': 'tPp027940-13599-13600', 'prod_name': 'Avalon Organics lemon shampoo', 'waitrose_Qty': '325ml', 'waitrose_discounted_price': '£7.00', 'waitrose_offer_desc': None, 'waitrose_url': 'https://www.waitrose.com/ecom/shop/browse/groceries/toiletries_health_and_beauty/hair_care/shampoo', 'waitrose_rating': '3.6', 'waitrose_unit_price': '(£2.16/100ml)', 'waitrose_new_flag': None, 'waitrose_prod_name': 'Avalon Organics lemon shampoo 325ml', 'images': []}
DEBUG: Scraped from <200 https://www.waitrose.com/ecom/shop/browse/groceries/toiletries_health_and_beauty/hair_care/shampoo>
{'client': 'Waitrose', 'time': datetime.datetime(2020, 9, 7, 10, 38, 32, 405943), 'category': 'Shampoo', 'id': 'tPp711843-717497-717498', 'prod_name': "L'Oreal Elvive Colour Shampoo", 'waitrose_Qty': '400ml', 'waitrose_discounted_price': '£3.75', 'waitrose_offer_desc': None, 'waitrose_url': 'https://www.waitrose.com/ecom/shop/browse/groceries/toiletries_health_and_beauty/hair_care/shampoo', 'waitrose_rating': None, 'waitrose_unit_price': '(93.8p/100ml)', 'waitrose_new_flag': None, 'waitrose_prod_name': "L'Oreal Elvive Colour Shampoo 400ml", 'images': []}
DEBUG: Scraped from <200 https://www.waitrose.com/ecom/shop/browse/groceries/toiletries_health_and_beauty/hair_care/shampoo>
{'client': 'Waitrose', 'time': datetime.datetime(2020, 9, 7, 10, 38, 32, 405943), 'category': 'Shampoo', 'id': 'tPp047805-23664-23665', 'prod_name': 'Avalon Organics tea tree shampoo', 'waitrose_Qty': '325ml', 'waitrose_discounted_price': '£7.00', 'waitrose_offer_desc': None, 'waitrose_url': 'https://www.waitrose.com/ecom/shop/browse/groceries/toiletries_health_and_beauty/hair_care/shampoo', 'waitrose_rating': '4.9', 'waitrose_unit_price': '(£2.16/100ml)', 'waitrose_new_flag': None, 'waitrose_prod_name': 'Avalon Organics tea tree shampoo 325ml', 'images': []}
DEBUG: Scraped from <200 https://www.waitrose.com/ecom/shop/browse/groceries/toiletries_health_and_beauty/hair_care/shampoo>
{'client': 'Waitrose', 'time': datetime.datetime(2020, 9, 7, 10, 38, 32, 405943), 'category': 'Shampoo', 'id': 'tPp865734-216867-216868', 'prod_name': 'Ogx Argan Oil of Morocco Shampoo', 'waitrose_Qty': '385ml', 'waitrose_discounted_price': '£7.00', 'waitrose_offer_desc': None, 'waitrose_url': 'https://www.waitrose.com/ecom/shop/browse/groceries/toiletries_health_and_beauty/hair_care/shampoo', 'waitrose_rating': '3.4', 'waitrose_unit_price': '(£1.82/100ml)', 'waitrose_new_flag': None, 'waitrose_prod_name': 'Ogx Argan Oil of Morocco Shampoo 385ml', 'images': []}
DEBUG: Scraped from <200 https://www.waitrose.com/ecom/shop/browse/groceries/toiletries_health_and_beauty/hair_care/shampoo>
{'client': 'Waitrose', 'time': datetime.datetime(2020, 9, 7, 10, 38, 32, 405943), 'category': 'Shampoo', 'id': 'tPp703131-695681-695682', 'prod_name': 'Head & Shoulders Repair Shampoo', 'waitrose_Qty': '400ml', 'waitrose_discounted_price': '£3.33', 'waitrose_offer_desc': 'Save 1/3.', 'waitrose_url': 'https://www.waitrose.com/ecom/shop/browse/groceries/toiletries_health_and_beauty/hair_care/shampoo', 'waitrose_rating': '4', 'waitrose_unit_price': '(83.3p/100ml)', 'waitrose_new_flag': None, 'waitrose_prod_name': 'Head & Shoulders Repair Shampoo 400ml', 'images': []}
DEBUG: Scraped from <200 https://www.waitrose.com/ecom/shop/browse/groceries/toiletries_health_and_beauty/hair_care/shampoo>
{'client': 'Waitrose', 'time': datetime.datetime(2020, 9, 7, 10, 38, 32, 405943), 'category': 'Shampoo', 'id': 'tPp657930-695639-695640', 'prod_name': 'Noughty Pumped Up Shampoo', 'waitrose_Qty': '250ml', 'waitrose_discounted_price': '£4.66', 'waitrose_offer_desc': 'Save 1/3.', 'waitrose_url': 'https://www.waitrose.com/ecom/shop/browse/groceries/toiletries_health_and_beauty/hair_care/shampoo', 'waitrose_rating': '5', 'waitrose_unit_price': '(£1.87/100ml)', 'waitrose_new_flag': None, 'waitrose_prod_name': 'Noughty Pumped Up Shampoo 250ml', 'images': []}
DEBUG: Scraped from <200 https://www.waitrose.com/ecom/shop/browse/groceries/toiletries_health_and_beauty/hair_care/shampoo>
{'client': 'Waitrose', 'time': datetime.datetime(2020, 9, 7, 10, 38, 32, 405943), 'category': 'Shampoo', 'id': 'tPp649492-695625-695626', 'prod_name': 'Vosene Kids 2in1 Melon Shampoo', 'waitrose_Qty': '250ml', 'waitrose_discounted_price': '£1.33', 'waitrose_offer_desc': 'Save 1/3.', 'waitrose_url': 'https://www.waitrose.com/ecom/shop/browse/groceries/toiletries_health_and_beauty/hair_care/shampoo', 'waitrose_rating': None, 'waitrose_unit_price': '(53.2p/100ml)', 'waitrose_new_flag': None, 'waitrose_prod_name': 'Vosene Kids 2in1 Melon Shampoo 250ml', 'images': []}
DEBUG: Scraped from <200 https://www.waitrose.com/ecom/shop/browse/groceries/toiletries_health_and_beauty/hair_care/shampoo>
{'client': 'Waitrose', 'time': datetime.datetime(2020, 9, 7, 10, 38, 32, 405943), 'category': 'Shampoo', 'id': 'tPp855140-216863-216864', 'prod_name': 'Ogx Coconut Milk Shampoo', 'waitrose_Qty': '385ml', 'waitrose_discounted_price': '£7.00', 'waitrose_offer_desc': None, 'waitrose_url': 'https://www.waitrose.com/ecom/shop/browse/groceries/toiletries_health_and_beauty/hair_care/shampoo', 'waitrose_rating': '5', 'waitrose_unit_price': '(£1.82/100ml)', 'waitrose_new_flag': None, 'waitrose_prod_name': 'Ogx Coconut Milk Shampoo 385ml', 'images': []}
DEBUG: Scraped from <200 https://www.waitrose.com/ecom/shop/browse/groceries/toiletries_health_and_beauty/hair_care/shampoo>
{'client': 'Waitrose', 'time': datetime.datetime(2020, 9, 7, 10, 38, 32, 405943), 'category': 'Shampoo', 'id': 'tPp455905-591789-591790', 'prod_name': 'Herbal Essences clean Shampoo', 'waitrose_Qty': '400ml', 'waitrose_discounted_price': '£4.50', 'waitrose_offer_desc': None, 'waitrose_url': 'https://www.waitrose.com/ecom/shop/browse/groceries/toiletries_health_and_beauty/hair_care/shampoo', 'waitrose_rating': None, 'waitrose_unit_price': '(£1.13/100ml)', 'waitrose_new_flag': None, 'waitrose_prod_name': 'Herbal Essences clean Shampoo 400ml', 'images': []}
DEBUG: Scraped from <200 https://www.waitrose.com/ecom/shop/browse/groceries/toiletries_health_and_beauty/hair_care/shampoo>
{'client': 'Waitrose', 'time': datetime.datetime(2020, 9, 7, 10, 38, 32, 405943), 'category': 'Shampoo', 'id': 'tPp686838-346630-346631', 'prod_name': 'Richard Ward argan antiageing shampoo', 'waitrose_Qty': '250ml', 'waitrose_discounted_price': '£6.00', 'waitrose_offer_desc': None, 'waitrose_url': 'https://www.waitrose.com/ecom/shop/browse/groceries/toiletries_health_and_beauty/hair_care/shampoo', 'waitrose_rating': '4.1', 'waitrose_unit_price': '(£2.40/100ml)', 'waitrose_new_flag': None, 'waitrose_prod_name': 'Richard Ward argan antiageing shampoo 250ml', 'images': []}
DEBUG: Scraped from <200 https://www.waitrose.com/ecom/shop/browse/groceries/toiletries_health_and_beauty/hair_care/shampoo>
{'client': 'Waitrose', 'time': datetime.datetime(2020, 9, 7, 10, 38, 32, 405943), 'category': 'Shampoo', 'id': 'tPp821139-694191-694192', 'prod_name': 'Pantene Smooth & Sleek Shampoo', 'waitrose_Qty': '500ml', 'waitrose_discounted_price': '£5.15', 'waitrose_offer_desc': None, 'waitrose_url': 'https://www.waitrose.com/ecom/shop/browse/groceries/toiletries_health_and_beauty/hair_care/shampoo', 'waitrose_rating': None, 'waitrose_unit_price': '(£1.03/100ml)', 'waitrose_new_flag': None, 'waitrose_prod_name': 'Pantene Smooth & Sleek Shampoo 500ml', 'images': []}
DEBUG: Scraped from <200 https://www.waitrose.com/ecom/shop/browse/groceries/toiletries_health_and_beauty/hair_care/shampoo>
{'client': 'Waitrose', 'time': datetime.datetime(2020, 9, 7, 10, 38, 32, 405943), 'category': 'Shampoo', 'id': 'tPp490113-591883-591884', 'prod_name': 'Herbal Essences Volume Shampoo', 'waitrose_Qty': '400ml', 'waitrose_discounted_price': '£4.50', 'waitrose_offer_desc': None, 'waitrose_url': 'https://www.waitrose.com/ecom/shop/browse/groceries/toiletries_health_and_beauty/hair_care/shampoo', 'waitrose_rating': '5', 'waitrose_unit_price': '(£1.13/100ml)', 'waitrose_new_flag': None, 'waitrose_prod_name': 'Herbal Essences Volume Shampoo 400ml', 'images': []}
DEBUG: Scraped from <200 https://www.waitrose.com/ecom/shop/browse/groceries/toiletries_health_and_beauty/hair_care/shampoo>
{'client': 'Waitrose', 'time': datetime.datetime(2020, 9, 7, 10, 38, 32, 405943), 'category': 'Shampoo', 'id': 'tPp453160-695433-695434', 'prod_name': 'Argan+ Long & Strong Shampoo', 'waitrose_Qty': '300ml', 'waitrose_discounted_price': '£4.00', 'waitrose_offer_desc': 'Save 1/3.', 'waitrose_url': 'https://www.waitrose.com/ecom/shop/browse/groceries/toiletries_health_and_beauty/hair_care/shampoo', 'waitrose_rating': None, 'waitrose_unit_price': '(£1.34/100ml)', 'waitrose_new_flag': None, 'waitrose_prod_name': 'Argan+ Long & Strong Shampoo 300ml', 'images': []}
DEBUG: Scraped from <200 https://www.waitrose.com/ecom/shop/browse/groceries/toiletries_health_and_beauty/hair_care/shampoo>
{'client': 'Waitrose', 'time': datetime.datetime(2020, 9, 7, 10, 38, 32, 405943), 'category': 'Shampoo', 'id': 'tPp895244-495222-495223', 'prod_name': 'DGJ Clarifying Shampoo', 'waitrose_Qty': '250ml', 'waitrose_discounted_price': '£2.50', 'waitrose_offer_desc': 'Half Price.', 'waitrose_url': 'https://www.waitrose.com/ecom/shop/browse/groceries/toiletries_health_and_beauty/hair_care/shampoo', 'waitrose_rating': None, 'waitrose_unit_price': '(£1/100ml)', 'waitrose_new_flag': None, 'waitrose_prod_name': 'DGJ Clarifying Shampoo 250ml', 'images': []}
DEBUG: Scraped from <200 https://www.waitrose.com/ecom/shop/browse/groceries/toiletries_health_and_beauty/hair_care/shampoo>
{'client': 'Waitrose', 'time': datetime.datetime(2020, 9, 7, 10, 38, 32, 405943), 'category': 'Shampoo', 'id': 'tPp816738-442231-442232', 'prod_name': 'SensSpa Nourishing Shampoo', 'waitrose_Qty': '250ml', 'waitrose_discounted_price': '£4.00', 'waitrose_offer_desc': 'Save 1/3.', 'waitrose_url': 'https://www.waitrose.com/ecom/shop/browse/groceries/toiletries_health_and_beauty/hair_care/shampoo', 'waitrose_rating': '2.6', 'waitrose_unit_price': '(£1.60/100ml)', 'waitrose_new_flag': None, 'waitrose_prod_name': 'SensSpa Nourishing Shampoo 250ml', 'images': []}
DEBUG: Scraped from <200 https://www.waitrose.com/ecom/shop/browse/groceries/toiletries_health_and_beauty/hair_care/shampoo>
{'client': 'Waitrose', 'time': datetime.datetime(2020, 9, 7, 10, 38, 32, 405943), 'category': 'Shampoo', 'id': 'tPp626001-88825-88826', 'prod_name': 'Head & Shoulders Shampoo Citrus Fresh', 'waitrose_Qty': '500ml', 'waitrose_discounted_price': '£5.15', 'waitrose_offer_desc': None, 'waitrose_url': 'https://www.waitrose.com/ecom/shop/browse/groceries/toiletries_health_and_beauty/hair_care/shampoo', 'waitrose_rating': None, 'waitrose_unit_price': '(£1.03/100ml)', 'waitrose_new_flag': None, 'waitrose_prod_name': 'Head & Shoulders Shampoo Citrus Fresh 500ml', 'images': []}
DEBUG: Scraped from <200 https://www.waitrose.com/ecom/shop/browse/groceries/toiletries_health_and_beauty/hair_care/shampoo>
{'client': 'Waitrose', 'time': datetime.datetime(2020, 9, 7, 10, 38, 32, 405943), 'category': 'Shampoo', 'id': 'tPp868154-695990-695991', 'prod_name': 'Hair Biology Purple Shampoo', 'waitrose_Qty': '250ml', 'waitrose_discounted_price': '£4.50', 'waitrose_offer_desc': None, 'waitrose_url': 'https://www.waitrose.com/ecom/shop/browse/groceries/toiletries_health_and_beauty/hair_care/shampoo', 'waitrose_rating': None, 'waitrose_unit_price': '(£1.80/100ml)', 'waitrose_new_flag': None, 'waitrose_prod_name': 'Hair Biology Purple Shampoo 250ml', 'images': []}
DEBUG: Scraped from <200 https://www.waitrose.com/ecom/shop/browse/groceries/toiletries_health_and_beauty/hair_care/shampoo>
{'client': 'Waitrose', 'time': datetime.datetime(2020, 9, 7, 10, 38, 32, 405943), 'category': 'Shampoo', 'id': 'tPp484035-715885-715886', 'prod_name': "L'Oreal Elvive Oil Nourishing Shampoo", 'waitrose_Qty': '400ml', 'waitrose_discounted_price': '£3.75', 'waitrose_offer_desc': None, 'waitrose_url': 'https://www.waitrose.com/ecom/shop/browse/groceries/toiletries_health_and_beauty/hair_care/shampoo', 'waitrose_rating': None, 'waitrose_unit_price': '(93.8p/100ml)', 'waitrose_new_flag': None, 'waitrose_prod_name': "L'Oreal Elvive Oil Nourishing Shampoo 400ml", 'images': []}
DEBUG: Scraped from <200 https://www.waitrose.com/ecom/shop/browse/groceries/toiletries_health_and_beauty/hair_care/shampoo>
{'client': 'Waitrose', 'time': datetime.datetime(2020, 9, 7, 10, 38, 32, 405943), 'category': 'Shampoo', 'id': 'tPp756229-563906-563907', 'prod_name': 'Head & Shoulders 2 in 1 Total Care', 'waitrose_Qty': '225ml', 'waitrose_discounted_price': '£3.00', 'waitrose_offer_desc': None, 'waitrose_url': 'https://www.waitrose.com/ecom/shop/browse/groceries/toiletries_health_and_beauty/hair_care/shampoo', 'waitrose_rating': None, 'waitrose_unit_price': '(£1.34/100ml)', 'waitrose_new_flag': None, 'waitrose_prod_name': 'Head & Shoulders 2 in 1 Total Care 225ml', 'images': []}
DEBUG: Scraped from <200 https://www.waitrose.com/ecom/shop/browse/groceries/toiletries_health_and_beauty/hair_care/shampoo>
{'client': 'Waitrose', 'time': datetime.datetime(2020, 9, 7, 10, 38, 32, 405943), 'category': 'Shampoo', 'id': 'tPp839781-154875-154876', 'prod_name': 'Aussie miracle moist shampoo', 'waitrose_Qty': '500ml', 'waitrose_discounted_price': '£6.15', 'waitrose_offer_desc': None, 'waitrose_url': 'https://www.waitrose.com/ecom/shop/browse/groceries/toiletries_health_and_beauty/hair_care/shampoo', 'waitrose_rating': None, 'waitrose_unit_price': '(£1.23/100ml)', 'waitrose_new_flag': None, 'waitrose_prod_name': 'Aussie miracle moist shampoo 500ml', 'images': []}
DEBUG: Scraped from <200 https://www.waitrose.com/ecom/shop/browse/groceries/toiletries_health_and_beauty/hair_care/shampoo>
{'client': 'Waitrose', 'time': datetime.datetime(2020, 9, 7, 10, 38, 32, 405943), 'category': 'Shampoo', 'id': 'tPp791725-375655-375656', 'prod_name': 'Ogx Kukuí Oil Shampoo', 'waitrose_Qty': '385ml', 'waitrose_discounted_price': '£7.00', 'waitrose_offer_desc': None, 'waitrose_url': 'https://www.waitrose.com/ecom/shop/browse/groceries/toiletries_health_and_beauty/hair_care/shampoo', 'waitrose_rating': '5', 'waitrose_unit_price': '(£1.82/100ml)', 'waitrose_new_flag': None, 'waitrose_prod_name': 'Ogx Kukuí Oil Shampoo 385ml', 'images': []}
DEBUG: Scraped from <200 https://www.waitrose.com/ecom/shop/browse/groceries/toiletries_health_and_beauty/hair_care/shampoo>
{'client': 'Waitrose', 'time': datetime.datetime(2020, 9, 7, 10, 38, 32, 405943), 'category': 'Shampoo', 'id': 'tPp527154-720165-720166', 'prod_name': 'Maui Moisture Hibiscus Water', 'waitrose_Qty': '385ml', 'waitrose_discounted_price': '£6.00', 'waitrose_offer_desc': 'Save 1/3.', 'waitrose_url': 'https://www.waitrose.com/ecom/shop/browse/groceries/toiletries_health_and_beauty/hair_care/shampoo', 'waitrose_rating': None, 'waitrose_unit_price': '(£1.56/100ml)', 'waitrose_new_flag': None, 'waitrose_prod_name': 'Maui Moisture Hibiscus Water 385ml', 'images': []}
DEBUG: Scraped from <200 https://www.waitrose.com/ecom/shop/browse/groceries/toiletries_health_and_beauty/hair_care/shampoo>
{'client': 'Waitrose', 'time': datetime.datetime(2020, 9, 7, 10, 38, 32, 405943), 'category': 'Shampoo', 'id': 'tPp586765-735804-735805', 'prod_name': "L'Oreal Elvive Restoring Shampoo", 'waitrose_Qty': '400ml', 'waitrose_discounted_price': '£3.75', 'waitrose_offer_desc': None, 'waitrose_url': 'https://www.waitrose.com/ecom/shop/browse/groceries/toiletries_health_and_beauty/hair_care/shampoo', 'waitrose_rating': None, 'waitrose_unit_price': '(93.8p/100ml)', 'waitrose_new_flag': 'NEW', 'waitrose_prod_name': "L'Oreal Elvive Restoring Shampoo 400ml", 'images': []}
DEBUG: Scraped from <200 https://www.waitrose.com/ecom/shop/browse/groceries/toiletries_health_and_beauty/hair_care/shampoo>
{'client': 'Waitrose', 'time': datetime.datetime(2020, 9, 7, 10, 38, 32, 405943), 'category': 'Shampoo', 'id': 'tPp755068-720289-720290', 'prod_name': 'Herbal Essences Aloe Hemp Shampoo', 'waitrose_Qty': '380ml', 'waitrose_discounted_price': '£4.50', 'waitrose_offer_desc': None, 'waitrose_url': 'https://www.waitrose.com/ecom/shop/browse/groceries/toiletries_health_and_beauty/hair_care/shampoo', 'waitrose_rating': None, 'waitrose_unit_price': '(£1.19/100ml)', 'waitrose_new_flag': None, 'waitrose_prod_name': 'Herbal Essences Aloe Hemp Shampoo 380ml', 'images': []}
DEBUG: Scraped from <200 https://www.waitrose.com/ecom/shop/browse/groceries/toiletries_health_and_beauty/hair_care/shampoo>
{'client': 'Waitrose', 'time': datetime.datetime(2020, 9, 7, 10, 38, 32, 405943), 'category': 'Shampoo', 'id': 'tPp427668-591713-591714', 'prod_name': 'Herbal Essences Hydrate Shampoo', 'waitrose_Qty': '400ml', 'waitrose_discounted_price': '£4.50', 'waitrose_offer_desc': None, 'waitrose_url': 'https://www.waitrose.com/ecom/shop/browse/groceries/toiletries_health_and_beauty/hair_care/shampoo', 'waitrose_rating': '5', 'waitrose_unit_price': '(£1.13/100ml)', 'waitrose_new_flag': None, 'waitrose_prod_name': 'Herbal Essences Hydrate Shampoo 400ml', 'images': []}
DEBUG: Scraped from <200 https://www.waitrose.com/ecom/shop/browse/groceries/toiletries_health_and_beauty/hair_care/shampoo>
{'client': 'Waitrose', 'time': datetime.datetime(2020, 9, 7, 10, 38, 32, 405943), 'category': 'Shampoo', 'id': 'tPp407453-471203-471204', 'prod_name': 'Ogx Biotin & Collagen Shampoo', 'waitrose_Qty': '385ml', 'waitrose_discounted_price': '£7.00', 'waitrose_offer_desc': None, 'waitrose_url': 'https://www.waitrose.com/ecom/shop/browse/groceries/toiletries_health_and_beauty/hair_care/shampoo', 'waitrose_rating': None, 'waitrose_unit_price': '(£1.82/100ml)', 'waitrose_new_flag': None, 'waitrose_prod_name': 'Ogx Biotin & Collagen Shampoo 385ml', 'images': []}
DEBUG: Scraped from <200 https://www.waitrose.com/ecom/shop/browse/groceries/toiletries_health_and_beauty/hair_care/shampoo>
{'client': 'Waitrose', 'time': datetime.datetime(2020, 9, 7, 10, 38, 32, 405943), 'category': 'Shampoo', 'id': 'tPp790782-694215-694216', 'prod_name': 'Pantene 3in1 Smooth & Sleek', 'waitrose_Qty': '450ml', 'waitrose_discounted_price': '£3.75', 'waitrose_offer_desc': None, 'waitrose_url': 'https://www.waitrose.com/ecom/shop/browse/groceries/toiletries_health_and_beauty/hair_care/shampoo', 'waitrose_rating': None, 'waitrose_unit_price': '(83.3p/100ml)', 'waitrose_new_flag': None, 'waitrose_prod_name': 'Pantene 3in1 Smooth & Sleek 450ml', 'images': []}
DEBUG: Scraped from <200 https://www.waitrose.com/ecom/shop/browse/groceries/toiletries_health_and_beauty/hair_care/shampoo>
{'client': 'Waitrose', 'time': datetime.datetime(2020, 9, 7, 10, 38, 32, 405943), 'category': 'Shampoo', 'id': 'tPp582132-472091-472092', 'prod_name': 'Ogx Argan Oil Morocco Shampoo', 'waitrose_Qty': '385ml', 'waitrose_discounted_price': '£7.00', 'waitrose_offer_desc': None, 'waitrose_url': 'https://www.waitrose.com/ecom/shop/browse/groceries/toiletries_health_and_beauty/hair_care/shampoo', 'waitrose_rating': '4', 'waitrose_unit_price': '(£1.82/100ml)', 'waitrose_new_flag': None, 'waitrose_prod_name': 'Ogx Argan Oil Morocco Shampoo 385ml', 'images': []}
DEBUG: Scraped from <200 https://www.waitrose.com/ecom/shop/browse/groceries/toiletries_health_and_beauty/hair_care/shampoo>
{'client': 'Waitrose', 'time': datetime.datetime(2020, 9, 7, 10, 38, 32, 405943), 'category': 'Shampoo', 'id': 'tPp076232-38732-38733', 'prod_name': 'AOrganic Lavender Shampoo', 'waitrose_Qty': '325ml', 'waitrose_discounted_price': '£7.00', 'waitrose_offer_desc': None, 'waitrose_url': 'https://www.waitrose.com/ecom/shop/browse/groceries/toiletries_health_and_beauty/hair_care/shampoo', 'waitrose_rating': '3.8', 'waitrose_unit_price': '(£2.16/100ml)', 'waitrose_new_flag': None, 'waitrose_prod_name': 'AOrganic Lavender Shampoo 325ml', 'images': []}
DEBUG: Scraped from <200 https://www.waitrose.com/ecom/shop/browse/groceries/toiletries_health_and_beauty/hair_care/shampoo>
{'client': 'Waitrose', 'time': datetime.datetime(2020, 9, 7, 10, 38, 32, 405943), 'category': 'Shampoo', 'id': 'tPp032765-16025-16026', 'prod_name': "L'Oréal kids shampoo berry strawberry", 'waitrose_Qty': '250ml', 'waitrose_discounted_price': '£2.00', 'waitrose_offer_desc': None, 'waitrose_url': 'https://www.waitrose.com/ecom/shop/browse/groceries/toiletries_health_and_beauty/hair_care/shampoo', 'waitrose_rating': None, 'waitrose_unit_price': '(80p/100ml)', 'waitrose_new_flag': None, 'waitrose_prod_name': "L'Oréal kids shampoo berry strawberry 250ml", 'images': []}
DEBUG: Scraped from <200 https://www.waitrose.com/ecom/shop/browse/groceries/toiletries_health_and_beauty/hair_care/shampoo>
{'client': 'Waitrose', 'time': datetime.datetime(2020, 9, 7, 10, 38, 32, 405943), 'category': 'Shampoo', 'id': 'tPp735751-154731-154732', 'prod_name': 'Aussie aussome volume shampoo', 'waitrose_Qty': '500ml', 'waitrose_discounted_price': '£6.10', 'waitrose_offer_desc': None, 'waitrose_url': 'https://www.waitrose.com/ecom/shop/browse/groceries/toiletries_health_and_beauty/hair_care/shampoo', 'waitrose_rating': None, 'waitrose_unit_price': '(£1.22/100ml)', 'waitrose_new_flag': None, 'waitrose_prod_name': 'Aussie aussome volume shampoo 500ml', 'images': []}
DEBUG: Scraped from <200 https://www.waitrose.com/ecom/shop/browse/groceries/toiletries_health_and_beauty/hair_care/shampoo>
{'client': 'Waitrose', 'time': datetime.datetime(2020, 9, 7, 10, 38, 32, 405943), 'category': 'Shampoo', 'id': 'tPp554742-695503-695504', 'prod_name': 'Umberto Giannini Violet Shampoo', 'waitrose_Qty': '250ml', 'waitrose_discounted_price': '£8.00', 'waitrose_offer_desc': 'Mix & Match Add 3 for 2 Cheapest Item Free', 'waitrose_url': 'https://www.waitrose.com/ecom/shop/browse/groceries/toiletries_health_and_beauty/hair_care/shampoo', 'waitrose_rating': None, 'waitrose_unit_price': '(£3.20/100ml)', 'waitrose_new_flag': None, 'waitrose_prod_name': 'Umberto Giannini Violet Shampoo 250ml', 'images': []}
DEBUG: Scraped from <200 https://www.waitrose.com/ecom/shop/browse/groceries/toiletries_health_and_beauty/hair_care/shampoo>
{'client': 'Waitrose', 'time': datetime.datetime(2020, 9, 7, 10, 38, 32, 405943), 'category': 'Shampoo', 'id': 'tPp778297-720309-720310', 'prod_name': 'Pantene Grow Strong Shampoo', 'waitrose_Qty': '400ml', 'waitrose_discounted_price': '£3.75', 'waitrose_offer_desc': None, 'waitrose_url': 'https://www.waitrose.com/ecom/shop/browse/groceries/toiletries_health_and_beauty/hair_care/shampoo', 'waitrose_rating': None, 'waitrose_unit_price': '(93.8p/100ml)', 'waitrose_new_flag': None, 'waitrose_prod_name': 'Pantene Grow Strong Shampoo 400ml', 'images': []}
DEBUG: Scraped from <200 https://www.waitrose.com/ecom/shop/browse/groceries/toiletries_health_and_beauty/hair_care/shampoo>
{'client': 'Waitrose', 'time': datetime.datetime(2020, 9, 7, 10, 38, 32, 405943), 'category': 'Shampoo', 'id': 'tPp724972-694185-694186', 'prod_name': 'Pantene 3in1 Repair & Protect', 'waitrose_Qty': '450ml', 'waitrose_discounted_price': '£3.75', 'waitrose_offer_desc': None, 'waitrose_url': 'https://www.waitrose.com/ecom/shop/browse/groceries/toiletries_health_and_beauty/hair_care/shampoo', 'waitrose_rating': None, 'waitrose_unit_price': '(83.3p/100ml)', 'waitrose_new_flag': None, 'waitrose_prod_name': 'Pantene 3in1 Repair & Protect 450ml', 'images': []}
DEBUG: Scraped from <200 https://www.waitrose.com/ecom/shop/browse/groceries/toiletries_health_and_beauty/hair_care/shampoo>
{'client': 'Waitrose', 'time': datetime.datetime(2020, 9, 7, 10, 38, 32, 405943), 'category': 'Shampoo', 'id': 'tPp662395-154665-154666', 'prod_name': 'Aussie colour mate shampoo', 'waitrose_Qty': '500ml', 'waitrose_discounted_price': '£6.15', 'waitrose_offer_desc': None, 'waitrose_url': 'https://www.waitrose.com/ecom/shop/browse/groceries/toiletries_health_and_beauty/hair_care/shampoo', 'waitrose_rating': None, 'waitrose_unit_price': '(£1.23/100ml)', 'waitrose_new_flag': None, 'waitrose_prod_name': 'Aussie colour mate shampoo 500ml', 'images': []}
DEBUG: Scraped from <200 https://www.waitrose.com/ecom/shop/browse/groceries/toiletries_health_and_beauty/hair_care/shampoo>
{'client': 'Waitrose', 'time': datetime.datetime(2020, 9, 7, 10, 38, 32, 405943), 'category': 'Shampoo', 'id': 'tPp820157-724089-724090', 'prod_name': 'Eco Warrior Shampoo Bar', 'waitrose_Qty': '100g', 'waitrose_discounted_price': '£4.50', 'waitrose_offer_desc': None, 'waitrose_url': 'https://www.waitrose.com/ecom/shop/browse/groceries/toiletries_health_and_beauty/hair_care/shampoo', 'waitrose_rating': None, 'waitrose_unit_price': '(£4.50/100g)', 'waitrose_new_flag': None, 'waitrose_prod_name': 'Eco Warrior Shampoo Bar 100g', 'images': []}
DEBUG: Scraped from <200 https://www.waitrose.com/ecom/shop/browse/groceries/toiletries_health_and_beauty/hair_care/shampoo>
{'client': 'Waitrose', 'time': datetime.datetime(2020, 9, 7, 10, 38, 32, 405943), 'category': 'Shampoo', 'id': 'tPp812614-707138-707139', 'prod_name': 'Beco Spring Meadow Shampoo Bar', 'waitrose_Qty': '90g', 'waitrose_discounted_price': '£4.00', 'waitrose_offer_desc': None, 'waitrose_url': 'https://www.waitrose.com/ecom/shop/browse/groceries/toiletries_health_and_beauty/hair_care/shampoo', 'waitrose_rating': '3.3', 'waitrose_unit_price': '(£4.45/100g)', 'waitrose_new_flag': None, 'waitrose_prod_name': 'Beco Spring Meadow Shampoo Bar 90g', 'images': []}
DEBUG: Scraped from <200 https://www.waitrose.com/ecom/shop/browse/groceries/toiletries_health_and_beauty/hair_care/shampoo>
{'client': 'Waitrose', 'time': datetime.datetime(2020, 9, 7, 10, 38, 32, 405943), 'category': 'Shampoo', 'id': 'tPp752186-631541-631542', 'prod_name': 'Ogx Coconut OIl Shampoo', 'waitrose_Qty': '385ml', 'waitrose_discounted_price': '£7.00', 'waitrose_offer_desc': None, 'waitrose_url': 'https://www.waitrose.com/ecom/shop/browse/groceries/toiletries_health_and_beauty/hair_care/shampoo', 'waitrose_rating': None, 'waitrose_unit_price': '(£1.82/100ml)', 'waitrose_new_flag': None, 'waitrose_prod_name': 'Ogx Coconut OIl Shampoo 385ml', 'images': []}
DEBUG: Scraped from <200 https://www.waitrose.com/ecom/shop/browse/groceries/toiletries_health_and_beauty/hair_care/shampoo>
{'client': 'Waitrose', 'time': datetime.datetime(2020, 9, 7, 10, 38, 32, 405943), 'category': 'Shampoo', 'id': 'tPp480728-631267-631268', 'prod_name': 'Ogx Orchid Oil Shampoo', 'waitrose_Qty': '385ml', 'waitrose_discounted_price': '£7.00', 'waitrose_offer_desc': None, 'waitrose_url': 'https://www.waitrose.com/ecom/shop/browse/groceries/toiletries_health_and_beauty/hair_care/shampoo', 'waitrose_rating': '5', 'waitrose_unit_price': '(£1.82/100ml)', 'waitrose_new_flag': None, 'waitrose_prod_name': 'Ogx Orchid Oil Shampoo 385ml', 'images': []}
DEBUG: Scraped from <200 https://www.waitrose.com/ecom/shop/browse/groceries/toiletries_health_and_beauty/hair_care/shampoo>
{'client': 'Waitrose', 'time': datetime.datetime(2020, 9, 7, 10, 38, 32, 405943), 'category': 'Shampoo', 'id': 'tPp426973-298983-298984', 'prod_name': 'Head & Shoulders 2in1 Apple Fresh', 'waitrose_Qty': '450ml', 'waitrose_discounted_price': '£5.00', 'waitrose_offer_desc': None, 'waitrose_url': 'https://www.waitrose.com/ecom/shop/browse/groceries/toiletries_health_and_beauty/hair_care/shampoo', 'waitrose_rating': None, 'waitrose_unit_price': '(£1.12/100ml)', 'waitrose_new_flag': None, 'waitrose_prod_name': 'Head & Shoulders 2in1 Apple Fresh 450ml', 'images': []}
DEBUG: Scraped from <200 https://www.waitrose.com/ecom/shop/browse/groceries/toiletries_health_and_beauty/hair_care/shampoo>
{'client': 'Waitrose', 'time': datetime.datetime(2020, 9, 7, 10, 38, 32, 405943), 'category': 'Shampoo', 'id': 'tPp886458-216893-216894', 'prod_name': 'Ogx Brazilian Keratin Shampoo', 'waitrose_Qty': '385ml', 'waitrose_discounted_price': '£7.00', 'waitrose_offer_desc': None, 'waitrose_url': 'https://www.waitrose.com/ecom/shop/browse/groceries/toiletries_health_and_beauty/hair_care/shampoo', 'waitrose_rating': '5', 'waitrose_unit_price': '(£1.82/100ml)', 'waitrose_new_flag': None, 'waitrose_prod_name': 'Ogx Brazilian Keratin Shampoo 385ml', 'images': []}
DEBUG: Scraped from <200 https://www.waitrose.com/ecom/shop/browse/groceries/toiletries_health_and_beauty/hair_care/shampoo>
{'client': 'Waitrose', 'time': datetime.datetime(2020, 9, 7, 10, 38, 32, 405943), 'category': 'Shampoo', 'id': 'tPp480888-154495-154496', 'prod_name': 'Head & Shoulders Smooth Shampoo', 'waitrose_Qty': '500ml', 'waitrose_discounted_price': '£5.15', 'waitrose_offer_desc': None, 'waitrose_url': 'https://www.waitrose.com/ecom/shop/browse/groceries/toiletries_health_and_beauty/hair_care/shampoo', 'waitrose_rating': None, 'waitrose_unit_price': '(£1.03/100ml)', 'waitrose_new_flag': None, 'waitrose_prod_name': 'Head & Shoulders Smooth Shampoo 500ml', 'images': []}
DEBUG: Scraped from <200 https://www.waitrose.com/ecom/shop/browse/groceries/toiletries_health_and_beauty/hair_care/shampoo>
{'client': 'Waitrose', 'time': datetime.datetime(2020, 9, 7, 10, 38, 32, 405943), 'category': 'Shampoo', 'id': 'tPp888765-695909-695910', 'prod_name': 'Umberto Giannini Curl Jelly Wash', 'waitrose_Qty': '250ml', 'waitrose_discounted_price': '£8.00', 'waitrose_offer_desc': 'Mix & Match Add 3 for 2 Cheapest Item Free', 'waitrose_url': 'https://www.waitrose.com/ecom/shop/browse/groceries/toiletries_health_and_beauty/hair_care/shampoo', 'waitrose_rating': '2.5', 'waitrose_unit_price': '(£3.20/100ml)', 'waitrose_new_flag': None, 'waitrose_prod_name': 'Umberto Giannini Curl Jelly Wash 250ml', 'images': []}
DEBUG: Scraped from <200 https://www.waitrose.com/ecom/shop/browse/groceries/toiletries_health_and_beauty/hair_care/shampoo>
{'client': 'Waitrose', 'time': datetime.datetime(2020, 9, 7, 10, 38, 32, 405943), 'category': 'Shampoo', 'id': 'tPp829437-695831-695832', 'prod_name': 'Umberto Giannini Grow Long Shampoo', 'waitrose_Qty': '250ml', 'waitrose_discounted_price': '£8.00', 'waitrose_offer_desc': 'Mix & Match Add 3 for 2 Cheapest Item Free', 'waitrose_url': 'https://www.waitrose.com/ecom/shop/browse/groceries/toiletries_health_and_beauty/hair_care/shampoo', 'waitrose_rating': '5', 'waitrose_unit_price': '(£3.20/100ml)', 'waitrose_new_flag': None, 'waitrose_prod_name': 'Umberto Giannini Grow Long Shampoo 250ml', 'images': []}
DEBUG: Scraped from <200 https://www.waitrose.com/ecom/shop/browse/groceries/toiletries_health_and_beauty/hair_care/shampoo>
{'client': 'Waitrose', 'time': datetime.datetime(2020, 9, 7, 10, 38, 32, 405943), 'category': 'Shampoo', 'id': 'tPp603087-695555-695556', 'prod_name': 'Noughty Colour Bomb Shampoo', 'waitrose_Qty': '250ml', 'waitrose_discounted_price': '£4.66', 'waitrose_offer_desc': 'Save 1/3.', 'waitrose_url': 'https://www.waitrose.com/ecom/shop/browse/groceries/toiletries_health_and_beauty/hair_care/shampoo', 'waitrose_rating': '3', 'waitrose_unit_price': '(£1.87/100ml)', 'waitrose_new_flag': None, 'waitrose_prod_name': 'Noughty Colour Bomb Shampoo 250ml', 'images': []}
DEBUG: Scraped from <200 https://www.waitrose.com/ecom/shop/browse/groceries/toiletries_health_and_beauty/hair_care/shampoo>
{'client': 'Waitrose', 'time': datetime.datetime(2020, 9, 7, 10, 38, 32, 405943), 'category': 'Shampoo', 'id': 'tPp810302-683828-683829', 'prod_name': 'Herbal Essences Deep Repair Shampoo', 'waitrose_Qty': '400ml', 'waitrose_discounted_price': '£4.50', 'waitrose_offer_desc': None, 'waitrose_url': 'https://www.waitrose.com/ecom/shop/browse/groceries/toiletries_health_and_beauty/hair_care/shampoo', 'waitrose_rating': None, 'waitrose_unit_price': '(£1.13/100ml)', 'waitrose_new_flag': None, 'waitrose_prod_name': 'Herbal Essences Deep Repair Shampoo 400ml', 'images': []}
DEBUG: Scraped from <200 https://www.waitrose.com/ecom/shop/browse/groceries/toiletries_health_and_beauty/hair_care/shampoo>
{'client': 'Waitrose', 'time': datetime.datetime(2020, 9, 7, 10, 38, 32, 405943), 'category': 'Shampoo', 'id': 'tPp803275-329016-329017', 'prod_name': 'AOrganic Peppermint Shampoo', 'waitrose_Qty': '325ml', 'waitrose_discounted_price': '£7.00', 'waitrose_offer_desc': None, 'waitrose_url': 'https://www.waitrose.com/ecom/shop/browse/groceries/toiletries_health_and_beauty/hair_care/shampoo', 'waitrose_rating': None, 'waitrose_unit_price': '(£2.16/100ml)', 'waitrose_new_flag': None, 'waitrose_prod_name': 'AOrganic Peppermint Shampoo 325ml', 'images': []}
DEBUG: Scraped from <200 https://www.waitrose.com/ecom/shop/browse/groceries/toiletries_health_and_beauty/hair_care/shampoo>
{'client': 'Waitrose', 'time': datetime.datetime(2020, 9, 7, 10, 38, 32, 405943), 'category': 'Shampoo', 'id': 'tPp861587-154949-154950', 'prod_name': 'Batiste dark & deep brown dry shampoo', 'waitrose_Qty': '200ml', 'waitrose_discounted_price': '£4.00', 'waitrose_offer_desc': None, 'waitrose_url': 'https://www.waitrose.com/ecom/shop/browse/groceries/toiletries_health_and_beauty/hair_care/shampoo', 'waitrose_rating': None, 'waitrose_unit_price': '(£2/100ml)', 'waitrose_new_flag': None, 'waitrose_prod_name': 'Batiste dark & deep brown dry shampoo 200ml', 'images': []}
DEBUG: Scraped from <200 https://www.waitrose.com/ecom/shop/browse/groceries/toiletries_health_and_beauty/hair_care/shampoo>
{'client': 'Waitrose', 'time': datetime.datetime(2020, 9, 7, 10, 38, 32, 405943), 'category': 'Shampoo', 'id': 'tPp627460-154629-154630', 'prod_name': 'Aussie mega shampoo', 'waitrose_Qty': '500ml', 'waitrose_discounted_price': '£6.15', 'waitrose_offer_desc': None, 'waitrose_url': 'https://www.waitrose.com/ecom/shop/browse/groceries/toiletries_health_and_beauty/hair_care/shampoo', 'waitrose_rating': '3.8', 'waitrose_unit_price': '(£1.23/100ml)', 'waitrose_new_flag': None, 'waitrose_prod_name': 'Aussie mega shampoo 500ml', 'images': []}
DEBUG: Scraped from <200 https://www.waitrose.com/ecom/shop/browse/groceries/toiletries_health_and_beauty/hair_care/shampoo>
{'client': 'Waitrose', 'time': datetime.datetime(2020, 9, 7, 10, 38, 32, 405943), 'category': 'Shampoo', 'id': 'tPp581644-729702-729703', 'prod_name': 'Percy & Reed Hydrating Shampoo', 'waitrose_Qty': '250ml', 'waitrose_discounted_price': '£18.00', 'waitrose_offer_desc': None, 'waitrose_url': 'https://www.waitrose.com/ecom/shop/browse/groceries/toiletries_health_and_beauty/hair_care/shampoo', 'waitrose_rating': None, 'waitrose_unit_price': '(£7.20/100ml)', 'waitrose_new_flag': None, 'waitrose_prod_name': 'Percy & Reed Hydrating Shampoo 250ml', 'images': []}
DEBUG: Scraped from <200 https://www.waitrose.com/ecom/shop/browse/groceries/toiletries_health_and_beauty/hair_care/shampoo>
{'client': 'Waitrose', 'time': datetime.datetime(2020, 9, 7, 10, 38, 32, 405943), 'category': 'Shampoo', 'id': 'tPp492090-729670-729671', 'prod_name': 'Percy & Reed Volumising Shampoo', 'waitrose_Qty': '250ml', 'waitrose_discounted_price': '£18.00', 'waitrose_offer_desc': None, 'waitrose_url': 'https://www.waitrose.com/ecom/shop/browse/groceries/toiletries_health_and_beauty/hair_care/shampoo', 'waitrose_rating': None, 'waitrose_unit_price': '(£7.20/100ml)', 'waitrose_new_flag': None, 'waitrose_prod_name': 'Percy & Reed Volumising Shampoo 250ml', 'images': []}
DEBUG: Scraped from <200 https://www.waitrose.com/ecom/shop/browse/groceries/toiletries_health_and_beauty/hair_care/shampoo>
{'client': 'Waitrose', 'time': datetime.datetime(2020, 9, 7, 10, 38, 32, 405943), 'category': 'Shampoo', 'id': 'tPp405353-729640-729641', 'prod_name': 'Percy & Reed No-Fuss Dry Shampoo', 'waitrose_Qty': '200ml', 'waitrose_discounted_price': '£15.00', 'waitrose_offer_desc': None, 'waitrose_url': 'https://www.waitrose.com/ecom/shop/browse/groceries/toiletries_health_and_beauty/hair_care/shampoo', 'waitrose_rating': '3.8', 'waitrose_unit_price': '(£7.50/100ml)', 'waitrose_new_flag': None, 'waitrose_prod_name': 'Percy & Reed No-Fuss Dry Shampoo 200ml', 'images': []}
DEBUG: Scraped from <200 https://www.waitrose.com/ecom/shop/browse/groceries/toiletries_health_and_beauty/hair_care/shampoo>
{'client': 'Waitrose', 'time': datetime.datetime(2020, 9, 7, 10, 38, 32, 405943), 'category': 'Shampoo', 'id': 'tPp867514-720387-720388', 'prod_name': 'Head & Shoulders Coconut Shampoo', 'waitrose_Qty': '500ml', 'waitrose_discounted_price': '£5.00', 'waitrose_offer_desc': None, 'waitrose_url': 'https://www.waitrose.com/ecom/shop/browse/groceries/toiletries_health_and_beauty/hair_care/shampoo', 'waitrose_rating': None, 'waitrose_unit_price': '(£1/100ml)', 'waitrose_new_flag': None, 'waitrose_prod_name': 'Head & Shoulders Coconut Shampoo 500ml', 'images': []}
DEBUG: Scraped from <200 https://www.waitrose.com/ecom/shop/browse/groceries/toiletries_health_and_beauty/hair_care/shampoo>
{'client': 'Waitrose', 'time': datetime.datetime(2020, 9, 7, 10, 38, 32, 405943), 'category': 'Shampoo', 'id': 'tPp407272-440973-440974', 'prod_name': 'Richard Ward Chelsea Cleanse & Condition', 'waitrose_Qty': '250ml', 'waitrose_discounted_price': '£6.00', 'waitrose_offer_desc': None, 'waitrose_url': 'https://www.waitrose.com/ecom/shop/browse/groceries/toiletries_health_and_beauty/hair_care/shampoo', 'waitrose_rating': '3.9', 'waitrose_unit_price': '(£2.40/100ml)', 'waitrose_new_flag': None, 'waitrose_prod_name': 'Richard Ward Chelsea Cleanse & Condition 250ml', 'images': []}
DEBUG: Scraped from <200 https://www.waitrose.com/ecom/shop/browse/groceries/toiletries_health_and_beauty/hair_care/shampoo>
{'client': 'Waitrose', 'time': datetime.datetime(2020, 9, 7, 10, 38, 32, 405943), 'category': 'Shampoo', 'id': 'tPp889100-330444-330445', 'prod_name': 'AOrganic Rosemary Shampoo', 'waitrose_Qty': '325ml', 'waitrose_discounted_price': '£7.00', 'waitrose_offer_desc': None, 'waitrose_url': 'https://www.waitrose.com/ecom/shop/browse/groceries/toiletries_health_and_beauty/hair_care/shampoo', 'waitrose_rating': '2.5', 'waitrose_unit_price': '(£2.16/100ml)', 'waitrose_new_flag': None, 'waitrose_prod_name': 'AOrganic Rosemary Shampoo 325ml', 'images': []}
DEBUG: Scraped from <200 https://www.waitrose.com/ecom/shop/browse/groceries/toiletries_health_and_beauty/hair_care/shampoo>
{'client': 'Waitrose', 'time': datetime.datetime(2020, 9, 7, 10, 38, 32, 405943), 'category': 'Shampoo', 'id': 'tPp698673-735854-735855', 'prod_name': 'Pantene Pro V Rose Water Shampoo', 'waitrose_Qty': '225ml', 'waitrose_discounted_price': '£3.75', 'waitrose_offer_desc': None, 'waitrose_url': 'https://www.waitrose.com/ecom/shop/browse/groceries/toiletries_health_and_beauty/hair_care/shampoo', 'waitrose_rating': None, 'waitrose_unit_price': '(£1.67/100ml)', 'waitrose_new_flag': 'NEW', 'waitrose_prod_name': 'Pantene Pro V Rose Water Shampoo 225ml', 'images': []}
DEBUG: Scraped from <200 https://www.waitrose.com/ecom/shop/browse/groceries/toiletries_health_and_beauty/hair_care/shampoo>
{'client': 'Waitrose', 'time': datetime.datetime(2020, 9, 7, 10, 38, 32, 405943), 'category': 'Shampoo', 'id': 'tPp567431-729696-729697', 'prod_name': 'Batiste Dry Shampoo for Blondes', 'waitrose_Qty': '200ml', 'waitrose_discounted_price': '£4.00', 'waitrose_offer_desc': None, 'waitrose_url': 'https://www.waitrose.com/ecom/shop/browse/groceries/toiletries_health_and_beauty/hair_care/shampoo', 'waitrose_rating': None, 'waitrose_unit_price': '(£2/100ml)', 'waitrose_new_flag': None, 'waitrose_prod_name': 'Batiste Dry Shampoo for Blondes 200ml', 'images': []}
DEBUG: Scraped from <200 https://www.waitrose.com/ecom/shop/browse/groceries/toiletries_health_and_beauty/hair_care/shampoo>
{'client': 'Waitrose', 'time': datetime.datetime(2020, 9, 7, 10, 38, 32, 405943), 'category': 'Shampoo', 'id': 'tPp567481-719558-719559', 'prod_name': 'Fit Kit Gentle Shampoo &Conditioner', 'waitrose_Qty': '200ml', 'waitrose_discounted_price': '£4.00', 'waitrose_offer_desc': None, 'waitrose_url': 'https://www.waitrose.com/ecom/shop/browse/groceries/toiletries_health_and_beauty/hair_care/shampoo', 'waitrose_rating': '5', 'waitrose_unit_price': '(£2/100ml)', 'waitrose_new_flag': None, 'waitrose_prod_name': 'Fit Kit Gentle Shampoo &Conditioner 200ml', 'images': []}
DEBUG: Scraped from <200 https://www.waitrose.com/ecom/shop/browse/groceries/toiletries_health_and_beauty/hair_care/shampoo>
{'client': 'Waitrose', 'time': datetime.datetime(2020, 9, 7, 10, 38, 32, 405943), 'category': 'Shampoo', 'id': 'tPp584599-695531-695532', 'prod_name': 'Batiste Dry Shampoo Volume', 'waitrose_Qty': '200ml', 'waitrose_discounted_price': '£4.25', 'waitrose_offer_desc': None, 'waitrose_url': 'https://www.waitrose.com/ecom/shop/browse/groceries/toiletries_health_and_beauty/hair_care/shampoo', 'waitrose_rating': None, 'waitrose_unit_price': '(£2.13/100ml)', 'waitrose_new_flag': None, 'waitrose_prod_name': 'Batiste Dry Shampoo Volume 200ml', 'images': []}
DEBUG: Scraped from <200 https://www.waitrose.com/ecom/shop/browse/groceries/toiletries_health_and_beauty/hair_care/shampoo>
{'client': 'Waitrose', 'time': datetime.datetime(2020, 9, 7, 10, 38, 32, 405943), 'category': 'Shampoo', 'id': 'tPp809690-337194-337195', 'prod_name': 'Head & Shoulders 2in1 Itchy Scalp', 'waitrose_Qty': '450ml', 'waitrose_discounted_price': '£5.15', 'waitrose_offer_desc': None, 'waitrose_url': 'https://www.waitrose.com/ecom/shop/browse/groceries/toiletries_health_and_beauty/hair_care/shampoo', 'waitrose_rating': '5', 'waitrose_unit_price': '(£1.15/100ml)', 'waitrose_new_flag': None, 'waitrose_prod_name': 'Head & Shoulders 2in1 Itchy Scalp 450ml', 'images': []}
DEBUG: Scraped from <200 https://www.waitrose.com/ecom/shop/browse/groceries/toiletries_health_and_beauty/hair_care/shampoo>
{'client': 'Waitrose', 'time': datetime.datetime(2020, 9, 7, 10, 38, 32, 405943), 'category': 'Shampoo', 'id': 'tPp834106-299691-299692', 'prod_name': 'Head & Shoulders 2in1 smooth & silky', 'waitrose_Qty': '450ml', 'waitrose_discounted_price': '£5.00', 'waitrose_offer_desc': None, 'waitrose_url': 'https://www.waitrose.com/ecom/shop/browse/groceries/toiletries_health_and_beauty/hair_care/shampoo', 'waitrose_rating': None, 'waitrose_unit_price': '(£1.12/100ml)', 'waitrose_new_flag': None, 'waitrose_prod_name': 'Head & Shoulders 2in1 smooth & silky 450ml', 'images': []}
DEBUG: Scraped from <200 https://www.waitrose.com/ecom/shop/browse/groceries/toiletries_health_and_beauty/hair_care/shampoo>
{'client': 'Waitrose', 'time': datetime.datetime(2020, 9, 7, 10, 38, 32, 405943), 'category': 'Shampoo', 'id': 'tPp836383-271490-271491', 'prod_name': 'Head & Shoulders 2in1 citrus care', 'waitrose_Qty': '450ml', 'waitrose_discounted_price': '£5.15', 'waitrose_offer_desc': None, 'waitrose_url': 'https://www.waitrose.com/ecom/shop/browse/groceries/toiletries_health_and_beauty/hair_care/shampoo', 'waitrose_rating': None, 'waitrose_unit_price': '(£1.15/100ml)', 'waitrose_new_flag': None, 'waitrose_prod_name': 'Head & Shoulders 2in1 citrus care 450ml', 'images': []}
DEBUG: Scraped from <200 https://www.waitrose.com/ecom/shop/browse/groceries/toiletries_health_and_beauty/hair_care/shampoo>
{'client': 'Waitrose', 'time': datetime.datetime(2020, 9, 7, 10, 38, 32, 405943), 'category': 'Shampoo', 'id': 'tPp694392-98595-98596', 'prod_name': 'Head & Shoulders Shampoo Cool Menthol', 'waitrose_Qty': '500ml', 'waitrose_discounted_price': '£5.15', 'waitrose_offer_desc': None, 'waitrose_url': 'https://www.waitrose.com/ecom/shop/browse/groceries/toiletries_health_and_beauty/hair_care/shampoo', 'waitrose_rating': None, 'waitrose_unit_price': '(£1.03/100ml)', 'waitrose_new_flag': None, 'waitrose_prod_name': 'Head & Shoulders Shampoo Cool Menthol 500ml', 'images': []}
DEBUG: Scraped from <200 https://www.waitrose.com/ecom/shop/browse/groceries/toiletries_health_and_beauty/hair_care/shampoo>
{'client': 'Waitrose', 'time': datetime.datetime(2020, 9, 7, 10, 38, 32, 405943), 'category': 'Shampoo', 'id': 'tPp714629-729752-729753', 'prod_name': 'OGX Keratin Oil Shampoo', 'waitrose_Qty': '385ml', 'waitrose_discounted_price': '£7.00', 'waitrose_offer_desc': None, 'waitrose_url': 'https://www.waitrose.com/ecom/shop/browse/groceries/toiletries_health_and_beauty/hair_care/shampoo', 'waitrose_rating': None, 'waitrose_unit_price': '(£1.82/100ml)', 'waitrose_new_flag': None, 'waitrose_prod_name': 'OGX Keratin Oil Shampoo 385ml', 'images': []}
DEBUG: Scraped from <200 https://www.waitrose.com/ecom/shop/browse/groceries/toiletries_health_and_beauty/hair_care/shampoo>
{'client': 'Waitrose', 'time': datetime.datetime(2020, 9, 7, 10, 38, 32, 405943), 'category': 'Shampoo', 'id': 'tPp855732-695986-695987', 'prod_name': 'Hair Biology De-Frizz Shampoo', 'waitrose_Qty': '250ml', 'waitrose_discounted_price': '£4.50', 'waitrose_offer_desc': None, 'waitrose_url': 'https://www.waitrose.com/ecom/shop/browse/groceries/toiletries_health_and_beauty/hair_care/shampoo', 'waitrose_rating': None, 'waitrose_unit_price': '(£1.80/100ml)', 'waitrose_new_flag': None, 'waitrose_prod_name': 'Hair Biology De-Frizz Shampoo 250ml', 'images': []}
DEBUG: Scraped from <200 https://www.waitrose.com/ecom/shop/browse/groceries/toiletries_health_and_beauty/hair_care/shampoo>
{'client': 'Waitrose', 'time': datetime.datetime(2020, 9, 7, 10, 38, 32, 405943), 'category': 'Shampoo', 'id': 'tPp567427-683666-683667', 'prod_name': 'Ogx Charcoal Detox Shampoo', 'waitrose_Qty': '385ml', 'waitrose_discounted_price': '£7.00', 'waitrose_offer_desc': None, 'waitrose_url': 'https://www.waitrose.com/ecom/shop/browse/groceries/toiletries_health_and_beauty/hair_care/shampoo', 'waitrose_rating': None, 'waitrose_unit_price': '(£1.82/100ml)', 'waitrose_new_flag': None, 'waitrose_prod_name': 'Ogx Charcoal Detox Shampoo 385ml', 'images': []}
DEBUG: Scraped from <200 https://www.waitrose.com/ecom/shop/browse/groceries/toiletries_health_and_beauty/hair_care/shampoo>
{'client': 'Waitrose', 'time': datetime.datetime(2020, 9, 7, 10, 38, 32, 405943), 'category': 'Shampoo', 'id': 'tPp721134-337091-337092', 'prod_name': 'Aussie miracle shine shampoo', 'waitrose_Qty': '500ml', 'waitrose_discounted_price': '£6.00', 'waitrose_offer_desc': None, 'waitrose_url': 'https://www.waitrose.com/ecom/shop/browse/groceries/toiletries_health_and_beauty/hair_care/shampoo', 'waitrose_rating': None, 'waitrose_unit_price': '(£1.20/100ml)', 'waitrose_new_flag': None, 'waitrose_prod_name': 'Aussie miracle shine shampoo 500ml', 'images': []}
DEBUG: Scraped from <200 https://www.waitrose.com/ecom/shop/browse/groceries/toiletries_health_and_beauty/hair_care/shampoo>
{'client': 'Waitrose', 'time': datetime.datetime(2020, 9, 7, 10, 38, 32, 405943), 'category': 'Shampoo', 'id': 'tPp863078-695988-695989', 'prod_name': 'Pantene Hair Biology Full & Vibrant', 'waitrose_Qty': '250ml', 'waitrose_discounted_price': '£4.50', 'waitrose_offer_desc': None, 'waitrose_url': 'https://www.waitrose.com/ecom/shop/browse/groceries/toiletries_health_and_beauty/hair_care/shampoo', 'waitrose_rating': None, 'waitrose_unit_price': '(£1.80/100ml)', 'waitrose_new_flag': None, 'waitrose_prod_name': 'Pantene Hair Biology Full & Vibrant 250ml', 'images': []}
DEBUG: Scraped from <200 https://www.waitrose.com/ecom/shop/browse/groceries/toiletries_health_and_beauty/hair_care/shampoo>
{'client': 'Waitrose', 'time': datetime.datetime(2020, 9, 7, 10, 38, 32, 405943), 'category': 'Shampoo', 'id': 'tPp734002-695705-695706', 'prod_name': 'Percy & Reed Wonder Wash Shampoo', 'waitrose_Qty': '250ml', 'waitrose_discounted_price': '£18.00', 'waitrose_offer_desc': None, 'waitrose_url': 'https://www.waitrose.com/ecom/shop/browse/groceries/toiletries_health_and_beauty/hair_care/shampoo', 'waitrose_rating': '4.1', 'waitrose_unit_price': '(£7.20/100ml)', 'waitrose_new_flag': None, 'waitrose_prod_name': 'Percy & Reed Wonder Wash Shampoo 250ml', 'images': []}
DEBUG: Scraped from <200 https://www.waitrose.com/ecom/shop/browse/groceries/toiletries_health_and_beauty/hair_care/shampoo>
{'client': 'Waitrose', 'time': datetime.datetime(2020, 9, 7, 10, 38, 32, 405943), 'category': 'Shampoo', 'id': 'tPp591666-681031-681032', 'prod_name': 'Pure Grace Shower Gel', 'waitrose_Qty': '480ml', 'waitrose_discounted_price': '£19.50', 'waitrose_offer_desc': None, 'waitrose_url': 'https://www.waitrose.com/ecom/shop/browse/groceries/toiletries_health_and_beauty/hair_care/shampoo', 'waitrose_rating': None, 'waitrose_unit_price': '(£4.07/100ml)', 'waitrose_new_flag': None, 'waitrose_prod_name': 'Pure Grace Shower Gel 480ml', 'images': []}
DEBUG: Scraped from <200 https://www.waitrose.com/ecom/shop/browse/groceries/toiletries_health_and_beauty/hair_care/shampoo>
{'client': 'Waitrose', 'time': datetime.datetime(2020, 9, 7, 10, 38, 32, 405943), 'category': 'Shampoo', 'id': 'tPp401660-588303-588304', 'prod_name': 'Richard Ward Brunette Shampoo', 'waitrose_Qty': '250ml', 'waitrose_discounted_price': '£6.00', 'waitrose_offer_desc': None, 'waitrose_url': 'https://www.waitrose.com/ecom/shop/browse/groceries/toiletries_health_and_beauty/hair_care/shampoo', 'waitrose_rating': '5', 'waitrose_unit_price': '(£2.40/100ml)', 'waitrose_new_flag': None, 'waitrose_prod_name': 'Richard Ward Brunette Shampoo 250ml', 'images': []}
INFO: Closing spider (finished)
INFO: Stored json feed (141 items) in: waitrose_090720.json
INFO: Dumping Scrapy stats:
{'downloader/request_bytes': 2588,
 'downloader/request_count': 1,
 'downloader/request_method_count/POST': 1,
 'downloader/response_bytes': 1673187,
 'downloader/response_count': 1,
 'downloader/response_status_count/200': 1,
 'finish_reason': 'finished',
 'finish_time': datetime.datetime(2020, 9, 7, 5, 10, 3, 935851),
 'item_scraped_count': 141,
 'log_count/DEBUG': 142,
 'log_count/INFO': 11,
 'log_count/WARNING': 1,
 'response_received_count': 1,
 'scheduler/dequeued': 2,
 'scheduler/dequeued/memory': 2,
 'scheduler/enqueued': 2,
 'scheduler/enqueued/memory': 2,
 'splash/execute/request_count': 1,
 'splash/execute/response_count/200': 1,
 'start_time': datetime.datetime(2020, 9, 7, 5, 8, 32, 774938)}
INFO: Spider closed (finished)
INFO: Scrapy 1.6.0 started (bot: waitrose)
INFO: Versions: lxml 4.5.1.0, libxml2 2.9.10, cssselect 1.1.0, parsel 1.6.0, w3lib 1.22.0, Twisted 20.3.0, Python 3.7.7 (default, May  6 2020, 11:45:54) [MSC v.1916 64 bit (AMD64)], pyOpenSSL 19.1.0 (OpenSSL 1.1.1g  21 Apr 2020), cryptography 2.9.2, Platform Windows-10-10.0.18362-SP0
INFO: Overridden settings: {'BOT_NAME': 'waitrose', 'DOWNLOAD_TIMEOUT': 1200, 'DUPEFILTER_CLASS': 'scrapy_splash.SplashAwareDupeFilter', 'FEED_EXPORT_ENCODING': 'utf-8', 'FEED_FORMAT': 'json', 'FEED_URI': 'waitrose_090920.json', 'NEWSPIDER_MODULE': 'waitrose.spiders', 'SPIDER_MODULES': ['waitrose.spiders']}
INFO: Telnet Password: f09e8d4afeac595d
INFO: Enabled extensions:
['scrapy.extensions.corestats.CoreStats',
 'scrapy.extensions.telnet.TelnetConsole',
 'scrapy.extensions.feedexport.FeedExporter',
 'scrapy.extensions.logstats.LogStats']
INFO: Enabled downloader middlewares:
['scrapy.downloadermiddlewares.httpauth.HttpAuthMiddleware',
 'scrapy.downloadermiddlewares.downloadtimeout.DownloadTimeoutMiddleware',
 'scrapy.downloadermiddlewares.defaultheaders.DefaultHeadersMiddleware',
 'scrapy.downloadermiddlewares.useragent.UserAgentMiddleware',
 'scrapy.downloadermiddlewares.retry.RetryMiddleware',
 'scrapy.downloadermiddlewares.redirect.MetaRefreshMiddleware',
 'scrapy.downloadermiddlewares.redirect.RedirectMiddleware',
 'scrapy.downloadermiddlewares.cookies.CookiesMiddleware',
 'scrapy_splash.SplashCookiesMiddleware',
 'scrapy_splash.SplashMiddleware',
 'scrapy.downloadermiddlewares.httpproxy.HttpProxyMiddleware',
 'scrapy.downloadermiddlewares.httpcompression.HttpCompressionMiddleware',
 'scrapy.downloadermiddlewares.stats.DownloaderStats']
INFO: Enabled spider middlewares:
['scrapy.spidermiddlewares.httperror.HttpErrorMiddleware',
 'scrapy_splash.SplashDeduplicateArgsMiddleware',
 'scrapy.spidermiddlewares.offsite.OffsiteMiddleware',
 'scrapy.spidermiddlewares.referer.RefererMiddleware',
 'scrapy.spidermiddlewares.urllength.UrlLengthMiddleware',
 'scrapy.spidermiddlewares.depth.DepthMiddleware']
INFO: Enabled item pipelines:
['waitrose.pipelines.ImageDownloaderPipeline',
 'waitrose.pipelines.SQLlitePipeline']
INFO: Spider opened
INFO: Crawled 0 pages (at 0 pages/min), scraped 0 items (at 0 items/min)
WARNING: C:\Users\sujithk\AppData\Local\Continuum\anaconda3\envs\Virtual_Env\lib\site-packages\scrapy\spidermiddlewares\offsite.py:61: URLWarning: allowed_domains accepts only domains, not URLs. Ignoring URL entry https://www.waitrose.com/ in allowed_domains.
  warnings.warn(message, URLWarning)

INFO: Telnet console listening on 127.0.0.1:6025
DEBUG: Retrying <GET https://www.waitrose.com/ecom/shop/browse/groceries/toiletries_health_and_beauty/hair_care/shampoo via http://192.168.1.8:8050/execute> (failed 1 times): TCP connection timed out: 10060: A connection attempt failed because the connected party did not properly respond after a period of time, or established connection failed because connected host has failed to respond..
DEBUG: Retrying <GET https://www.waitrose.com/ecom/shop/browse/groceries/toiletries_health_and_beauty/hair_care/shampoo via http://192.168.1.8:8050/execute> (failed 2 times): TCP connection timed out: 10060: A connection attempt failed because the connected party did not properly respond after a period of time, or established connection failed because connected host has failed to respond..
INFO: Crawled 0 pages (at 0 pages/min), scraped 0 items (at 0 items/min)
DEBUG: Gave up retrying <GET https://www.waitrose.com/ecom/shop/browse/groceries/toiletries_health_and_beauty/hair_care/shampoo via http://192.168.1.8:8050/execute> (failed 3 times): TCP connection timed out: 10060: A connection attempt failed because the connected party did not properly respond after a period of time, or established connection failed because connected host has failed to respond..
ERROR: Error downloading <GET https://www.waitrose.com/ecom/shop/browse/groceries/toiletries_health_and_beauty/hair_care/shampoo via http://192.168.1.8:8050/execute>
Traceback (most recent call last):
  File "C:\Users\sujithk\AppData\Local\Continuum\anaconda3\envs\Virtual_Env\lib\site-packages\scrapy\core\downloader\middleware.py", line 43, in process_request
    defer.returnValue((yield download_func(request=request,spider=spider)))
twisted.internet.error.TCPTimedOutError: TCP connection timed out: 10060: A connection attempt failed because the connected party did not properly respond after a period of time, or established connection failed because connected host has failed to respond..
INFO: Closing spider (finished)
INFO: Dumping Scrapy stats:
{'downloader/exception_count': 3,
 'downloader/exception_type_count/twisted.internet.error.TCPTimedOutError': 3,
 'downloader/request_bytes': 7764,
 'downloader/request_count': 3,
 'downloader/request_method_count/POST': 3,
 'finish_reason': 'finished',
 'finish_time': datetime.datetime(2020, 9, 9, 19, 13, 21, 658122),
 'log_count/DEBUG': 3,
 'log_count/ERROR': 1,
 'log_count/INFO': 10,
 'log_count/WARNING': 1,
 'retry/count': 2,
 'retry/max_reached': 1,
 'retry/reason_count/twisted.internet.error.TCPTimedOutError': 2,
 'scheduler/dequeued': 4,
 'scheduler/dequeued/memory': 4,
 'scheduler/enqueued': 4,
 'scheduler/enqueued/memory': 4,
 'splash/execute/request_count': 1,
 'start_time': datetime.datetime(2020, 9, 9, 19, 12, 18, 25223)}
INFO: Spider closed (finished)
INFO: Scrapy 1.6.0 started (bot: waitrose)
INFO: Versions: lxml 4.5.1.0, libxml2 2.9.10, cssselect 1.1.0, parsel 1.6.0, w3lib 1.22.0, Twisted 20.3.0, Python 3.7.7 (default, May  6 2020, 11:45:54) [MSC v.1916 64 bit (AMD64)], pyOpenSSL 19.1.0 (OpenSSL 1.1.1g  21 Apr 2020), cryptography 2.9.2, Platform Windows-10-10.0.18362-SP0
INFO: Overridden settings: {'BOT_NAME': 'waitrose', 'DOWNLOAD_TIMEOUT': 1200, 'DUPEFILTER_CLASS': 'scrapy_splash.SplashAwareDupeFilter', 'FEED_EXPORT_ENCODING': 'utf-8', 'FEED_FORMAT': 'json', 'FEED_URI': 'waitrose_090920.json', 'NEWSPIDER_MODULE': 'waitrose.spiders', 'SPIDER_MODULES': ['waitrose.spiders']}
INFO: Telnet Password: 3b011f882d5c6b5a
INFO: Enabled extensions:
['scrapy.extensions.corestats.CoreStats',
 'scrapy.extensions.telnet.TelnetConsole',
 'scrapy.extensions.feedexport.FeedExporter',
 'scrapy.extensions.logstats.LogStats']
INFO: Enabled downloader middlewares:
['scrapy.downloadermiddlewares.httpauth.HttpAuthMiddleware',
 'scrapy.downloadermiddlewares.downloadtimeout.DownloadTimeoutMiddleware',
 'scrapy.downloadermiddlewares.defaultheaders.DefaultHeadersMiddleware',
 'scrapy.downloadermiddlewares.useragent.UserAgentMiddleware',
 'scrapy.downloadermiddlewares.retry.RetryMiddleware',
 'scrapy.downloadermiddlewares.redirect.MetaRefreshMiddleware',
 'scrapy.downloadermiddlewares.redirect.RedirectMiddleware',
 'scrapy.downloadermiddlewares.cookies.CookiesMiddleware',
 'scrapy_splash.SplashCookiesMiddleware',
 'scrapy_splash.SplashMiddleware',
 'scrapy.downloadermiddlewares.httpproxy.HttpProxyMiddleware',
 'scrapy.downloadermiddlewares.httpcompression.HttpCompressionMiddleware',
 'scrapy.downloadermiddlewares.stats.DownloaderStats']
INFO: Enabled spider middlewares:
['scrapy.spidermiddlewares.httperror.HttpErrorMiddleware',
 'scrapy_splash.SplashDeduplicateArgsMiddleware',
 'scrapy.spidermiddlewares.offsite.OffsiteMiddleware',
 'scrapy.spidermiddlewares.referer.RefererMiddleware',
 'scrapy.spidermiddlewares.urllength.UrlLengthMiddleware',
 'scrapy.spidermiddlewares.depth.DepthMiddleware']
INFO: Enabled item pipelines:
['waitrose.pipelines.ImageDownloaderPipeline',
 'waitrose.pipelines.SQLlitePipeline']
INFO: Spider opened
INFO: Crawled 0 pages (at 0 pages/min), scraped 0 items (at 0 items/min)
WARNING: C:\Users\sujithk\AppData\Local\Continuum\anaconda3\envs\Virtual_Env\lib\site-packages\scrapy\spidermiddlewares\offsite.py:61: URLWarning: allowed_domains accepts only domains, not URLs. Ignoring URL entry https://www.waitrose.com/ in allowed_domains.
  warnings.warn(message, URLWarning)

INFO: Telnet console listening on 127.0.0.1:6024
INFO: Crawled 0 pages (at 0 pages/min), scraped 0 items (at 0 items/min)
INFO: Crawled 0 pages (at 0 pages/min), scraped 0 items (at 0 items/min)
INFO: Crawled 0 pages (at 0 pages/min), scraped 0 items (at 0 items/min)
INFO: Crawled 0 pages (at 0 pages/min), scraped 0 items (at 0 items/min)
INFO: Crawled 0 pages (at 0 pages/min), scraped 0 items (at 0 items/min)
INFO: Crawled 0 pages (at 0 pages/min), scraped 0 items (at 0 items/min)
INFO: Crawled 0 pages (at 0 pages/min), scraped 0 items (at 0 items/min)
INFO: Crawled 0 pages (at 0 pages/min), scraped 0 items (at 0 items/min)
INFO: Crawled 0 pages (at 0 pages/min), scraped 0 items (at 0 items/min)
INFO: Crawled 0 pages (at 0 pages/min), scraped 0 items (at 0 items/min)
INFO: Crawled 0 pages (at 0 pages/min), scraped 0 items (at 0 items/min)
INFO: Crawled 0 pages (at 0 pages/min), scraped 0 items (at 0 items/min)
INFO: Crawled 0 pages (at 0 pages/min), scraped 0 items (at 0 items/min)
INFO: Crawled 0 pages (at 0 pages/min), scraped 0 items (at 0 items/min)
INFO: Crawled 0 pages (at 0 pages/min), scraped 0 items (at 0 items/min)
INFO: Crawled 0 pages (at 0 pages/min), scraped 0 items (at 0 items/min)
INFO: Crawled 0 pages (at 0 pages/min), scraped 0 items (at 0 items/min)
INFO: Crawled 0 pages (at 0 pages/min), scraped 0 items (at 0 items/min)
INFO: Crawled 0 pages (at 0 pages/min), scraped 0 items (at 0 items/min)
INFO: Crawled 0 pages (at 0 pages/min), scraped 0 items (at 0 items/min)
INFO: Crawled 0 pages (at 0 pages/min), scraped 0 items (at 0 items/min)
INFO: Crawled 0 pages (at 0 pages/min), scraped 0 items (at 0 items/min)
INFO: Crawled 0 pages (at 0 pages/min), scraped 0 items (at 0 items/min)
INFO: Crawled 0 pages (at 0 pages/min), scraped 0 items (at 0 items/min)
INFO: Crawled 0 pages (at 0 pages/min), scraped 0 items (at 0 items/min)
INFO: Crawled 0 pages (at 0 pages/min), scraped 0 items (at 0 items/min)
INFO: Crawled 0 pages (at 0 pages/min), scraped 0 items (at 0 items/min)
INFO: Crawled 0 pages (at 0 pages/min), scraped 0 items (at 0 items/min)
INFO: Crawled 0 pages (at 0 pages/min), scraped 0 items (at 0 items/min)
INFO: Crawled 0 pages (at 0 pages/min), scraped 0 items (at 0 items/min)
DEBUG: Retrying <GET https://www.waitrose.com/ecom/shop/browse/groceries/toiletries_health_and_beauty/hair_care/shampoo via http://192.168.1.6:8050/execute> (failed 1 times): 504 Gateway Time-out
INFO: Crawled 0 pages (at 0 pages/min), scraped 0 items (at 0 items/min)
DEBUG: Crawled (200) <GET https://www.waitrose.com/ecom/shop/browse/groceries/toiletries_health_and_beauty/hair_care/shampoo via http://192.168.1.6:8050/execute> (referer: None)
DEBUG: Scraped from <200 https://www.waitrose.com/ecom/shop/browse/groceries/toiletries_health_and_beauty/hair_care/shampoo>
{'client': 'Waitrose', 'time': datetime.datetime(2020, 9, 10, 0, 43, 46, 963376), 'category': 'Shampoo', 'id': 'tPp096508-49364-49365', 'prod_name': 'Aussie Miracle Moist Shampoo', 'waitrose_Qty': '300ml', 'waitrose_discounted_price': '£2.05', 'waitrose_offer_desc': 'Half Price.', 'waitrose_url': 'https://www.waitrose.com/ecom/shop/browse/groceries/toiletries_health_and_beauty/hair_care/shampoo', 'waitrose_rating': '3.7', 'waitrose_unit_price': '(68.3p/100ml)', 'waitrose_new_flag': None, 'waitrose_prod_name': 'Aussie Miracle Moist Shampoo 300ml', 'images': []}
DEBUG: Scraped from <200 https://www.waitrose.com/ecom/shop/browse/groceries/toiletries_health_and_beauty/hair_care/shampoo>
{'client': 'Waitrose', 'time': datetime.datetime(2020, 9, 10, 0, 43, 46, 963376), 'category': 'Shampoo', 'id': 'tPp059421-29947-29948', 'prod_name': 'Aussie Aussome Volume Shampoo', 'waitrose_Qty': '300ml', 'waitrose_discounted_price': '£2.00', 'waitrose_offer_desc': 'Half Price.', 'waitrose_url': 'https://www.waitrose.com/ecom/shop/browse/groceries/toiletries_health_and_beauty/hair_care/shampoo', 'waitrose_rating': '5', 'waitrose_unit_price': '(66.7p/100ml)', 'waitrose_new_flag': None, 'waitrose_prod_name': 'Aussie Aussome Volume Shampoo 300ml', 'images': []}
DEBUG: Scraped from <200 https://www.waitrose.com/ecom/shop/browse/groceries/toiletries_health_and_beauty/hair_care/shampoo>
{'client': 'Waitrose', 'time': datetime.datetime(2020, 9, 10, 0, 43, 46, 963376), 'category': 'Shampoo', 'id': 'tPp092708-47659-47660', 'prod_name': 'Vosene Original Shampoo', 'waitrose_Qty': '250ml', 'waitrose_discounted_price': '£1.36', 'waitrose_offer_desc': 'Save 1/3.', 'waitrose_url': 'https://www.waitrose.com/ecom/shop/browse/groceries/toiletries_health_and_beauty/hair_care/shampoo', 'waitrose_rating': '5', 'waitrose_unit_price': '(54.4p/100ml)', 'waitrose_new_flag': None, 'waitrose_prod_name': 'Vosene Original Shampoo 250ml', 'images': []}
DEBUG: Scraped from <200 https://www.waitrose.com/ecom/shop/browse/groceries/toiletries_health_and_beauty/hair_care/shampoo>
{'client': 'Waitrose', 'time': datetime.datetime(2020, 9, 10, 0, 43, 46, 963376), 'category': 'Shampoo', 'id': 'tPp096232-49248-49249', 'prod_name': 'Aussie Mega Shampoo', 'waitrose_Qty': '300ml', 'waitrose_discounted_price': '£2.05', 'waitrose_offer_desc': 'Half Price.', 'waitrose_url': 'https://www.waitrose.com/ecom/shop/browse/groceries/toiletries_health_and_beauty/hair_care/shampoo', 'waitrose_rating': '2.5', 'waitrose_unit_price': '(68.3p/100ml)', 'waitrose_new_flag': None, 'waitrose_prod_name': 'Aussie Mega Shampoo 300ml', 'images': []}
DEBUG: Scraped from <200 https://www.waitrose.com/ecom/shop/browse/groceries/toiletries_health_and_beauty/hair_care/shampoo>
{'client': 'Waitrose', 'time': datetime.datetime(2020, 9, 10, 0, 43, 46, 963376), 'category': 'Shampoo', 'id': 'tPp096232-49248-49249', 'prod_name': 'Aussie Mega Shampoo', 'waitrose_Qty': '300ml', 'waitrose_discounted_price': '£2.05', 'waitrose_offer_desc': 'Half Price.', 'waitrose_url': 'https://www.waitrose.com/ecom/shop/browse/groceries/toiletries_health_and_beauty/hair_care/shampoo', 'waitrose_rating': '2.5', 'waitrose_unit_price': '(68.3p/100ml)', 'waitrose_new_flag': None, 'waitrose_prod_name': 'Aussie Mega Shampoo 300ml', 'images': []}
DEBUG: Scraped from <200 https://www.waitrose.com/ecom/shop/browse/groceries/toiletries_health_and_beauty/hair_care/shampoo>
{'client': 'Waitrose', 'time': datetime.datetime(2020, 9, 10, 0, 43, 46, 963376), 'category': 'Shampoo', 'id': 'tPp639145-337007-337008', 'prod_name': 'Tresemmé Shampoo Deep Cleansing', 'waitrose_Qty': '800ml', 'waitrose_discounted_price': '£2.75', 'waitrose_offer_desc': 'Half Price.', 'waitrose_url': 'https://www.waitrose.com/ecom/shop/browse/groceries/toiletries_health_and_beauty/hair_care/shampoo', 'waitrose_rating': '5', 'waitrose_unit_price': '(34.4p/100ml)', 'waitrose_new_flag': None, 'waitrose_prod_name': 'Tresemmé Shampoo Deep Cleansing 800ml', 'images': []}
DEBUG: Scraped from <200 https://www.waitrose.com/ecom/shop/browse/groceries/toiletries_health_and_beauty/hair_care/shampoo>
{'client': 'Waitrose', 'time': datetime.datetime(2020, 9, 10, 0, 43, 46, 963376), 'category': 'Shampoo', 'id': 'tPp083596-42439-42440', 'prod_name': 'Aussie Colour Mate Shampoo', 'waitrose_Qty': '300ml', 'waitrose_discounted_price': '£2.05', 'waitrose_offer_desc': 'Half Price.', 'waitrose_url': 'https://www.waitrose.com/ecom/shop/browse/groceries/toiletries_health_and_beauty/hair_care/shampoo', 'waitrose_rating': '5', 'waitrose_unit_price': '(68.3p/100ml)', 'waitrose_new_flag': None, 'waitrose_prod_name': 'Aussie Colour Mate Shampoo 300ml', 'images': []}
DEBUG: Scraped from <200 https://www.waitrose.com/ecom/shop/browse/groceries/toiletries_health_and_beauty/hair_care/shampoo>
{'client': 'Waitrose', 'time': datetime.datetime(2020, 9, 10, 0, 43, 46, 963376), 'category': 'Shampoo', 'id': 'tPp819563-729788-729789', 'prod_name': 'Aussie Blonde Purple Shampoo', 'waitrose_Qty': '290ml', 'waitrose_discounted_price': '£2.99', 'waitrose_offer_desc': 'Half Price.', 'waitrose_url': 'https://www.waitrose.com/ecom/shop/browse/groceries/toiletries_health_and_beauty/hair_care/shampoo', 'waitrose_rating': None, 'waitrose_unit_price': '(£1.04/100ml)', 'waitrose_new_flag': None, 'waitrose_prod_name': 'Aussie Blonde Purple Shampoo 290ml', 'images': []}
DEBUG: Scraped from <200 https://www.waitrose.com/ecom/shop/browse/groceries/toiletries_health_and_beauty/hair_care/shampoo>
{'client': 'Waitrose', 'time': datetime.datetime(2020, 9, 10, 0, 43, 46, 963376), 'category': 'Shampoo', 'id': 'tPp799806-683814-683815', 'prod_name': 'Tresemmé Shampoo Moisture Rich', 'waitrose_Qty': '800ml', 'waitrose_discounted_price': '£2.75', 'waitrose_offer_desc': 'Half Price.', 'waitrose_url': 'https://www.waitrose.com/ecom/shop/browse/groceries/toiletries_health_and_beauty/hair_care/shampoo', 'waitrose_rating': None, 'waitrose_unit_price': '(34.4p/100ml)', 'waitrose_new_flag': None, 'waitrose_prod_name': 'Tresemmé Shampoo Moisture Rich 800ml', 'images': []}
DEBUG: Scraped from <200 https://www.waitrose.com/ecom/shop/browse/groceries/toiletries_health_and_beauty/hair_care/shampoo>
{'client': 'Waitrose', 'time': datetime.datetime(2020, 9, 10, 0, 43, 46, 963376), 'category': 'Shampoo', 'id': 'tPp364793-255761-255762', 'prod_name': 'Aussie Miracle Shine Shampoo', 'waitrose_Qty': '300ml', 'waitrose_discounted_price': '£2.00', 'waitrose_offer_desc': 'Half Price.', 'waitrose_url': 'https://www.waitrose.com/ecom/shop/browse/groceries/toiletries_health_and_beauty/hair_care/shampoo', 'waitrose_rating': None, 'waitrose_unit_price': '(66.7p/100ml)', 'waitrose_new_flag': None, 'waitrose_prod_name': 'Aussie Miracle Shine Shampoo 300ml', 'images': []}
DEBUG: Scraped from <200 https://www.waitrose.com/ecom/shop/browse/groceries/toiletries_health_and_beauty/hair_care/shampoo>
{'client': 'Waitrose', 'time': datetime.datetime(2020, 9, 10, 0, 43, 46, 963376), 'category': 'Shampoo', 'id': 'tPp819340-720339-720340', 'prod_name': 'Head & Shoulders Supreme Shampoo', 'waitrose_Qty': '400ml', 'waitrose_discounted_price': '£3.33', 'waitrose_offer_desc': 'Save 1/3.', 'waitrose_url': 'https://www.waitrose.com/ecom/shop/browse/groceries/toiletries_health_and_beauty/hair_care/shampoo', 'waitrose_rating': None, 'waitrose_unit_price': '(83.3p/100ml)', 'waitrose_new_flag': None, 'waitrose_prod_name': 'Head & Shoulders Supreme Shampoo 400ml', 'images': []}
DEBUG: Scraped from <200 https://www.waitrose.com/ecom/shop/browse/groceries/toiletries_health_and_beauty/hair_care/shampoo>
{'client': 'Waitrose', 'time': datetime.datetime(2020, 9, 10, 0, 43, 46, 963376), 'category': 'Shampoo', 'id': 'tPp011495-5706-5707', 'prod_name': 'John Frieda Shampoo Touchably Full', 'waitrose_Qty': '250ml', 'waitrose_discounted_price': '£3.99', 'waitrose_offer_desc': 'Save 1/3.', 'waitrose_url': 'https://www.waitrose.com/ecom/shop/browse/groceries/toiletries_health_and_beauty/hair_care/shampoo', 'waitrose_rating': '4', 'waitrose_unit_price': '(£1.60/100ml)', 'waitrose_new_flag': None, 'waitrose_prod_name': 'John Frieda Shampoo Touchably Full 250ml', 'images': []}
DEBUG: Scraped from <200 https://www.waitrose.com/ecom/shop/browse/groceries/toiletries_health_and_beauty/hair_care/shampoo>
{'client': 'Waitrose', 'time': datetime.datetime(2020, 9, 10, 0, 43, 46, 963376), 'category': 'Shampoo', 'id': 'tPp610920-86669-86670', 'prod_name': 'Sheer Blonde Go Blonder Shampoo', 'waitrose_Qty': '250ml', 'waitrose_discounted_price': '£3.99', 'waitrose_offer_desc': 'Save 1/3.', 'waitrose_url': 'https://www.waitrose.com/ecom/shop/browse/groceries/toiletries_health_and_beauty/hair_care/shampoo', 'waitrose_rating': '3.5', 'waitrose_unit_price': '(£1.60/100ml)', 'waitrose_new_flag': None, 'waitrose_prod_name': 'Sheer Blonde Go Blonder Shampoo 250ml', 'images': []}
DEBUG: Scraped from <200 https://www.waitrose.com/ecom/shop/browse/groceries/toiletries_health_and_beauty/hair_care/shampoo>
{'client': 'Waitrose', 'time': datetime.datetime(2020, 9, 10, 0, 43, 46, 963376), 'category': 'Shampoo', 'id': 'tPp433216-720111-720112', 'prod_name': 'John Frieda Hydrate & Recharge Shampoo', 'waitrose_Qty': '250ml', 'waitrose_discounted_price': '£3.99', 'waitrose_offer_desc': 'Save 1/3.', 'waitrose_url': 'https://www.waitrose.com/ecom/shop/browse/groceries/toiletries_health_and_beauty/hair_care/shampoo', 'waitrose_rating': None, 'waitrose_unit_price': '(£1.60/100ml)', 'waitrose_new_flag': None, 'waitrose_prod_name': 'John Frieda Hydrate & Recharge Shampoo 250ml', 'images': []}
DEBUG: Scraped from <200 https://www.waitrose.com/ecom/shop/browse/groceries/toiletries_health_and_beauty/hair_care/shampoo>
{'client': 'Waitrose', 'time': datetime.datetime(2020, 9, 10, 0, 43, 46, 963376), 'category': 'Shampoo', 'id': 'tPp595050-720203-720204', 'prod_name': 'Herbal Essences Coconut Shampoo', 'waitrose_Qty': '250ml', 'waitrose_discounted_price': '£2.00', 'waitrose_offer_desc': 'Save 1/3.', 'waitrose_url': 'https://www.waitrose.com/ecom/shop/browse/groceries/toiletries_health_and_beauty/hair_care/shampoo', 'waitrose_rating': None, 'waitrose_unit_price': '(80p/100ml)', 'waitrose_new_flag': None, 'waitrose_prod_name': 'Herbal Essences Coconut Shampoo 250ml', 'images': []}
DEBUG: Scraped from <200 https://www.waitrose.com/ecom/shop/browse/groceries/toiletries_health_and_beauty/hair_care/shampoo>
{'client': 'Waitrose', 'time': datetime.datetime(2020, 9, 10, 0, 43, 46, 963376), 'category': 'Shampoo', 'id': 'tPp538896-720173-720174', 'prod_name': 'Herbal Essences Argan Oil Shampoo', 'waitrose_Qty': '250ml', 'waitrose_discounted_price': '£2.00', 'waitrose_offer_desc': 'Save 1/3.', 'waitrose_url': 'https://www.waitrose.com/ecom/shop/browse/groceries/toiletries_health_and_beauty/hair_care/shampoo', 'waitrose_rating': None, 'waitrose_unit_price': '(80p/100ml)', 'waitrose_new_flag': None, 'waitrose_prod_name': 'Herbal Essences Argan Oil Shampoo 250ml', 'images': []}
DEBUG: Scraped from <200 https://www.waitrose.com/ecom/shop/browse/groceries/toiletries_health_and_beauty/hair_care/shampoo>
{'client': 'Waitrose', 'time': datetime.datetime(2020, 9, 10, 0, 43, 46, 963376), 'category': 'Shampoo', 'id': 'tPp494340-69860-69861', 'prod_name': "Neal's Yard Rose Shampoo", 'waitrose_Qty': '200ml', 'waitrose_discounted_price': '£7.66', 'waitrose_offer_desc': 'Save 1/3.', 'waitrose_url': 'https://www.waitrose.com/ecom/shop/browse/groceries/toiletries_health_and_beauty/hair_care/shampoo', 'waitrose_rating': '3.1', 'waitrose_unit_price': '(£3.83/100ml)', 'waitrose_new_flag': None, 'waitrose_prod_name': "Neal's Yard Rose Shampoo 200ml", 'images': []}
DEBUG: Scraped from <200 https://www.waitrose.com/ecom/shop/browse/groceries/toiletries_health_and_beauty/hair_care/shampoo>
{'client': 'Waitrose', 'time': datetime.datetime(2020, 9, 10, 0, 43, 46, 963376), 'category': 'Shampoo', 'id': 'tPp747801-683764-683765', 'prod_name': 'Aussie Shampoo Scent-sational', 'waitrose_Qty': '300ml', 'waitrose_discounted_price': '£2.00', 'waitrose_offer_desc': 'Half Price.', 'waitrose_url': 'https://www.waitrose.com/ecom/shop/browse/groceries/toiletries_health_and_beauty/hair_care/shampoo', 'waitrose_rating': '5', 'waitrose_unit_price': '(66.7p/100ml)', 'waitrose_new_flag': None, 'waitrose_prod_name': 'Aussie Shampoo Scent-sational 300ml', 'images': []}
DEBUG: Scraped from <200 https://www.waitrose.com/ecom/shop/browse/groceries/toiletries_health_and_beauty/hair_care/shampoo>
{'client': 'Waitrose', 'time': datetime.datetime(2020, 9, 10, 0, 43, 46, 963376), 'category': 'Shampoo', 'id': 'tPp833802-337290-337291', 'prod_name': 'Aussie Miracle Moist Spray', 'waitrose_Qty': '250ml', 'waitrose_discounted_price': '£2.57', 'waitrose_offer_desc': 'Half Price.', 'waitrose_url': 'https://www.waitrose.com/ecom/shop/browse/groceries/toiletries_health_and_beauty/hair_care/shampoo', 'waitrose_rating': None, 'waitrose_unit_price': '(£1.03/100ml)', 'waitrose_new_flag': None, 'waitrose_prod_name': 'Aussie Miracle Moist Spray 250ml', 'images': []}
DEBUG: Scraped from <200 https://www.waitrose.com/ecom/shop/browse/groceries/toiletries_health_and_beauty/hair_care/shampoo>
{'client': 'Waitrose', 'time': datetime.datetime(2020, 9, 10, 0, 43, 46, 963376), 'category': 'Shampoo', 'id': 'tPp775870-724036-724037', 'prod_name': 'Faith in Nature Wild Rose Shampoo', 'waitrose_Qty': '400ml', 'waitrose_discounted_price': '£3.86', 'waitrose_offer_desc': 'Save 1/3.', 'waitrose_url': 'https://www.waitrose.com/ecom/shop/browse/groceries/toiletries_health_and_beauty/hair_care/shampoo', 'waitrose_rating': '5', 'waitrose_unit_price': '(96.5p/100ml)', 'waitrose_new_flag': None, 'waitrose_prod_name': 'Faith in Nature Wild Rose Shampoo 400ml', 'images': []}
DEBUG: Scraped from <200 https://www.waitrose.com/ecom/shop/browse/groceries/toiletries_health_and_beauty/hair_care/shampoo>
{'client': 'Waitrose', 'time': datetime.datetime(2020, 9, 10, 0, 43, 46, 963376), 'category': 'Shampoo', 'id': 'tPp425163-526469-526470', 'prod_name': 'Frizz Ease Shampoo Miraculous Recovery', 'waitrose_Qty': '250ml', 'waitrose_discounted_price': '£3.99', 'waitrose_offer_desc': 'Save 1/3.', 'waitrose_url': 'https://www.waitrose.com/ecom/shop/browse/groceries/toiletries_health_and_beauty/hair_care/shampoo', 'waitrose_rating': None, 'waitrose_unit_price': '(£1.60/100ml)', 'waitrose_new_flag': None, 'waitrose_prod_name': 'Frizz Ease Shampoo Miraculous Recovery 250ml', 'images': []}
DEBUG: Scraped from <200 https://www.waitrose.com/ecom/shop/browse/groceries/toiletries_health_and_beauty/hair_care/shampoo>
{'client': 'Waitrose', 'time': datetime.datetime(2020, 9, 10, 0, 43, 46, 963376), 'category': 'Shampoo', 'id': 'tPp701301-99532-99533', 'prod_name': 'Essential Daily Care Shampoo', 'waitrose_Qty': '300ml', 'waitrose_discounted_price': '80p', 'waitrose_offer_desc': None, 'waitrose_url': 'https://www.waitrose.com/ecom/shop/browse/groceries/toiletries_health_and_beauty/hair_care/shampoo', 'waitrose_rating': '4.1', 'waitrose_unit_price': '(26.7p/100ml)', 'waitrose_new_flag': None, 'waitrose_prod_name': 'Essential Daily Care Shampoo 300ml', 'images': []}
DEBUG: Scraped from <200 https://www.waitrose.com/ecom/shop/browse/groceries/toiletries_health_and_beauty/hair_care/shampoo>
{'client': 'Waitrose', 'time': datetime.datetime(2020, 9, 10, 0, 43, 46, 963376), 'category': 'Shampoo', 'id': 'tPp502437-720153-720154', 'prod_name': 'Aussie Calm The Frizz Shampoo', 'waitrose_Qty': '300ml', 'waitrose_discounted_price': '£2.00', 'waitrose_offer_desc': 'Half Price.', 'waitrose_url': 'https://www.waitrose.com/ecom/shop/browse/groceries/toiletries_health_and_beauty/hair_care/shampoo', 'waitrose_rating': None, 'waitrose_unit_price': '(66.7p/100ml)', 'waitrose_new_flag': None, 'waitrose_prod_name': 'Aussie Calm The Frizz Shampoo 300ml', 'images': []}
DEBUG: Scraped from <200 https://www.waitrose.com/ecom/shop/browse/groceries/toiletries_health_and_beauty/hair_care/shampoo>
{'client': 'Waitrose', 'time': datetime.datetime(2020, 9, 10, 0, 43, 46, 963376), 'category': 'Shampoo', 'id': 'tPp847454-724141-724142', 'prod_name': 'Faith in Nature Grapefruit Shampoo', 'waitrose_Qty': '400ml', 'waitrose_discounted_price': '£3.86', 'waitrose_offer_desc': 'Save 1/3.', 'waitrose_url': 'https://www.waitrose.com/ecom/shop/browse/groceries/toiletries_health_and_beauty/hair_care/shampoo', 'waitrose_rating': None, 'waitrose_unit_price': '(96.5p/100ml)', 'waitrose_new_flag': None, 'waitrose_prod_name': 'Faith in Nature Grapefruit Shampoo 400ml', 'images': []}
DEBUG: Scraped from <200 https://www.waitrose.com/ecom/shop/browse/groceries/toiletries_health_and_beauty/hair_care/shampoo>
{'client': 'Waitrose', 'time': datetime.datetime(2020, 9, 10, 0, 43, 46, 963376), 'category': 'Shampoo', 'id': 'tPp065299-33095-33096', 'prod_name': 'Frizz Ease Dream Curls Shampoo', 'waitrose_Qty': '250ml', 'waitrose_discounted_price': '£3.99', 'waitrose_offer_desc': 'Save 1/3.', 'waitrose_url': 'https://www.waitrose.com/ecom/shop/browse/groceries/toiletries_health_and_beauty/hair_care/shampoo', 'waitrose_rating': '5', 'waitrose_unit_price': '(£1.60/100ml)', 'waitrose_new_flag': None, 'waitrose_prod_name': 'Frizz Ease Dream Curls Shampoo 250ml', 'images': []}
DEBUG: Scraped from <200 https://www.waitrose.com/ecom/shop/browse/groceries/toiletries_health_and_beauty/hair_care/shampoo>
{'client': 'Waitrose', 'time': datetime.datetime(2020, 9, 10, 0, 43, 46, 963376), 'category': 'Shampoo', 'id': 'tPp535961-75786-75787', 'prod_name': 'essential Waitrose Nourishing Shampoo', 'waitrose_Qty': '300ml', 'waitrose_discounted_price': '80p', 'waitrose_offer_desc': None, 'waitrose_url': 'https://www.waitrose.com/ecom/shop/browse/groceries/toiletries_health_and_beauty/hair_care/shampoo', 'waitrose_rating': '4.3', 'waitrose_unit_price': '(26.7p/100ml)', 'waitrose_new_flag': None, 'waitrose_prod_name': 'essential Waitrose Nourishing Shampoo 300ml', 'images': []}
DEBUG: Scraped from <200 https://www.waitrose.com/ecom/shop/browse/groceries/toiletries_health_and_beauty/hair_care/shampoo>
{'client': 'Waitrose', 'time': datetime.datetime(2020, 9, 10, 0, 43, 46, 963376), 'category': 'Shampoo', 'id': 'tPp583946-82773-82774', 'prod_name': "Neal's Yard Lavender Shampoo", 'waitrose_Qty': '200ml', 'waitrose_discounted_price': '£7.66', 'waitrose_offer_desc': 'Save 1/3.', 'waitrose_url': 'https://www.waitrose.com/ecom/shop/browse/groceries/toiletries_health_and_beauty/hair_care/shampoo', 'waitrose_rating': '2.3', 'waitrose_unit_price': '(£3.83/100ml)', 'waitrose_new_flag': None, 'waitrose_prod_name': "Neal's Yard Lavender Shampoo 200ml", 'images': []}
DEBUG: Scraped from <200 https://www.waitrose.com/ecom/shop/browse/groceries/toiletries_health_and_beauty/hair_care/shampoo>
{'client': 'Waitrose', 'time': datetime.datetime(2020, 9, 10, 0, 43, 46, 963376), 'category': 'Shampoo', 'id': 'tPp745828-495012-495013', 'prod_name': 'DGJ Kids Lice Repel Shampoo', 'waitrose_Qty': '250ml', 'waitrose_discounted_price': '£1.75', 'waitrose_offer_desc': 'Half Price.', 'waitrose_url': 'https://www.waitrose.com/ecom/shop/browse/groceries/toiletries_health_and_beauty/hair_care/shampoo', 'waitrose_rating': None, 'waitrose_unit_price': '(70p/100ml)', 'waitrose_new_flag': None, 'waitrose_prod_name': 'DGJ Kids Lice Repel Shampoo 250ml', 'images': []}
DEBUG: Scraped from <200 https://www.waitrose.com/ecom/shop/browse/groceries/toiletries_health_and_beauty/hair_care/shampoo>
{'client': 'Waitrose', 'time': datetime.datetime(2020, 9, 10, 0, 43, 46, 963376), 'category': 'Shampoo', 'id': 'tPp755349-720291-720292', 'prod_name': 'Herbal Essences Aloe & Mango Shampoo', 'waitrose_Qty': '380ml', 'waitrose_discounted_price': '£4.50', 'waitrose_offer_desc': None, 'waitrose_url': 'https://www.waitrose.com/ecom/shop/browse/groceries/toiletries_health_and_beauty/hair_care/shampoo', 'waitrose_rating': None, 'waitrose_unit_price': '(£1.19/100ml)', 'waitrose_new_flag': None, 'waitrose_prod_name': 'Herbal Essences Aloe & Mango Shampoo 380ml', 'images': []}
DEBUG: Scraped from <200 https://www.waitrose.com/ecom/shop/browse/groceries/toiletries_health_and_beauty/hair_care/shampoo>
{'client': 'Waitrose', 'time': datetime.datetime(2020, 9, 10, 0, 43, 46, 963376), 'category': 'Shampoo', 'id': 'tPp735040-695707-695708', 'prod_name': 'Vosene Kids 3in1 Tea Tree Shampoo', 'waitrose_Qty': '250ml', 'waitrose_discounted_price': '£1.66', 'waitrose_offer_desc': 'Save 1/3.', 'waitrose_url': 'https://www.waitrose.com/ecom/shop/browse/groceries/toiletries_health_and_beauty/hair_care/shampoo', 'waitrose_rating': None, 'waitrose_unit_price': '(66.4p/100ml)', 'waitrose_new_flag': None, 'waitrose_prod_name': 'Vosene Kids 3in1 Tea Tree Shampoo 250ml', 'images': []}
DEBUG: Scraped from <200 https://www.waitrose.com/ecom/shop/browse/groceries/toiletries_health_and_beauty/hair_care/shampoo>
{'client': 'Waitrose', 'time': datetime.datetime(2020, 9, 10, 0, 43, 46, 963376), 'category': 'Shampoo', 'id': 'tPp425124-59787-59788', 'prod_name': 'Brilliant Brunette Protecting Shampoo', 'waitrose_Qty': '250ml', 'waitrose_discounted_price': '£3.99', 'waitrose_offer_desc': 'Save 1/3.', 'waitrose_url': 'https://www.waitrose.com/ecom/shop/browse/groceries/toiletries_health_and_beauty/hair_care/shampoo', 'waitrose_rating': None, 'waitrose_unit_price': '(£1.60/100ml)', 'waitrose_new_flag': None, 'waitrose_prod_name': 'Brilliant Brunette Protecting Shampoo 250ml', 'images': []}
DEBUG: Scraped from <200 https://www.waitrose.com/ecom/shop/browse/groceries/toiletries_health_and_beauty/hair_care/shampoo>
{'client': 'Waitrose', 'time': datetime.datetime(2020, 9, 10, 0, 43, 46, 963376), 'category': 'Shampoo', 'id': 'tPp702159-494964-494965', 'prod_name': 'DGJ Argan Oil Shampoo', 'waitrose_Qty': '250ml', 'waitrose_discounted_price': '£2.50', 'waitrose_offer_desc': 'Half Price.', 'waitrose_url': 'https://www.waitrose.com/ecom/shop/browse/groceries/toiletries_health_and_beauty/hair_care/shampoo', 'waitrose_rating': None, 'waitrose_unit_price': '(£1/100ml)', 'waitrose_new_flag': None, 'waitrose_prod_name': 'DGJ Argan Oil Shampoo 250ml', 'images': []}
DEBUG: Scraped from <200 https://www.waitrose.com/ecom/shop/browse/groceries/toiletries_health_and_beauty/hair_care/shampoo>
{'client': 'Waitrose', 'time': datetime.datetime(2020, 9, 10, 0, 43, 46, 963376), 'category': 'Shampoo', 'id': 'tPp414862-695397-695398', 'prod_name': 'Noughty Wave Hello Shampoo', 'waitrose_Qty': '250ml', 'waitrose_discounted_price': '£4.66', 'waitrose_offer_desc': 'Save 1/3.', 'waitrose_url': 'https://www.waitrose.com/ecom/shop/browse/groceries/toiletries_health_and_beauty/hair_care/shampoo', 'waitrose_rating': None, 'waitrose_unit_price': '(£1.87/100ml)', 'waitrose_new_flag': None, 'waitrose_prod_name': 'Noughty Wave Hello Shampoo 250ml', 'images': []}
DEBUG: Scraped from <200 https://www.waitrose.com/ecom/shop/browse/groceries/toiletries_health_and_beauty/hair_care/shampoo>
{'client': 'Waitrose', 'time': datetime.datetime(2020, 9, 10, 0, 43, 46, 963376), 'category': 'Shampoo', 'id': 'tPp563832-295347-295348', 'prod_name': 'Argan + Argan Oil 5Oil Miracle Shampoo', 'waitrose_Qty': '300ml', 'waitrose_discounted_price': '£4.00', 'waitrose_offer_desc': 'Save 1/3.', 'waitrose_url': 'https://www.waitrose.com/ecom/shop/browse/groceries/toiletries_health_and_beauty/hair_care/shampoo', 'waitrose_rating': '5', 'waitrose_unit_price': '(£1.34/100ml)', 'waitrose_new_flag': None, 'waitrose_prod_name': 'Argan + Argan Oil 5Oil Miracle Shampoo 300ml', 'images': []}
DEBUG: Scraped from <200 https://www.waitrose.com/ecom/shop/browse/groceries/toiletries_health_and_beauty/hair_care/shampoo>
{'client': 'Waitrose', 'time': datetime.datetime(2020, 9, 10, 0, 43, 46, 963376), 'category': 'Shampoo', 'id': 'tPp725068-723986-723987', 'prod_name': 'Faith in Nature Lavender Shampoo', 'waitrose_Qty': '400ml', 'waitrose_discounted_price': '£3.86', 'waitrose_offer_desc': 'Save 1/3.', 'waitrose_url': 'https://www.waitrose.com/ecom/shop/browse/groceries/toiletries_health_and_beauty/hair_care/shampoo', 'waitrose_rating': None, 'waitrose_unit_price': '(96.5p/100ml)', 'waitrose_new_flag': None, 'waitrose_prod_name': 'Faith in Nature Lavender Shampoo 400ml', 'images': []}
DEBUG: Scraped from <200 https://www.waitrose.com/ecom/shop/browse/groceries/toiletries_health_and_beauty/hair_care/shampoo>
{'client': 'Waitrose', 'time': datetime.datetime(2020, 9, 10, 0, 43, 46, 963376), 'category': 'Shampoo', 'id': 'tPp755186-495024-495025', 'prod_name': 'DGJ Colour Save Shampoo', 'waitrose_Qty': '250ml', 'waitrose_discounted_price': '£2.50', 'waitrose_offer_desc': 'Half Price.', 'waitrose_url': 'https://www.waitrose.com/ecom/shop/browse/groceries/toiletries_health_and_beauty/hair_care/shampoo', 'waitrose_rating': None, 'waitrose_unit_price': '(£1/100ml)', 'waitrose_new_flag': None, 'waitrose_prod_name': 'DGJ Colour Save Shampoo 250ml', 'images': []}
DEBUG: Scraped from <200 https://www.waitrose.com/ecom/shop/browse/groceries/toiletries_health_and_beauty/hair_care/shampoo>
{'client': 'Waitrose', 'time': datetime.datetime(2020, 9, 10, 0, 43, 46, 963376), 'category': 'Shampoo', 'id': 'tPp639366-90822-90823', 'prod_name': 'Head & Shoulders Shampoo Classic', 'waitrose_Qty': '500ml', 'waitrose_discounted_price': '£5.15', 'waitrose_offer_desc': None, 'waitrose_url': 'https://www.waitrose.com/ecom/shop/browse/groceries/toiletries_health_and_beauty/hair_care/shampoo', 'waitrose_rating': '3.5', 'waitrose_unit_price': '(£1.03/100ml)', 'waitrose_new_flag': None, 'waitrose_prod_name': 'Head & Shoulders Shampoo Classic 500ml', 'images': []}
DEBUG: Scraped from <200 https://www.waitrose.com/ecom/shop/browse/groceries/toiletries_health_and_beauty/hair_care/shampoo>
{'client': 'Waitrose', 'time': datetime.datetime(2020, 9, 10, 0, 43, 46, 963376), 'category': 'Shampoo', 'id': 'tPp810201-352482-352483', 'prod_name': 'Essential Daily Care 2 in 1', 'waitrose_Qty': '300ml', 'waitrose_discounted_price': '80p', 'waitrose_offer_desc': None, 'waitrose_url': 'https://www.waitrose.com/ecom/shop/browse/groceries/toiletries_health_and_beauty/hair_care/shampoo', 'waitrose_rating': '4.3', 'waitrose_unit_price': '(26.7p/100ml)', 'waitrose_new_flag': None, 'waitrose_prod_name': 'Essential Daily Care 2 in 1 300ml', 'images': []}
DEBUG: Scraped from <200 https://www.waitrose.com/ecom/shop/browse/groceries/toiletries_health_and_beauty/hair_care/shampoo>
{'client': 'Waitrose', 'time': datetime.datetime(2020, 9, 10, 0, 43, 46, 963376), 'category': 'Shampoo', 'id': 'tPp455905-591789-591790', 'prod_name': 'Herbal Essences clean Shampoo', 'waitrose_Qty': '400ml', 'waitrose_discounted_price': '£4.50', 'waitrose_offer_desc': None, 'waitrose_url': 'https://www.waitrose.com/ecom/shop/browse/groceries/toiletries_health_and_beauty/hair_care/shampoo', 'waitrose_rating': None, 'waitrose_unit_price': '(£1.13/100ml)', 'waitrose_new_flag': None, 'waitrose_prod_name': 'Herbal Essences clean Shampoo 400ml', 'images': []}
DEBUG: Scraped from <200 https://www.waitrose.com/ecom/shop/browse/groceries/toiletries_health_and_beauty/hair_care/shampoo>
{'client': 'Waitrose', 'time': datetime.datetime(2020, 9, 10, 0, 43, 46, 963376), 'category': 'Shampoo', 'id': 'tPp865734-216867-216868', 'prod_name': 'Ogx Argan Oil of Morocco Shampoo', 'waitrose_Qty': '385ml', 'waitrose_discounted_price': '£7.00', 'waitrose_offer_desc': None, 'waitrose_url': 'https://www.waitrose.com/ecom/shop/browse/groceries/toiletries_health_and_beauty/hair_care/shampoo', 'waitrose_rating': '3.4', 'waitrose_unit_price': '(£1.82/100ml)', 'waitrose_new_flag': None, 'waitrose_prod_name': 'Ogx Argan Oil of Morocco Shampoo 385ml', 'images': []}
DEBUG: Scraped from <200 https://www.waitrose.com/ecom/shop/browse/groceries/toiletries_health_and_beauty/hair_care/shampoo>
{'client': 'Waitrose', 'time': datetime.datetime(2020, 9, 10, 0, 43, 46, 963376), 'category': 'Shampoo', 'id': 'tPp472240-591833-591834', 'prod_name': 'Herbal Essences Repair Shampoo', 'waitrose_Qty': '400ml', 'waitrose_discounted_price': '£4.50', 'waitrose_offer_desc': None, 'waitrose_url': 'https://www.waitrose.com/ecom/shop/browse/groceries/toiletries_health_and_beauty/hair_care/shampoo', 'waitrose_rating': '5', 'waitrose_unit_price': '(£1.13/100ml)', 'waitrose_new_flag': None, 'waitrose_prod_name': 'Herbal Essences Repair Shampoo 400ml', 'images': []}
DEBUG: Scraped from <200 https://www.waitrose.com/ecom/shop/browse/groceries/toiletries_health_and_beauty/hair_care/shampoo>
{'client': 'Waitrose', 'time': datetime.datetime(2020, 9, 10, 0, 43, 46, 963376), 'category': 'Shampoo', 'id': 'tPp687186-337057-337058', 'prod_name': 'Argan + Argan Oil Rejuvenating Shampoo', 'waitrose_Qty': '300ml', 'waitrose_discounted_price': '£4.00', 'waitrose_offer_desc': 'Save 1/3.', 'waitrose_url': 'https://www.waitrose.com/ecom/shop/browse/groceries/toiletries_health_and_beauty/hair_care/shampoo', 'waitrose_rating': '5', 'waitrose_unit_price': '(£1.34/100ml)', 'waitrose_new_flag': None, 'waitrose_prod_name': 'Argan + Argan Oil Rejuvenating Shampoo 300ml', 'images': []}
DEBUG: Scraped from <200 https://www.waitrose.com/ecom/shop/browse/groceries/toiletries_health_and_beauty/hair_care/shampoo>
{'client': 'Waitrose', 'time': datetime.datetime(2020, 9, 10, 0, 43, 46, 963376), 'category': 'Shampoo', 'id': 'tPp051100-25409-25410', 'prod_name': 'Sheer Blonde Moisturising Shampoo', 'waitrose_Qty': '250ml', 'waitrose_discounted_price': '£3.99', 'waitrose_offer_desc': 'Save 1/3.', 'waitrose_url': 'https://www.waitrose.com/ecom/shop/browse/groceries/toiletries_health_and_beauty/hair_care/shampoo', 'waitrose_rating': '3', 'waitrose_unit_price': '(£1.60/100ml)', 'waitrose_new_flag': None, 'waitrose_prod_name': 'Sheer Blonde Moisturising Shampoo 250ml', 'images': []}
DEBUG: Scraped from <200 https://www.waitrose.com/ecom/shop/browse/groceries/toiletries_health_and_beauty/hair_care/shampoo>
{'client': 'Waitrose', 'time': datetime.datetime(2020, 9, 10, 0, 43, 46, 963376), 'category': 'Shampoo', 'id': 'tPp657721-694179-694180', 'prod_name': 'Pantene 3 in 1 Classic Clean', 'waitrose_Qty': '450ml', 'waitrose_discounted_price': '£3.75', 'waitrose_offer_desc': None, 'waitrose_url': 'https://www.waitrose.com/ecom/shop/browse/groceries/toiletries_health_and_beauty/hair_care/shampoo', 'waitrose_rating': None, 'waitrose_unit_price': '(83.3p/100ml)', 'waitrose_new_flag': None, 'waitrose_prod_name': 'Pantene 3 in 1 Classic Clean 450ml', 'images': []}
DEBUG: Scraped from <200 https://www.waitrose.com/ecom/shop/browse/groceries/toiletries_health_and_beauty/hair_care/shampoo>
{'client': 'Waitrose', 'time': datetime.datetime(2020, 9, 10, 0, 43, 46, 963376), 'category': 'Shampoo', 'id': 'tPp402915-526384-526385', 'prod_name': 'John Frieda Violet Crush Shampoo', 'waitrose_Qty': '250ml', 'waitrose_discounted_price': '£3.99', 'waitrose_offer_desc': 'Save 1/3.', 'waitrose_url': 'https://www.waitrose.com/ecom/shop/browse/groceries/toiletries_health_and_beauty/hair_care/shampoo', 'waitrose_rating': '5', 'waitrose_unit_price': '(£1.60/100ml)', 'waitrose_new_flag': None, 'waitrose_prod_name': 'John Frieda Violet Crush Shampoo 250ml', 'images': []}
DEBUG: Scraped from <200 https://www.waitrose.com/ecom/shop/browse/groceries/toiletries_health_and_beauty/hair_care/shampoo>
{'client': 'Waitrose', 'time': datetime.datetime(2020, 9, 10, 0, 43, 46, 963376), 'category': 'Shampoo', 'id': 'tPp725372-631511-631512', 'prod_name': 'Hask Moni Coconut Oil Shampoo', 'waitrose_Qty': '355ml', 'waitrose_discounted_price': '£4.66', 'waitrose_offer_desc': 'Save 1/3.', 'waitrose_url': 'https://www.waitrose.com/ecom/shop/browse/groceries/toiletries_health_and_beauty/hair_care/shampoo', 'waitrose_rating': None, 'waitrose_unit_price': '(£1.32/100ml)', 'waitrose_new_flag': None, 'waitrose_prod_name': 'Hask Moni Coconut Oil Shampoo 355ml', 'images': []}
DEBUG: Scraped from <200 https://www.waitrose.com/ecom/shop/browse/groceries/toiletries_health_and_beauty/hair_care/shampoo>
{'client': 'Waitrose', 'time': datetime.datetime(2020, 9, 10, 0, 43, 46, 963376), 'category': 'Shampoo', 'id': 'tPp855140-216863-216864', 'prod_name': 'Ogx Coconut Milk Shampoo', 'waitrose_Qty': '385ml', 'waitrose_discounted_price': '£7.00', 'waitrose_offer_desc': None, 'waitrose_url': 'https://www.waitrose.com/ecom/shop/browse/groceries/toiletries_health_and_beauty/hair_care/shampoo', 'waitrose_rating': '5', 'waitrose_unit_price': '(£1.82/100ml)', 'waitrose_new_flag': None, 'waitrose_prod_name': 'Ogx Coconut Milk Shampoo 385ml', 'images': []}
DEBUG: Scraped from <200 https://www.waitrose.com/ecom/shop/browse/groceries/toiletries_health_and_beauty/hair_care/shampoo>
{'client': 'Waitrose', 'time': datetime.datetime(2020, 9, 10, 0, 43, 46, 963376), 'category': 'Shampoo', 'id': 'tPp490113-591883-591884', 'prod_name': 'Herbal Essences Volume Shampoo', 'waitrose_Qty': '400ml', 'waitrose_discounted_price': '£4.50', 'waitrose_offer_desc': None, 'waitrose_url': 'https://www.waitrose.com/ecom/shop/browse/groceries/toiletries_health_and_beauty/hair_care/shampoo', 'waitrose_rating': '5', 'waitrose_unit_price': '(£1.13/100ml)', 'waitrose_new_flag': None, 'waitrose_prod_name': 'Herbal Essences Volume Shampoo 400ml', 'images': []}
DEBUG: Scraped from <200 https://www.waitrose.com/ecom/shop/browse/groceries/toiletries_health_and_beauty/hair_care/shampoo>
{'client': 'Waitrose', 'time': datetime.datetime(2020, 9, 10, 0, 43, 46, 963376), 'category': 'Shampoo', 'id': 'tPp464815-154487-154488', 'prod_name': 'Batiste original dry shampoo', 'waitrose_Qty': '200ml', 'waitrose_discounted_price': '£3.00', 'waitrose_offer_desc': None, 'waitrose_url': 'https://www.waitrose.com/ecom/shop/browse/groceries/toiletries_health_and_beauty/hair_care/shampoo', 'waitrose_rating': '5', 'waitrose_unit_price': '(£1.50/100ml)', 'waitrose_new_flag': None, 'waitrose_prod_name': 'Batiste original dry shampoo 200ml', 'images': []}
DEBUG: Scraped from <200 https://www.waitrose.com/ecom/shop/browse/groceries/toiletries_health_and_beauty/hair_care/shampoo>
{'client': 'Waitrose', 'time': datetime.datetime(2020, 9, 10, 0, 43, 46, 963376), 'category': 'Shampoo', 'id': 'tPp435635-694165-694166', 'prod_name': 'Pantene Classic Clean Shampoo', 'waitrose_Qty': '500ml', 'waitrose_discounted_price': '£5.15', 'waitrose_offer_desc': None, 'waitrose_url': 'https://www.waitrose.com/ecom/shop/browse/groceries/toiletries_health_and_beauty/hair_care/shampoo', 'waitrose_rating': None, 'waitrose_unit_price': '(£1.03/100ml)', 'waitrose_new_flag': None, 'waitrose_prod_name': 'Pantene Classic Clean Shampoo 500ml', 'images': []}
DEBUG: Scraped from <200 https://www.waitrose.com/ecom/shop/browse/groceries/toiletries_health_and_beauty/hair_care/shampoo>
{'client': 'Waitrose', 'time': datetime.datetime(2020, 9, 10, 0, 43, 46, 963376), 'category': 'Shampoo', 'id': 'tPp755068-720289-720290', 'prod_name': 'Herbal Essences Aloe Hemp Shampoo', 'waitrose_Qty': '380ml', 'waitrose_discounted_price': '£4.50', 'waitrose_offer_desc': None, 'waitrose_url': 'https://www.waitrose.com/ecom/shop/browse/groceries/toiletries_health_and_beauty/hair_care/shampoo', 'waitrose_rating': None, 'waitrose_unit_price': '(£1.19/100ml)', 'waitrose_new_flag': None, 'waitrose_prod_name': 'Herbal Essences Aloe Hemp Shampoo 380ml', 'images': []}
DEBUG: Scraped from <200 https://www.waitrose.com/ecom/shop/browse/groceries/toiletries_health_and_beauty/hair_care/shampoo>
{'client': 'Waitrose', 'time': datetime.datetime(2020, 9, 10, 0, 43, 46, 963376), 'category': 'Shampoo', 'id': 'tPp711086-652694-652695', 'prod_name': 'Head & Shoulders Supreme Moisture', 'waitrose_Qty': '400ml', 'waitrose_discounted_price': '£3.43', 'waitrose_offer_desc': 'Save 1/3.', 'waitrose_url': 'https://www.waitrose.com/ecom/shop/browse/groceries/toiletries_health_and_beauty/hair_care/shampoo', 'waitrose_rating': None, 'waitrose_unit_price': '(85.8p/100ml)', 'waitrose_new_flag': None, 'waitrose_prod_name': 'Head & Shoulders Supreme Moisture 400ml', 'images': []}
DEBUG: Scraped from <200 https://www.waitrose.com/ecom/shop/browse/groceries/toiletries_health_and_beauty/hair_care/shampoo>
{'client': 'Waitrose', 'time': datetime.datetime(2020, 9, 10, 0, 43, 46, 963376), 'category': 'Shampoo', 'id': 'tPp791725-375655-375656', 'prod_name': 'Ogx Kukuí Oil Shampoo', 'waitrose_Qty': '385ml', 'waitrose_discounted_price': '£7.00', 'waitrose_offer_desc': None, 'waitrose_url': 'https://www.waitrose.com/ecom/shop/browse/groceries/toiletries_health_and_beauty/hair_care/shampoo', 'waitrose_rating': '5', 'waitrose_unit_price': '(£1.82/100ml)', 'waitrose_new_flag': None, 'waitrose_prod_name': 'Ogx Kukuí Oil Shampoo 385ml', 'images': []}
DEBUG: Scraped from <200 https://www.waitrose.com/ecom/shop/browse/groceries/toiletries_health_and_beauty/hair_care/shampoo>
{'client': 'Waitrose', 'time': datetime.datetime(2020, 9, 10, 0, 43, 46, 963376), 'category': 'Shampoo', 'id': 'tPp740653-352034-352035', 'prod_name': 'essential Waitrose Anti-Dandruff 2 in 1', 'waitrose_Qty': '300ml', 'waitrose_discounted_price': '£1.00', 'waitrose_offer_desc': 'Featured Product', 'waitrose_url': 'https://www.waitrose.com/ecom/shop/browse/groceries/toiletries_health_and_beauty/hair_care/shampoo', 'waitrose_rating': '4', 'waitrose_unit_price': '(33.3p/100ml)', 'waitrose_new_flag': None, 'waitrose_prod_name': 'essential Waitrose Anti-Dandruff 2 in 1 300ml', 'images': []}
DEBUG: Scraped from <200 https://www.waitrose.com/ecom/shop/browse/groceries/toiletries_health_and_beauty/hair_care/shampoo>
{'client': 'Waitrose', 'time': datetime.datetime(2020, 9, 10, 0, 43, 46, 963376), 'category': 'Shampoo', 'id': 'tPp757780-107799-107800', 'prod_name': 'Head & Shoulders 2in1 Classic Clean', 'waitrose_Qty': '450ml', 'waitrose_discounted_price': '£5.15', 'waitrose_offer_desc': None, 'waitrose_url': 'https://www.waitrose.com/ecom/shop/browse/groceries/toiletries_health_and_beauty/hair_care/shampoo', 'waitrose_rating': '4', 'waitrose_unit_price': '(£1.15/100ml)', 'waitrose_new_flag': None, 'waitrose_prod_name': 'Head & Shoulders 2in1 Classic Clean 450ml', 'images': []}
DEBUG: Scraped from <200 https://www.waitrose.com/ecom/shop/browse/groceries/toiletries_health_and_beauty/hair_care/shampoo>
{'client': 'Waitrose', 'time': datetime.datetime(2020, 9, 10, 0, 43, 46, 963376), 'category': 'Shampoo', 'id': 'tPp884562-720413-720414', 'prod_name': 'Maui Moisture Shea Butter Shampoo', 'waitrose_Qty': '385ml', 'waitrose_discounted_price': '£6.00', 'waitrose_offer_desc': 'Save 1/3.', 'waitrose_url': 'https://www.waitrose.com/ecom/shop/browse/groceries/toiletries_health_and_beauty/hair_care/shampoo', 'waitrose_rating': None, 'waitrose_unit_price': '(£1.56/100ml)', 'waitrose_new_flag': None, 'waitrose_prod_name': 'Maui Moisture Shea Butter Shampoo 385ml', 'images': []}
DEBUG: Scraped from <200 https://www.waitrose.com/ecom/shop/browse/groceries/toiletries_health_and_beauty/hair_care/shampoo>
{'client': 'Waitrose', 'time': datetime.datetime(2020, 9, 10, 0, 43, 46, 963376), 'category': 'Shampoo', 'id': 'tPp547359-720175-720176', 'prod_name': 'Maui Moisture Bamboo Shampoo', 'waitrose_Qty': '385ml', 'waitrose_discounted_price': '£6.00', 'waitrose_offer_desc': 'Save 1/3.', 'waitrose_url': 'https://www.waitrose.com/ecom/shop/browse/groceries/toiletries_health_and_beauty/hair_care/shampoo', 'waitrose_rating': '5', 'waitrose_unit_price': '(£1.56/100ml)', 'waitrose_new_flag': None, 'waitrose_prod_name': 'Maui Moisture Bamboo Shampoo 385ml', 'images': []}
DEBUG: Scraped from <200 https://www.waitrose.com/ecom/shop/browse/groceries/toiletries_health_and_beauty/hair_care/shampoo>
{'client': 'Waitrose', 'time': datetime.datetime(2020, 9, 10, 0, 43, 46, 963376), 'category': 'Shampoo', 'id': 'tPp844892-695845-695846', 'prod_name': 'Head & Shoulders Colour Protect', 'waitrose_Qty': '400ml', 'waitrose_discounted_price': '£3.33', 'waitrose_offer_desc': 'Save 1/3.', 'waitrose_url': 'https://www.waitrose.com/ecom/shop/browse/groceries/toiletries_health_and_beauty/hair_care/shampoo', 'waitrose_rating': None, 'waitrose_unit_price': '(83.3p/100ml)', 'waitrose_new_flag': None, 'waitrose_prod_name': 'Head & Shoulders Colour Protect 400ml', 'images': []}
DEBUG: Scraped from <200 https://www.waitrose.com/ecom/shop/browse/groceries/toiletries_health_and_beauty/hair_care/shampoo>
{'client': 'Waitrose', 'time': datetime.datetime(2020, 9, 10, 0, 43, 46, 963376), 'category': 'Shampoo', 'id': 'tPp407453-471203-471204', 'prod_name': 'Ogx Biotin & Collagen Shampoo', 'waitrose_Qty': '385ml', 'waitrose_discounted_price': '£7.00', 'waitrose_offer_desc': None, 'waitrose_url': 'https://www.waitrose.com/ecom/shop/browse/groceries/toiletries_health_and_beauty/hair_care/shampoo', 'waitrose_rating': None, 'waitrose_unit_price': '(£1.82/100ml)', 'waitrose_new_flag': None, 'waitrose_prod_name': 'Ogx Biotin & Collagen Shampoo 385ml', 'images': []}
DEBUG: Scraped from <200 https://www.waitrose.com/ecom/shop/browse/groceries/toiletries_health_and_beauty/hair_care/shampoo>
{'client': 'Waitrose', 'time': datetime.datetime(2020, 9, 10, 0, 43, 46, 963376), 'category': 'Shampoo', 'id': 'tPp839781-154875-154876', 'prod_name': 'Aussie miracle moist shampoo', 'waitrose_Qty': '500ml', 'waitrose_discounted_price': '£6.15', 'waitrose_offer_desc': None, 'waitrose_url': 'https://www.waitrose.com/ecom/shop/browse/groceries/toiletries_health_and_beauty/hair_care/shampoo', 'waitrose_rating': None, 'waitrose_unit_price': '(£1.23/100ml)', 'waitrose_new_flag': None, 'waitrose_prod_name': 'Aussie miracle moist shampoo 500ml', 'images': []}
DEBUG: Scraped from <200 https://www.waitrose.com/ecom/shop/browse/groceries/toiletries_health_and_beauty/hair_care/shampoo>
{'client': 'Waitrose', 'time': datetime.datetime(2020, 9, 10, 0, 43, 46, 963376), 'category': 'Shampoo', 'id': 'tPp824583-694195-694196', 'prod_name': 'Pantene Repair & Protect Shampoo', 'waitrose_Qty': '500ml', 'waitrose_discounted_price': '£3.75', 'waitrose_offer_desc': None, 'waitrose_url': 'https://www.waitrose.com/ecom/shop/browse/groceries/toiletries_health_and_beauty/hair_care/shampoo', 'waitrose_rating': None, 'waitrose_unit_price': '(75p/100ml)', 'waitrose_new_flag': None, 'waitrose_prod_name': 'Pantene Repair & Protect Shampoo 500ml', 'images': []}
DEBUG: Scraped from <200 https://www.waitrose.com/ecom/shop/browse/groceries/toiletries_health_and_beauty/hair_care/shampoo>
{'client': 'Waitrose', 'time': datetime.datetime(2020, 9, 10, 0, 43, 46, 963376), 'category': 'Shampoo', 'id': 'tPp703131-695681-695682', 'prod_name': 'Head & Shoulders Repair Shampoo', 'waitrose_Qty': '400ml', 'waitrose_discounted_price': '£3.33', 'waitrose_offer_desc': 'Save 1/3.', 'waitrose_url': 'https://www.waitrose.com/ecom/shop/browse/groceries/toiletries_health_and_beauty/hair_care/shampoo', 'waitrose_rating': '4', 'waitrose_unit_price': '(83.3p/100ml)', 'waitrose_new_flag': None, 'waitrose_prod_name': 'Head & Shoulders Repair Shampoo 400ml', 'images': []}
DEBUG: Scraped from <200 https://www.waitrose.com/ecom/shop/browse/groceries/toiletries_health_and_beauty/hair_care/shampoo>
{'client': 'Waitrose', 'time': datetime.datetime(2020, 9, 10, 0, 43, 46, 963376), 'category': 'Shampoo', 'id': 'tPp582132-472091-472092', 'prod_name': 'Ogx Argan Oil Morocco Shampoo', 'waitrose_Qty': '385ml', 'waitrose_discounted_price': '£7.00', 'waitrose_offer_desc': None, 'waitrose_url': 'https://www.waitrose.com/ecom/shop/browse/groceries/toiletries_health_and_beauty/hair_care/shampoo', 'waitrose_rating': '4', 'waitrose_unit_price': '(£1.82/100ml)', 'waitrose_new_flag': None, 'waitrose_prod_name': 'Ogx Argan Oil Morocco Shampoo 385ml', 'images': []}
DEBUG: Scraped from <200 https://www.waitrose.com/ecom/shop/browse/groceries/toiletries_health_and_beauty/hair_care/shampoo>
{'client': 'Waitrose', 'time': datetime.datetime(2020, 9, 10, 0, 43, 46, 963376), 'category': 'Shampoo', 'id': 'tPp836753-694201-694202', 'prod_name': 'Pantene Volume & Body Shampoo', 'waitrose_Qty': '500ml', 'waitrose_discounted_price': '£5.15', 'waitrose_offer_desc': None, 'waitrose_url': 'https://www.waitrose.com/ecom/shop/browse/groceries/toiletries_health_and_beauty/hair_care/shampoo', 'waitrose_rating': None, 'waitrose_unit_price': '(£1.03/100ml)', 'waitrose_new_flag': None, 'waitrose_prod_name': 'Pantene Volume & Body Shampoo 500ml', 'images': []}
DEBUG: Scraped from <200 https://www.waitrose.com/ecom/shop/browse/groceries/toiletries_health_and_beauty/hair_care/shampoo>
{'client': 'Waitrose', 'time': datetime.datetime(2020, 9, 10, 0, 43, 46, 963376), 'category': 'Shampoo', 'id': 'tPp062495-31737-31738', 'prod_name': 'Neutrogena T/Gel shampoo dry hair', 'waitrose_Qty': '125ml', 'waitrose_discounted_price': '£5.15', 'waitrose_offer_desc': None, 'waitrose_url': 'https://www.waitrose.com/ecom/shop/browse/groceries/toiletries_health_and_beauty/hair_care/shampoo', 'waitrose_rating': None, 'waitrose_unit_price': '(£4.12/100ml)', 'waitrose_new_flag': None, 'waitrose_prod_name': 'Neutrogena T/Gel shampoo dry hair 125ml', 'images': []}
DEBUG: Scraped from <200 https://www.waitrose.com/ecom/shop/browse/groceries/toiletries_health_and_beauty/hair_care/shampoo>
{'client': 'Waitrose', 'time': datetime.datetime(2020, 9, 10, 0, 43, 46, 963376), 'category': 'Shampoo', 'id': 'tPp808436-720325-720326', 'prod_name': 'Hask Biotin Boost Shampoo', 'waitrose_Qty': '355ml', 'waitrose_discounted_price': '£4.66', 'waitrose_offer_desc': 'Save 1/3.', 'waitrose_url': 'https://www.waitrose.com/ecom/shop/browse/groceries/toiletries_health_and_beauty/hair_care/shampoo', 'waitrose_rating': None, 'waitrose_unit_price': '(£1.32/100ml)', 'waitrose_new_flag': None, 'waitrose_prod_name': 'Hask Biotin Boost Shampoo 355ml', 'images': []}
DEBUG: Scraped from <200 https://www.waitrose.com/ecom/shop/browse/groceries/toiletries_health_and_beauty/hair_care/shampoo>
{'client': 'Waitrose', 'time': datetime.datetime(2020, 9, 10, 0, 43, 46, 963376), 'category': 'Shampoo', 'id': 'tPp657930-695639-695640', 'prod_name': 'Noughty Pumped Up Shampoo', 'waitrose_Qty': '250ml', 'waitrose_discounted_price': '£4.66', 'waitrose_offer_desc': 'Save 1/3.', 'waitrose_url': 'https://www.waitrose.com/ecom/shop/browse/groceries/toiletries_health_and_beauty/hair_care/shampoo', 'waitrose_rating': '5', 'waitrose_unit_price': '(£1.87/100ml)', 'waitrose_new_flag': None, 'waitrose_prod_name': 'Noughty Pumped Up Shampoo 250ml', 'images': []}
DEBUG: Scraped from <200 https://www.waitrose.com/ecom/shop/browse/groceries/toiletries_health_and_beauty/hair_care/shampoo>
{'client': 'Waitrose', 'time': datetime.datetime(2020, 9, 10, 0, 43, 46, 963376), 'category': 'Shampoo', 'id': 'tPp645178-695617-695618', 'prod_name': 'John Frieda Shampoo Weightless Wonder', 'waitrose_Qty': '250ml', 'waitrose_discounted_price': '£3.99', 'waitrose_offer_desc': 'Save 1/3.', 'waitrose_url': 'https://www.waitrose.com/ecom/shop/browse/groceries/toiletries_health_and_beauty/hair_care/shampoo', 'waitrose_rating': '4.6', 'waitrose_unit_price': '(£1.60/100ml)', 'waitrose_new_flag': None, 'waitrose_prod_name': 'John Frieda Shampoo Weightless Wonder 250ml', 'images': []}
DEBUG: Scraped from <200 https://www.waitrose.com/ecom/shop/browse/groceries/toiletries_health_and_beauty/hair_care/shampoo>
{'client': 'Waitrose', 'time': datetime.datetime(2020, 9, 10, 0, 43, 46, 963376), 'category': 'Shampoo', 'id': 'tPp530991-695493-695494', 'prod_name': 'John Frieda Shampoo Detox & Repair', 'waitrose_Qty': '250ml', 'waitrose_discounted_price': '£3.99', 'waitrose_offer_desc': 'Save 1/3.', 'waitrose_url': 'https://www.waitrose.com/ecom/shop/browse/groceries/toiletries_health_and_beauty/hair_care/shampoo', 'waitrose_rating': None, 'waitrose_unit_price': '(£1.60/100ml)', 'waitrose_new_flag': None, 'waitrose_prod_name': 'John Frieda Shampoo Detox & Repair 250ml', 'images': []}
DEBUG: Scraped from <200 https://www.waitrose.com/ecom/shop/browse/groceries/toiletries_health_and_beauty/hair_care/shampoo>
{'client': 'Waitrose', 'time': datetime.datetime(2020, 9, 10, 0, 43, 46, 963376), 'category': 'Shampoo', 'id': 'tPp492466-631281-631282', 'prod_name': 'Hask Keratin Protein Smoothing Shampoo', 'waitrose_Qty': '355ml', 'waitrose_discounted_price': '£4.66', 'waitrose_offer_desc': 'Save 1/3.', 'waitrose_url': 'https://www.waitrose.com/ecom/shop/browse/groceries/toiletries_health_and_beauty/hair_care/shampoo', 'waitrose_rating': None, 'waitrose_unit_price': '(£1.32/100ml)', 'waitrose_new_flag': None, 'waitrose_prod_name': 'Hask Keratin Protein Smoothing Shampoo 355ml', 'images': []}
DEBUG: Scraped from <200 https://www.waitrose.com/ecom/shop/browse/groceries/toiletries_health_and_beauty/hair_care/shampoo>
{'client': 'Waitrose', 'time': datetime.datetime(2020, 9, 10, 0, 43, 46, 963376), 'category': 'Shampoo', 'id': 'tPp427668-591713-591714', 'prod_name': 'Herbal Essences Hydrate Shampoo', 'waitrose_Qty': '400ml', 'waitrose_discounted_price': '£4.50', 'waitrose_offer_desc': None, 'waitrose_url': 'https://www.waitrose.com/ecom/shop/browse/groceries/toiletries_health_and_beauty/hair_care/shampoo', 'waitrose_rating': '5', 'waitrose_unit_price': '(£1.13/100ml)', 'waitrose_new_flag': None, 'waitrose_prod_name': 'Herbal Essences Hydrate Shampoo 400ml', 'images': []}
DEBUG: Scraped from <200 https://www.waitrose.com/ecom/shop/browse/groceries/toiletries_health_and_beauty/hair_care/shampoo>
{'client': 'Waitrose', 'time': datetime.datetime(2020, 9, 10, 0, 43, 46, 963376), 'category': 'Shampoo', 'id': 'tPp895244-495222-495223', 'prod_name': 'DGJ Clarifying Shampoo', 'waitrose_Qty': '250ml', 'waitrose_discounted_price': '£2.50', 'waitrose_offer_desc': 'Half Price.', 'waitrose_url': 'https://www.waitrose.com/ecom/shop/browse/groceries/toiletries_health_and_beauty/hair_care/shampoo', 'waitrose_rating': None, 'waitrose_unit_price': '(£1/100ml)', 'waitrose_new_flag': None, 'waitrose_prod_name': 'DGJ Clarifying Shampoo 250ml', 'images': []}
DEBUG: Scraped from <200 https://www.waitrose.com/ecom/shop/browse/groceries/toiletries_health_and_beauty/hair_care/shampoo>
{'client': 'Waitrose', 'time': datetime.datetime(2020, 9, 10, 0, 43, 46, 963376), 'category': 'Shampoo', 'id': 'tPp047805-23664-23665', 'prod_name': 'Avalon Organics tea tree shampoo', 'waitrose_Qty': '325ml', 'waitrose_discounted_price': '£7.00', 'waitrose_offer_desc': None, 'waitrose_url': 'https://www.waitrose.com/ecom/shop/browse/groceries/toiletries_health_and_beauty/hair_care/shampoo', 'waitrose_rating': '4.9', 'waitrose_unit_price': '(£2.16/100ml)', 'waitrose_new_flag': None, 'waitrose_prod_name': 'Avalon Organics tea tree shampoo 325ml', 'images': []}
DEBUG: Scraped from <200 https://www.waitrose.com/ecom/shop/browse/groceries/toiletries_health_and_beauty/hair_care/shampoo>
{'client': 'Waitrose', 'time': datetime.datetime(2020, 9, 10, 0, 43, 46, 963376), 'category': 'Shampoo', 'id': 'tPp581617-694173-694174', 'prod_name': 'Pantene Colour Protect Shampoo', 'waitrose_Qty': '500ml', 'waitrose_discounted_price': '£5.15', 'waitrose_offer_desc': None, 'waitrose_url': 'https://www.waitrose.com/ecom/shop/browse/groceries/toiletries_health_and_beauty/hair_care/shampoo', 'waitrose_rating': None, 'waitrose_unit_price': '(£1.03/100ml)', 'waitrose_new_flag': None, 'waitrose_prod_name': 'Pantene Colour Protect Shampoo 500ml', 'images': []}
DEBUG: Scraped from <200 https://www.waitrose.com/ecom/shop/browse/groceries/toiletries_health_and_beauty/hair_care/shampoo>
{'client': 'Waitrose', 'time': datetime.datetime(2020, 9, 10, 0, 43, 46, 963376), 'category': 'Shampoo', 'id': 'tPp486943-68769-68770', 'prod_name': 'Head & Shoulders 2in1 classic clean', 'waitrose_Qty': '225ml', 'waitrose_discounted_price': '£3.00', 'waitrose_offer_desc': None, 'waitrose_url': 'https://www.waitrose.com/ecom/shop/browse/groceries/toiletries_health_and_beauty/hair_care/shampoo', 'waitrose_rating': '4', 'waitrose_unit_price': '(£1.34/100ml)', 'waitrose_new_flag': None, 'waitrose_prod_name': 'Head & Shoulders 2in1 classic clean 225ml', 'images': []}
DEBUG: Scraped from <200 https://www.waitrose.com/ecom/shop/browse/groceries/toiletries_health_and_beauty/hair_care/shampoo>
{'client': 'Waitrose', 'time': datetime.datetime(2020, 9, 10, 0, 43, 46, 963376), 'category': 'Shampoo', 'id': 'tPp853982-154925-154926', 'prod_name': 'Batiste blush dry shampoo', 'waitrose_Qty': '200ml', 'waitrose_discounted_price': '£3.00', 'waitrose_offer_desc': None, 'waitrose_url': 'https://www.waitrose.com/ecom/shop/browse/groceries/toiletries_health_and_beauty/hair_care/shampoo', 'waitrose_rating': '4', 'waitrose_unit_price': '(£1.50/100ml)', 'waitrose_new_flag': None, 'waitrose_prod_name': 'Batiste blush dry shampoo 200ml', 'images': []}
DEBUG: Scraped from <200 https://www.waitrose.com/ecom/shop/browse/groceries/toiletries_health_and_beauty/hair_care/shampoo>
{'client': 'Waitrose', 'time': datetime.datetime(2020, 9, 10, 0, 43, 46, 963376), 'category': 'Shampoo', 'id': 'tPp649492-695625-695626', 'prod_name': 'Vosene Kids 2in1 Melon Shampoo', 'waitrose_Qty': '250ml', 'waitrose_discounted_price': '£1.33', 'waitrose_offer_desc': 'Save 1/3.', 'waitrose_url': 'https://www.waitrose.com/ecom/shop/browse/groceries/toiletries_health_and_beauty/hair_care/shampoo', 'waitrose_rating': None, 'waitrose_unit_price': '(53.2p/100ml)', 'waitrose_new_flag': None, 'waitrose_prod_name': 'Vosene Kids 2in1 Melon Shampoo 250ml', 'images': []}
DEBUG: Scraped from <200 https://www.waitrose.com/ecom/shop/browse/groceries/toiletries_health_and_beauty/hair_care/shampoo>
{'client': 'Waitrose', 'time': datetime.datetime(2020, 9, 10, 0, 43, 46, 963376), 'category': 'Shampoo', 'id': 'tPp631829-695597-695598', 'prod_name': 'Noughty Detox Dynamo Shampoo', 'waitrose_Qty': '250ml', 'waitrose_discounted_price': '£4.66', 'waitrose_offer_desc': 'Save 1/3.', 'waitrose_url': 'https://www.waitrose.com/ecom/shop/browse/groceries/toiletries_health_and_beauty/hair_care/shampoo', 'waitrose_rating': None, 'waitrose_unit_price': '(£1.87/100ml)', 'waitrose_new_flag': None, 'waitrose_prod_name': 'Noughty Detox Dynamo Shampoo 250ml', 'images': []}
DEBUG: Scraped from <200 https://www.waitrose.com/ecom/shop/browse/groceries/toiletries_health_and_beauty/hair_care/shampoo>
{'client': 'Waitrose', 'time': datetime.datetime(2020, 9, 10, 0, 43, 46, 963376), 'category': 'Shampoo', 'id': 'tPp752186-631541-631542', 'prod_name': 'Ogx Coconut OIl Shampoo', 'waitrose_Qty': '385ml', 'waitrose_discounted_price': '£7.00', 'waitrose_offer_desc': None, 'waitrose_url': 'https://www.waitrose.com/ecom/shop/browse/groceries/toiletries_health_and_beauty/hair_care/shampoo', 'waitrose_rating': None, 'waitrose_unit_price': '(£1.82/100ml)', 'waitrose_new_flag': None, 'waitrose_prod_name': 'Ogx Coconut OIl Shampoo 385ml', 'images': []}
DEBUG: Scraped from <200 https://www.waitrose.com/ecom/shop/browse/groceries/toiletries_health_and_beauty/hair_care/shampoo>
{'client': 'Waitrose', 'time': datetime.datetime(2020, 9, 10, 0, 43, 46, 963376), 'category': 'Shampoo', 'id': 'tPp807825-473364-473365', 'prod_name': 'SenSpa Deep Cleanse Shampoo', 'waitrose_Qty': '250ml', 'waitrose_discounted_price': '£4.00', 'waitrose_offer_desc': 'Save 1/3.', 'waitrose_url': 'https://www.waitrose.com/ecom/shop/browse/groceries/toiletries_health_and_beauty/hair_care/shampoo', 'waitrose_rating': '3.7', 'waitrose_unit_price': '(£1.60/100ml)', 'waitrose_new_flag': None, 'waitrose_prod_name': 'SenSpa Deep Cleanse Shampoo 250ml', 'images': []}
DEBUG: Scraped from <200 https://www.waitrose.com/ecom/shop/browse/groceries/toiletries_health_and_beauty/hair_care/shampoo>
{'client': 'Waitrose', 'time': datetime.datetime(2020, 9, 10, 0, 43, 46, 963376), 'category': 'Shampoo', 'id': 'tPp735751-154731-154732', 'prod_name': 'Aussie aussome volume shampoo', 'waitrose_Qty': '500ml', 'waitrose_discounted_price': '£6.10', 'waitrose_offer_desc': None, 'waitrose_url': 'https://www.waitrose.com/ecom/shop/browse/groceries/toiletries_health_and_beauty/hair_care/shampoo', 'waitrose_rating': None, 'waitrose_unit_price': '(£1.22/100ml)', 'waitrose_new_flag': None, 'waitrose_prod_name': 'Aussie aussome volume shampoo 500ml', 'images': []}
DEBUG: Scraped from <200 https://www.waitrose.com/ecom/shop/browse/groceries/toiletries_health_and_beauty/hair_care/shampoo>
{'client': 'Waitrose', 'time': datetime.datetime(2020, 9, 10, 0, 43, 46, 963376), 'category': 'Shampoo', 'id': 'tPp662395-154665-154666', 'prod_name': 'Aussie colour mate shampoo', 'waitrose_Qty': '500ml', 'waitrose_discounted_price': '£6.15', 'waitrose_offer_desc': None, 'waitrose_url': 'https://www.waitrose.com/ecom/shop/browse/groceries/toiletries_health_and_beauty/hair_care/shampoo', 'waitrose_rating': None, 'waitrose_unit_price': '(£1.23/100ml)', 'waitrose_new_flag': None, 'waitrose_prod_name': 'Aussie colour mate shampoo 500ml', 'images': []}
DEBUG: Scraped from <200 https://www.waitrose.com/ecom/shop/browse/groceries/toiletries_health_and_beauty/hair_care/shampoo>
{'client': 'Waitrose', 'time': datetime.datetime(2020, 9, 10, 0, 43, 46, 963376), 'category': 'Shampoo', 'id': 'tPp432893-216691-216692', 'prod_name': 'Head & Shoulders Shampoo Apple Fresh', 'waitrose_Qty': '500ml', 'waitrose_discounted_price': '£5.15', 'waitrose_offer_desc': None, 'waitrose_url': 'https://www.waitrose.com/ecom/shop/browse/groceries/toiletries_health_and_beauty/hair_care/shampoo', 'waitrose_rating': None, 'waitrose_unit_price': '(£1.03/100ml)', 'waitrose_new_flag': None, 'waitrose_prod_name': 'Head & Shoulders Shampoo Apple Fresh 500ml', 'images': []}
DEBUG: Scraped from <200 https://www.waitrose.com/ecom/shop/browse/groceries/toiletries_health_and_beauty/hair_care/shampoo>
{'client': 'Waitrose', 'time': datetime.datetime(2020, 9, 10, 0, 43, 46, 963376), 'category': 'Shampoo', 'id': 'tPp711843-717497-717498', 'prod_name': "L'Oreal Elvive Colour Shampoo", 'waitrose_Qty': '400ml', 'waitrose_discounted_price': '£3.75', 'waitrose_offer_desc': None, 'waitrose_url': 'https://www.waitrose.com/ecom/shop/browse/groceries/toiletries_health_and_beauty/hair_care/shampoo', 'waitrose_rating': None, 'waitrose_unit_price': '(93.8p/100ml)', 'waitrose_new_flag': None, 'waitrose_prod_name': "L'Oreal Elvive Colour Shampoo 400ml", 'images': []}
DEBUG: Scraped from <200 https://www.waitrose.com/ecom/shop/browse/groceries/toiletries_health_and_beauty/hair_care/shampoo>
{'client': 'Waitrose', 'time': datetime.datetime(2020, 9, 10, 0, 43, 46, 963376), 'category': 'Shampoo', 'id': 'tPp686838-346630-346631', 'prod_name': 'Richard Ward argan antiageing shampoo', 'waitrose_Qty': '250ml', 'waitrose_discounted_price': '£6.00', 'waitrose_offer_desc': None, 'waitrose_url': 'https://www.waitrose.com/ecom/shop/browse/groceries/toiletries_health_and_beauty/hair_care/shampoo', 'waitrose_rating': '4.1', 'waitrose_unit_price': '(£2.40/100ml)', 'waitrose_new_flag': None, 'waitrose_prod_name': 'Richard Ward argan antiageing shampoo 250ml', 'images': []}
DEBUG: Scraped from <200 https://www.waitrose.com/ecom/shop/browse/groceries/toiletries_health_and_beauty/hair_care/shampoo>
{'client': 'Waitrose', 'time': datetime.datetime(2020, 9, 10, 0, 43, 46, 963376), 'category': 'Shampoo', 'id': 'tPp453160-695433-695434', 'prod_name': 'Argan+ Long & Strong Shampoo', 'waitrose_Qty': '300ml', 'waitrose_discounted_price': '£4.00', 'waitrose_offer_desc': 'Save 1/3.', 'waitrose_url': 'https://www.waitrose.com/ecom/shop/browse/groceries/toiletries_health_and_beauty/hair_care/shampoo', 'waitrose_rating': None, 'waitrose_unit_price': '(£1.34/100ml)', 'waitrose_new_flag': None, 'waitrose_prod_name': 'Argan+ Long & Strong Shampoo 300ml', 'images': []}
DEBUG: Scraped from <200 https://www.waitrose.com/ecom/shop/browse/groceries/toiletries_health_and_beauty/hair_care/shampoo>
{'client': 'Waitrose', 'time': datetime.datetime(2020, 9, 10, 0, 43, 46, 963376), 'category': 'Shampoo', 'id': 'tPp810302-683828-683829', 'prod_name': 'Herbal Essences Deep Repair Shampoo', 'waitrose_Qty': '400ml', 'waitrose_discounted_price': '£4.50', 'waitrose_offer_desc': None, 'waitrose_url': 'https://www.waitrose.com/ecom/shop/browse/groceries/toiletries_health_and_beauty/hair_care/shampoo', 'waitrose_rating': None, 'waitrose_unit_price': '(£1.13/100ml)', 'waitrose_new_flag': None, 'waitrose_prod_name': 'Herbal Essences Deep Repair Shampoo 400ml', 'images': []}
DEBUG: Scraped from <200 https://www.waitrose.com/ecom/shop/browse/groceries/toiletries_health_and_beauty/hair_care/shampoo>
{'client': 'Waitrose', 'time': datetime.datetime(2020, 9, 10, 0, 43, 46, 963376), 'category': 'Shampoo', 'id': 'tPp882824-154983-154984', 'prod_name': 'Head & Shoulders itchy scalp shampoo', 'waitrose_Qty': '500ml', 'waitrose_discounted_price': '£5.15', 'waitrose_offer_desc': None, 'waitrose_url': 'https://www.waitrose.com/ecom/shop/browse/groceries/toiletries_health_and_beauty/hair_care/shampoo', 'waitrose_rating': '5', 'waitrose_unit_price': '(£1.03/100ml)', 'waitrose_new_flag': None, 'waitrose_prod_name': 'Head & Shoulders itchy scalp shampoo 500ml', 'images': []}
DEBUG: Scraped from <200 https://www.waitrose.com/ecom/shop/browse/groceries/toiletries_health_and_beauty/hair_care/shampoo>
{'client': 'Waitrose', 'time': datetime.datetime(2020, 9, 10, 0, 43, 46, 963376), 'category': 'Shampoo', 'id': 'tPp484035-715885-715886', 'prod_name': "L'Oreal Elvive Oil Nourishing Shampoo", 'waitrose_Qty': '400ml', 'waitrose_discounted_price': '£3.75', 'waitrose_offer_desc': None, 'waitrose_url': 'https://www.waitrose.com/ecom/shop/browse/groceries/toiletries_health_and_beauty/hair_care/shampoo', 'waitrose_rating': None, 'waitrose_unit_price': '(93.8p/100ml)', 'waitrose_new_flag': None, 'waitrose_prod_name': "L'Oreal Elvive Oil Nourishing Shampoo 400ml", 'images': []}
DEBUG: Scraped from <200 https://www.waitrose.com/ecom/shop/browse/groceries/toiletries_health_and_beauty/hair_care/shampoo>
{'client': 'Waitrose', 'time': datetime.datetime(2020, 9, 10, 0, 43, 46, 963376), 'category': 'Shampoo', 'id': 'tPp852396-695857-695858', 'prod_name': 'BECO. Honey Blossom Shampoo Bar', 'waitrose_Qty': '90g', 'waitrose_discounted_price': '£4.00', 'waitrose_offer_desc': None, 'waitrose_url': 'https://www.waitrose.com/ecom/shop/browse/groceries/toiletries_health_and_beauty/hair_care/shampoo', 'waitrose_rating': '4.9', 'waitrose_unit_price': '(£4.45/100g)', 'waitrose_new_flag': None, 'waitrose_prod_name': 'BECO. Honey Blossom Shampoo Bar 90g', 'images': []}
DEBUG: Scraped from <200 https://www.waitrose.com/ecom/shop/browse/groceries/toiletries_health_and_beauty/hair_care/shampoo>
{'client': 'Waitrose', 'time': datetime.datetime(2020, 9, 10, 0, 43, 46, 963376), 'category': 'Shampoo', 'id': 'tPp816738-442231-442232', 'prod_name': 'SensSpa Nourishing Shampoo', 'waitrose_Qty': '250ml', 'waitrose_discounted_price': '£4.00', 'waitrose_offer_desc': 'Save 1/3.', 'waitrose_url': 'https://www.waitrose.com/ecom/shop/browse/groceries/toiletries_health_and_beauty/hair_care/shampoo', 'waitrose_rating': '2.6', 'waitrose_unit_price': '(£1.60/100ml)', 'waitrose_new_flag': None, 'waitrose_prod_name': 'SensSpa Nourishing Shampoo 250ml', 'images': []}
DEBUG: Scraped from <200 https://www.waitrose.com/ecom/shop/browse/groceries/toiletries_health_and_beauty/hair_care/shampoo>
{'client': 'Waitrose', 'time': datetime.datetime(2020, 9, 10, 0, 43, 46, 963376), 'category': 'Shampoo', 'id': 'tPp886458-216893-216894', 'prod_name': 'Ogx Brazilian Keratin Shampoo', 'waitrose_Qty': '385ml', 'waitrose_discounted_price': '£7.00', 'waitrose_offer_desc': None, 'waitrose_url': 'https://www.waitrose.com/ecom/shop/browse/groceries/toiletries_health_and_beauty/hair_care/shampoo', 'waitrose_rating': '5', 'waitrose_unit_price': '(£1.82/100ml)', 'waitrose_new_flag': None, 'waitrose_prod_name': 'Ogx Brazilian Keratin Shampoo 385ml', 'images': []}
DEBUG: Scraped from <200 https://www.waitrose.com/ecom/shop/browse/groceries/toiletries_health_and_beauty/hair_care/shampoo>
{'client': 'Waitrose', 'time': datetime.datetime(2020, 9, 10, 0, 43, 46, 963376), 'category': 'Shampoo', 'id': 'tPp821139-694191-694192', 'prod_name': 'Pantene Smooth & Sleek Shampoo', 'waitrose_Qty': '500ml', 'waitrose_discounted_price': '£5.15', 'waitrose_offer_desc': None, 'waitrose_url': 'https://www.waitrose.com/ecom/shop/browse/groceries/toiletries_health_and_beauty/hair_care/shampoo', 'waitrose_rating': None, 'waitrose_unit_price': '(£1.03/100ml)', 'waitrose_new_flag': None, 'waitrose_prod_name': 'Pantene Smooth & Sleek Shampoo 500ml', 'images': []}
DEBUG: Scraped from <200 https://www.waitrose.com/ecom/shop/browse/groceries/toiletries_health_and_beauty/hair_care/shampoo>
{'client': 'Waitrose', 'time': datetime.datetime(2020, 9, 10, 0, 43, 46, 963376), 'category': 'Shampoo', 'id': 'tPp027940-13599-13600', 'prod_name': 'Avalon Organics lemon shampoo', 'waitrose_Qty': '325ml', 'waitrose_discounted_price': '£7.00', 'waitrose_offer_desc': None, 'waitrose_url': 'https://www.waitrose.com/ecom/shop/browse/groceries/toiletries_health_and_beauty/hair_care/shampoo', 'waitrose_rating': '3.6', 'waitrose_unit_price': '(£2.16/100ml)', 'waitrose_new_flag': None, 'waitrose_prod_name': 'Avalon Organics lemon shampoo 325ml', 'images': []}
DEBUG: Scraped from <200 https://www.waitrose.com/ecom/shop/browse/groceries/toiletries_health_and_beauty/hair_care/shampoo>
{'client': 'Waitrose', 'time': datetime.datetime(2020, 9, 10, 0, 43, 46, 963376), 'category': 'Shampoo', 'id': 'tPp586765-735804-735805', 'prod_name': "L'Oreal Elvive Restoring Shampoo", 'waitrose_Qty': '400ml', 'waitrose_discounted_price': '£3.75', 'waitrose_offer_desc': None, 'waitrose_url': 'https://www.waitrose.com/ecom/shop/browse/groceries/toiletries_health_and_beauty/hair_care/shampoo', 'waitrose_rating': None, 'waitrose_unit_price': '(93.8p/100ml)', 'waitrose_new_flag': 'NEW', 'waitrose_prod_name': "L'Oreal Elvive Restoring Shampoo 400ml", 'images': []}
DEBUG: Scraped from <200 https://www.waitrose.com/ecom/shop/browse/groceries/toiletries_health_and_beauty/hair_care/shampoo>
{'client': 'Waitrose', 'time': datetime.datetime(2020, 9, 10, 0, 43, 46, 963376), 'category': 'Shampoo', 'id': 'tPp868154-695990-695991', 'prod_name': 'Hair Biology Purple Shampoo', 'waitrose_Qty': '250ml', 'waitrose_discounted_price': '£4.50', 'waitrose_offer_desc': None, 'waitrose_url': 'https://www.waitrose.com/ecom/shop/browse/groceries/toiletries_health_and_beauty/hair_care/shampoo', 'waitrose_rating': None, 'waitrose_unit_price': '(£1.80/100ml)', 'waitrose_new_flag': None, 'waitrose_prod_name': 'Hair Biology Purple Shampoo 250ml', 'images': []}
DEBUG: Scraped from <200 https://www.waitrose.com/ecom/shop/browse/groceries/toiletries_health_and_beauty/hair_care/shampoo>
{'client': 'Waitrose', 'time': datetime.datetime(2020, 9, 10, 0, 43, 46, 963376), 'category': 'Shampoo', 'id': 'tPp626001-88825-88826', 'prod_name': 'Head & Shoulders Shampoo Citrus Fresh', 'waitrose_Qty': '500ml', 'waitrose_discounted_price': '£5.15', 'waitrose_offer_desc': None, 'waitrose_url': 'https://www.waitrose.com/ecom/shop/browse/groceries/toiletries_health_and_beauty/hair_care/shampoo', 'waitrose_rating': None, 'waitrose_unit_price': '(£1.03/100ml)', 'waitrose_new_flag': None, 'waitrose_prod_name': 'Head & Shoulders Shampoo Citrus Fresh 500ml', 'images': []}
DEBUG: Scraped from <200 https://www.waitrose.com/ecom/shop/browse/groceries/toiletries_health_and_beauty/hair_care/shampoo>
{'client': 'Waitrose', 'time': datetime.datetime(2020, 9, 10, 0, 43, 46, 963376), 'category': 'Shampoo', 'id': 'tPp756229-563906-563907', 'prod_name': 'Head & Shoulders 2 in 1 Total Care', 'waitrose_Qty': '225ml', 'waitrose_discounted_price': '£3.00', 'waitrose_offer_desc': None, 'waitrose_url': 'https://www.waitrose.com/ecom/shop/browse/groceries/toiletries_health_and_beauty/hair_care/shampoo', 'waitrose_rating': None, 'waitrose_unit_price': '(£1.34/100ml)', 'waitrose_new_flag': None, 'waitrose_prod_name': 'Head & Shoulders 2 in 1 Total Care 225ml', 'images': []}
DEBUG: Scraped from <200 https://www.waitrose.com/ecom/shop/browse/groceries/toiletries_health_and_beauty/hair_care/shampoo>
{'client': 'Waitrose', 'time': datetime.datetime(2020, 9, 10, 0, 43, 46, 963376), 'category': 'Shampoo', 'id': 'tPp527154-720165-720166', 'prod_name': 'Maui Moisture Hibiscus Water', 'waitrose_Qty': '385ml', 'waitrose_discounted_price': '£6.00', 'waitrose_offer_desc': 'Save 1/3.', 'waitrose_url': 'https://www.waitrose.com/ecom/shop/browse/groceries/toiletries_health_and_beauty/hair_care/shampoo', 'waitrose_rating': None, 'waitrose_unit_price': '(£1.56/100ml)', 'waitrose_new_flag': None, 'waitrose_prod_name': 'Maui Moisture Hibiscus Water 385ml', 'images': []}
DEBUG: Scraped from <200 https://www.waitrose.com/ecom/shop/browse/groceries/toiletries_health_and_beauty/hair_care/shampoo>
{'client': 'Waitrose', 'time': datetime.datetime(2020, 9, 10, 0, 43, 46, 963376), 'category': 'Shampoo', 'id': 'tPp829437-695831-695832', 'prod_name': 'Umberto Giannini Grow Long Shampoo', 'waitrose_Qty': '250ml', 'waitrose_discounted_price': '£8.00', 'waitrose_offer_desc': 'Mix & Match Add 3 for 2 Cheapest Item Free', 'waitrose_url': 'https://www.waitrose.com/ecom/shop/browse/groceries/toiletries_health_and_beauty/hair_care/shampoo', 'waitrose_rating': '5', 'waitrose_unit_price': '(£3.20/100ml)', 'waitrose_new_flag': None, 'waitrose_prod_name': 'Umberto Giannini Grow Long Shampoo 250ml', 'images': []}
DEBUG: Scraped from <200 https://www.waitrose.com/ecom/shop/browse/groceries/toiletries_health_and_beauty/hair_care/shampoo>
{'client': 'Waitrose', 'time': datetime.datetime(2020, 9, 10, 0, 43, 46, 963376), 'category': 'Shampoo', 'id': 'tPp480728-631267-631268', 'prod_name': 'Ogx Orchid Oil Shampoo', 'waitrose_Qty': '385ml', 'waitrose_discounted_price': '£7.00', 'waitrose_offer_desc': None, 'waitrose_url': 'https://www.waitrose.com/ecom/shop/browse/groceries/toiletries_health_and_beauty/hair_care/shampoo', 'waitrose_rating': '5', 'waitrose_unit_price': '(£1.82/100ml)', 'waitrose_new_flag': None, 'waitrose_prod_name': 'Ogx Orchid Oil Shampoo 385ml', 'images': []}
DEBUG: Scraped from <200 https://www.waitrose.com/ecom/shop/browse/groceries/toiletries_health_and_beauty/hair_care/shampoo>
{'client': 'Waitrose', 'time': datetime.datetime(2020, 9, 10, 0, 43, 46, 963376), 'category': 'Shampoo', 'id': 'tPp867514-720387-720388', 'prod_name': 'Head & Shoulders Coconut Shampoo', 'waitrose_Qty': '500ml', 'waitrose_discounted_price': '£5.00', 'waitrose_offer_desc': None, 'waitrose_url': 'https://www.waitrose.com/ecom/shop/browse/groceries/toiletries_health_and_beauty/hair_care/shampoo', 'waitrose_rating': None, 'waitrose_unit_price': '(£1/100ml)', 'waitrose_new_flag': None, 'waitrose_prod_name': 'Head & Shoulders Coconut Shampoo 500ml', 'images': []}
DEBUG: Scraped from <200 https://www.waitrose.com/ecom/shop/browse/groceries/toiletries_health_and_beauty/hair_care/shampoo>
{'client': 'Waitrose', 'time': datetime.datetime(2020, 9, 10, 0, 43, 46, 963376), 'category': 'Shampoo', 'id': 'tPp076232-38732-38733', 'prod_name': 'AOrganic Lavender Shampoo', 'waitrose_Qty': '325ml', 'waitrose_discounted_price': '£7.00', 'waitrose_offer_desc': None, 'waitrose_url': 'https://www.waitrose.com/ecom/shop/browse/groceries/toiletries_health_and_beauty/hair_care/shampoo', 'waitrose_rating': '3.8', 'waitrose_unit_price': '(£2.16/100ml)', 'waitrose_new_flag': None, 'waitrose_prod_name': 'AOrganic Lavender Shampoo 325ml', 'images': []}
DEBUG: Scraped from <200 https://www.waitrose.com/ecom/shop/browse/groceries/toiletries_health_and_beauty/hair_care/shampoo>
{'client': 'Waitrose', 'time': datetime.datetime(2020, 9, 10, 0, 43, 46, 963376), 'category': 'Shampoo', 'id': 'tPp032765-16025-16026', 'prod_name': "L'Oréal kids shampoo berry strawberry", 'waitrose_Qty': '250ml', 'waitrose_discounted_price': '£2.00', 'waitrose_offer_desc': None, 'waitrose_url': 'https://www.waitrose.com/ecom/shop/browse/groceries/toiletries_health_and_beauty/hair_care/shampoo', 'waitrose_rating': None, 'waitrose_unit_price': '(80p/100ml)', 'waitrose_new_flag': None, 'waitrose_prod_name': "L'Oréal kids shampoo berry strawberry 250ml", 'images': []}
DEBUG: Scraped from <200 https://www.waitrose.com/ecom/shop/browse/groceries/toiletries_health_and_beauty/hair_care/shampoo>
{'client': 'Waitrose', 'time': datetime.datetime(2020, 9, 10, 0, 43, 46, 963376), 'category': 'Shampoo', 'id': 'tPp714629-729752-729753', 'prod_name': 'OGX Keratin Oil Shampoo', 'waitrose_Qty': '385ml', 'waitrose_discounted_price': '£7.00', 'waitrose_offer_desc': None, 'waitrose_url': 'https://www.waitrose.com/ecom/shop/browse/groceries/toiletries_health_and_beauty/hair_care/shampoo', 'waitrose_rating': None, 'waitrose_unit_price': '(£1.82/100ml)', 'waitrose_new_flag': None, 'waitrose_prod_name': 'OGX Keratin Oil Shampoo 385ml', 'images': []}
DEBUG: Scraped from <200 https://www.waitrose.com/ecom/shop/browse/groceries/toiletries_health_and_beauty/hair_care/shampoo>
{'client': 'Waitrose', 'time': datetime.datetime(2020, 9, 10, 0, 43, 46, 963376), 'category': 'Shampoo', 'id': 'tPp567481-719558-719559', 'prod_name': 'Fit Kit Gentle Shampoo &Conditioner', 'waitrose_Qty': '200ml', 'waitrose_discounted_price': '£4.00', 'waitrose_offer_desc': None, 'waitrose_url': 'https://www.waitrose.com/ecom/shop/browse/groceries/toiletries_health_and_beauty/hair_care/shampoo', 'waitrose_rating': '5', 'waitrose_unit_price': '(£2/100ml)', 'waitrose_new_flag': None, 'waitrose_prod_name': 'Fit Kit Gentle Shampoo &Conditioner 200ml', 'images': []}
DEBUG: Scraped from <200 https://www.waitrose.com/ecom/shop/browse/groceries/toiletries_health_and_beauty/hair_care/shampoo>
{'client': 'Waitrose', 'time': datetime.datetime(2020, 9, 10, 0, 43, 46, 963376), 'category': 'Shampoo', 'id': 'tPp603087-695555-695556', 'prod_name': 'Noughty Colour Bomb Shampoo', 'waitrose_Qty': '250ml', 'waitrose_discounted_price': '£4.66', 'waitrose_offer_desc': 'Save 1/3.', 'waitrose_url': 'https://www.waitrose.com/ecom/shop/browse/groceries/toiletries_health_and_beauty/hair_care/shampoo', 'waitrose_rating': '3', 'waitrose_unit_price': '(£1.87/100ml)', 'waitrose_new_flag': None, 'waitrose_prod_name': 'Noughty Colour Bomb Shampoo 250ml', 'images': []}
DEBUG: Scraped from <200 https://www.waitrose.com/ecom/shop/browse/groceries/toiletries_health_and_beauty/hair_care/shampoo>
{'client': 'Waitrose', 'time': datetime.datetime(2020, 9, 10, 0, 43, 46, 963376), 'category': 'Shampoo', 'id': 'tPp554742-695503-695504', 'prod_name': 'Umberto Giannini Violet Shampoo', 'waitrose_Qty': '250ml', 'waitrose_discounted_price': '£8.00', 'waitrose_offer_desc': 'Mix & Match Add 3 for 2 Cheapest Item Free', 'waitrose_url': 'https://www.waitrose.com/ecom/shop/browse/groceries/toiletries_health_and_beauty/hair_care/shampoo', 'waitrose_rating': None, 'waitrose_unit_price': '(£3.20/100ml)', 'waitrose_new_flag': None, 'waitrose_prod_name': 'Umberto Giannini Violet Shampoo 250ml', 'images': []}
DEBUG: Scraped from <200 https://www.waitrose.com/ecom/shop/browse/groceries/toiletries_health_and_beauty/hair_care/shampoo>
{'client': 'Waitrose', 'time': datetime.datetime(2020, 9, 10, 0, 43, 46, 963376), 'category': 'Shampoo', 'id': 'tPp721134-337091-337092', 'prod_name': 'Aussie miracle shine shampoo', 'waitrose_Qty': '500ml', 'waitrose_discounted_price': '£6.00', 'waitrose_offer_desc': None, 'waitrose_url': 'https://www.waitrose.com/ecom/shop/browse/groceries/toiletries_health_and_beauty/hair_care/shampoo', 'waitrose_rating': None, 'waitrose_unit_price': '(£1.20/100ml)', 'waitrose_new_flag': None, 'waitrose_prod_name': 'Aussie miracle shine shampoo 500ml', 'images': []}
DEBUG: Scraped from <200 https://www.waitrose.com/ecom/shop/browse/groceries/toiletries_health_and_beauty/hair_care/shampoo>
{'client': 'Waitrose', 'time': datetime.datetime(2020, 9, 10, 0, 43, 46, 963376), 'category': 'Shampoo', 'id': 'tPp627460-154629-154630', 'prod_name': 'Aussie mega shampoo', 'waitrose_Qty': '500ml', 'waitrose_discounted_price': '£6.15', 'waitrose_offer_desc': None, 'waitrose_url': 'https://www.waitrose.com/ecom/shop/browse/groceries/toiletries_health_and_beauty/hair_care/shampoo', 'waitrose_rating': '3.8', 'waitrose_unit_price': '(£1.23/100ml)', 'waitrose_new_flag': None, 'waitrose_prod_name': 'Aussie mega shampoo 500ml', 'images': []}
DEBUG: Scraped from <200 https://www.waitrose.com/ecom/shop/browse/groceries/toiletries_health_and_beauty/hair_care/shampoo>
{'client': 'Waitrose', 'time': datetime.datetime(2020, 9, 10, 0, 43, 46, 963376), 'category': 'Shampoo', 'id': 'tPp790782-694215-694216', 'prod_name': 'Pantene 3in1 Smooth & Sleek', 'waitrose_Qty': '450ml', 'waitrose_discounted_price': '£3.75', 'waitrose_offer_desc': None, 'waitrose_url': 'https://www.waitrose.com/ecom/shop/browse/groceries/toiletries_health_and_beauty/hair_care/shampoo', 'waitrose_rating': None, 'waitrose_unit_price': '(83.3p/100ml)', 'waitrose_new_flag': None, 'waitrose_prod_name': 'Pantene 3in1 Smooth & Sleek 450ml', 'images': []}
DEBUG: Scraped from <200 https://www.waitrose.com/ecom/shop/browse/groceries/toiletries_health_and_beauty/hair_care/shampoo>
{'client': 'Waitrose', 'time': datetime.datetime(2020, 9, 10, 0, 43, 46, 963376), 'category': 'Shampoo', 'id': 'tPp820157-724089-724090', 'prod_name': 'Eco Warrior Shampoo Bar', 'waitrose_Qty': '100g', 'waitrose_discounted_price': '£4.50', 'waitrose_offer_desc': None, 'waitrose_url': 'https://www.waitrose.com/ecom/shop/browse/groceries/toiletries_health_and_beauty/hair_care/shampoo', 'waitrose_rating': None, 'waitrose_unit_price': '(£4.50/100g)', 'waitrose_new_flag': None, 'waitrose_prod_name': 'Eco Warrior Shampoo Bar 100g', 'images': []}
DEBUG: Scraped from <200 https://www.waitrose.com/ecom/shop/browse/groceries/toiletries_health_and_beauty/hair_care/shampoo>
{'client': 'Waitrose', 'time': datetime.datetime(2020, 9, 10, 0, 43, 46, 963376), 'category': 'Shampoo', 'id': 'tPp778297-720309-720310', 'prod_name': 'Pantene Grow Strong Shampoo', 'waitrose_Qty': '400ml', 'waitrose_discounted_price': '£3.75', 'waitrose_offer_desc': None, 'waitrose_url': 'https://www.waitrose.com/ecom/shop/browse/groceries/toiletries_health_and_beauty/hair_care/shampoo', 'waitrose_rating': None, 'waitrose_unit_price': '(93.8p/100ml)', 'waitrose_new_flag': None, 'waitrose_prod_name': 'Pantene Grow Strong Shampoo 400ml', 'images': []}
DEBUG: Scraped from <200 https://www.waitrose.com/ecom/shop/browse/groceries/toiletries_health_and_beauty/hair_care/shampoo>
{'client': 'Waitrose', 'time': datetime.datetime(2020, 9, 10, 0, 43, 46, 963376), 'category': 'Shampoo', 'id': 'tPp405353-729640-729641', 'prod_name': 'Percy & Reed No-Fuss Dry Shampoo', 'waitrose_Qty': '200ml', 'waitrose_discounted_price': '£15.00', 'waitrose_offer_desc': None, 'waitrose_url': 'https://www.waitrose.com/ecom/shop/browse/groceries/toiletries_health_and_beauty/hair_care/shampoo', 'waitrose_rating': '3.8', 'waitrose_unit_price': '(£7.50/100ml)', 'waitrose_new_flag': None, 'waitrose_prod_name': 'Percy & Reed No-Fuss Dry Shampoo 200ml', 'images': []}
DEBUG: Scraped from <200 https://www.waitrose.com/ecom/shop/browse/groceries/toiletries_health_and_beauty/hair_care/shampoo>
{'client': 'Waitrose', 'time': datetime.datetime(2020, 9, 10, 0, 43, 46, 963376), 'category': 'Shampoo', 'id': 'tPp724972-694185-694186', 'prod_name': 'Pantene 3in1 Repair & Protect', 'waitrose_Qty': '450ml', 'waitrose_discounted_price': '£3.75', 'waitrose_offer_desc': None, 'waitrose_url': 'https://www.waitrose.com/ecom/shop/browse/groceries/toiletries_health_and_beauty/hair_care/shampoo', 'waitrose_rating': None, 'waitrose_unit_price': '(83.3p/100ml)', 'waitrose_new_flag': None, 'waitrose_prod_name': 'Pantene 3in1 Repair & Protect 450ml', 'images': []}
DEBUG: Scraped from <200 https://www.waitrose.com/ecom/shop/browse/groceries/toiletries_health_and_beauty/hair_care/shampoo>
{'client': 'Waitrose', 'time': datetime.datetime(2020, 9, 10, 0, 43, 46, 963376), 'category': 'Shampoo', 'id': 'tPp480888-154495-154496', 'prod_name': 'Head & Shoulders Smooth Shampoo', 'waitrose_Qty': '500ml', 'waitrose_discounted_price': '£5.15', 'waitrose_offer_desc': None, 'waitrose_url': 'https://www.waitrose.com/ecom/shop/browse/groceries/toiletries_health_and_beauty/hair_care/shampoo', 'waitrose_rating': None, 'waitrose_unit_price': '(£1.03/100ml)', 'waitrose_new_flag': None, 'waitrose_prod_name': 'Head & Shoulders Smooth Shampoo 500ml', 'images': []}
DEBUG: Scraped from <200 https://www.waitrose.com/ecom/shop/browse/groceries/toiletries_health_and_beauty/hair_care/shampoo>
{'client': 'Waitrose', 'time': datetime.datetime(2020, 9, 10, 0, 43, 46, 963376), 'category': 'Shampoo', 'id': 'tPp888765-695909-695910', 'prod_name': 'Umberto Giannini Curl Jelly Wash', 'waitrose_Qty': '250ml', 'waitrose_discounted_price': '£8.00', 'waitrose_offer_desc': 'Mix & Match Add 3 for 2 Cheapest Item Free', 'waitrose_url': 'https://www.waitrose.com/ecom/shop/browse/groceries/toiletries_health_and_beauty/hair_care/shampoo', 'waitrose_rating': '2.5', 'waitrose_unit_price': '(£3.20/100ml)', 'waitrose_new_flag': None, 'waitrose_prod_name': 'Umberto Giannini Curl Jelly Wash 250ml', 'images': []}
DEBUG: Scraped from <200 https://www.waitrose.com/ecom/shop/browse/groceries/toiletries_health_and_beauty/hair_care/shampoo>
{'client': 'Waitrose', 'time': datetime.datetime(2020, 9, 10, 0, 43, 46, 963376), 'category': 'Shampoo', 'id': 'tPp567427-683666-683667', 'prod_name': 'Ogx Charcoal Detox Shampoo', 'waitrose_Qty': '385ml', 'waitrose_discounted_price': '£7.00', 'waitrose_offer_desc': None, 'waitrose_url': 'https://www.waitrose.com/ecom/shop/browse/groceries/toiletries_health_and_beauty/hair_care/shampoo', 'waitrose_rating': None, 'waitrose_unit_price': '(£1.82/100ml)', 'waitrose_new_flag': None, 'waitrose_prod_name': 'Ogx Charcoal Detox Shampoo 385ml', 'images': []}
DEBUG: Scraped from <200 https://www.waitrose.com/ecom/shop/browse/groceries/toiletries_health_and_beauty/hair_care/shampoo>
{'client': 'Waitrose', 'time': datetime.datetime(2020, 9, 10, 0, 43, 46, 963376), 'category': 'Shampoo', 'id': 'tPp492090-729670-729671', 'prod_name': 'Percy & Reed Volumising Shampoo', 'waitrose_Qty': '250ml', 'waitrose_discounted_price': '£18.00', 'waitrose_offer_desc': None, 'waitrose_url': 'https://www.waitrose.com/ecom/shop/browse/groceries/toiletries_health_and_beauty/hair_care/shampoo', 'waitrose_rating': None, 'waitrose_unit_price': '(£7.20/100ml)', 'waitrose_new_flag': None, 'waitrose_prod_name': 'Percy & Reed Volumising Shampoo 250ml', 'images': []}
DEBUG: Scraped from <200 https://www.waitrose.com/ecom/shop/browse/groceries/toiletries_health_and_beauty/hair_care/shampoo>
{'client': 'Waitrose', 'time': datetime.datetime(2020, 9, 10, 0, 43, 46, 963376), 'category': 'Shampoo', 'id': 'tPp812614-707138-707139', 'prod_name': 'Beco Spring Meadow Shampoo Bar', 'waitrose_Qty': '90g', 'waitrose_discounted_price': '£4.00', 'waitrose_offer_desc': None, 'waitrose_url': 'https://www.waitrose.com/ecom/shop/browse/groceries/toiletries_health_and_beauty/hair_care/shampoo', 'waitrose_rating': '3.3', 'waitrose_unit_price': '(£4.45/100g)', 'waitrose_new_flag': None, 'waitrose_prod_name': 'Beco Spring Meadow Shampoo Bar 90g', 'images': []}
DEBUG: Scraped from <200 https://www.waitrose.com/ecom/shop/browse/groceries/toiletries_health_and_beauty/hair_care/shampoo>
{'client': 'Waitrose', 'time': datetime.datetime(2020, 9, 10, 0, 43, 46, 963376), 'category': 'Shampoo', 'id': 'tPp426973-298983-298984', 'prod_name': 'Head & Shoulders 2in1 Apple Fresh', 'waitrose_Qty': '450ml', 'waitrose_discounted_price': '£5.00', 'waitrose_offer_desc': None, 'waitrose_url': 'https://www.waitrose.com/ecom/shop/browse/groceries/toiletries_health_and_beauty/hair_care/shampoo', 'waitrose_rating': None, 'waitrose_unit_price': '(£1.12/100ml)', 'waitrose_new_flag': None, 'waitrose_prod_name': 'Head & Shoulders 2in1 Apple Fresh 450ml', 'images': []}
DEBUG: Scraped from <200 https://www.waitrose.com/ecom/shop/browse/groceries/toiletries_health_and_beauty/hair_care/shampoo>
{'client': 'Waitrose', 'time': datetime.datetime(2020, 9, 10, 0, 43, 46, 963376), 'category': 'Shampoo', 'id': 'tPp581644-729702-729703', 'prod_name': 'Percy & Reed Hydrating Shampoo', 'waitrose_Qty': '250ml', 'waitrose_discounted_price': '£18.00', 'waitrose_offer_desc': None, 'waitrose_url': 'https://www.waitrose.com/ecom/shop/browse/groceries/toiletries_health_and_beauty/hair_care/shampoo', 'waitrose_rating': None, 'waitrose_unit_price': '(£7.20/100ml)', 'waitrose_new_flag': None, 'waitrose_prod_name': 'Percy & Reed Hydrating Shampoo 250ml', 'images': []}
DEBUG: Scraped from <200 https://www.waitrose.com/ecom/shop/browse/groceries/toiletries_health_and_beauty/hair_care/shampoo>
{'client': 'Waitrose', 'time': datetime.datetime(2020, 9, 10, 0, 43, 46, 963376), 'category': 'Shampoo', 'id': 'tPp407272-440973-440974', 'prod_name': 'Richard Ward Chelsea Cleanse & Condition', 'waitrose_Qty': '250ml', 'waitrose_discounted_price': '£6.00', 'waitrose_offer_desc': None, 'waitrose_url': 'https://www.waitrose.com/ecom/shop/browse/groceries/toiletries_health_and_beauty/hair_care/shampoo', 'waitrose_rating': '3.9', 'waitrose_unit_price': '(£2.40/100ml)', 'waitrose_new_flag': None, 'waitrose_prod_name': 'Richard Ward Chelsea Cleanse & Condition 250ml', 'images': []}
DEBUG: Scraped from <200 https://www.waitrose.com/ecom/shop/browse/groceries/toiletries_health_and_beauty/hair_care/shampoo>
{'client': 'Waitrose', 'time': datetime.datetime(2020, 9, 10, 0, 43, 46, 963376), 'category': 'Shampoo', 'id': 'tPp889100-330444-330445', 'prod_name': 'AOrganic Rosemary Shampoo', 'waitrose_Qty': '325ml', 'waitrose_discounted_price': '£7.00', 'waitrose_offer_desc': None, 'waitrose_url': 'https://www.waitrose.com/ecom/shop/browse/groceries/toiletries_health_and_beauty/hair_care/shampoo', 'waitrose_rating': '2.5', 'waitrose_unit_price': '(£2.16/100ml)', 'waitrose_new_flag': None, 'waitrose_prod_name': 'AOrganic Rosemary Shampoo 325ml', 'images': []}
DEBUG: Scraped from <200 https://www.waitrose.com/ecom/shop/browse/groceries/toiletries_health_and_beauty/hair_care/shampoo>
{'client': 'Waitrose', 'time': datetime.datetime(2020, 9, 10, 0, 43, 46, 963376), 'category': 'Shampoo', 'id': 'tPp836383-271490-271491', 'prod_name': 'Head & Shoulders 2in1 citrus care', 'waitrose_Qty': '450ml', 'waitrose_discounted_price': '£5.15', 'waitrose_offer_desc': None, 'waitrose_url': 'https://www.waitrose.com/ecom/shop/browse/groceries/toiletries_health_and_beauty/hair_care/shampoo', 'waitrose_rating': None, 'waitrose_unit_price': '(£1.15/100ml)', 'waitrose_new_flag': None, 'waitrose_prod_name': 'Head & Shoulders 2in1 citrus care 450ml', 'images': []}
DEBUG: Scraped from <200 https://www.waitrose.com/ecom/shop/browse/groceries/toiletries_health_and_beauty/hair_care/shampoo>
{'client': 'Waitrose', 'time': datetime.datetime(2020, 9, 10, 0, 43, 46, 963376), 'category': 'Shampoo', 'id': 'tPp698673-735854-735855', 'prod_name': 'Pantene Pro V Rose Water Shampoo', 'waitrose_Qty': '225ml', 'waitrose_discounted_price': '£3.75', 'waitrose_offer_desc': None, 'waitrose_url': 'https://www.waitrose.com/ecom/shop/browse/groceries/toiletries_health_and_beauty/hair_care/shampoo', 'waitrose_rating': None, 'waitrose_unit_price': '(£1.67/100ml)', 'waitrose_new_flag': 'NEW', 'waitrose_prod_name': 'Pantene Pro V Rose Water Shampoo 225ml', 'images': []}
DEBUG: Scraped from <200 https://www.waitrose.com/ecom/shop/browse/groceries/toiletries_health_and_beauty/hair_care/shampoo>
{'client': 'Waitrose', 'time': datetime.datetime(2020, 9, 10, 0, 43, 46, 963376), 'category': 'Shampoo', 'id': 'tPp567431-729696-729697', 'prod_name': 'Batiste Dry Shampoo for Blondes', 'waitrose_Qty': '200ml', 'waitrose_discounted_price': '£4.00', 'waitrose_offer_desc': None, 'waitrose_url': 'https://www.waitrose.com/ecom/shop/browse/groceries/toiletries_health_and_beauty/hair_care/shampoo', 'waitrose_rating': None, 'waitrose_unit_price': '(£2/100ml)', 'waitrose_new_flag': None, 'waitrose_prod_name': 'Batiste Dry Shampoo for Blondes 200ml', 'images': []}
DEBUG: Scraped from <200 https://www.waitrose.com/ecom/shop/browse/groceries/toiletries_health_and_beauty/hair_care/shampoo>
{'client': 'Waitrose', 'time': datetime.datetime(2020, 9, 10, 0, 43, 46, 963376), 'category': 'Shampoo', 'id': 'tPp809690-337194-337195', 'prod_name': 'Head & Shoulders 2in1 Itchy Scalp', 'waitrose_Qty': '450ml', 'waitrose_discounted_price': '£5.15', 'waitrose_offer_desc': None, 'waitrose_url': 'https://www.waitrose.com/ecom/shop/browse/groceries/toiletries_health_and_beauty/hair_care/shampoo', 'waitrose_rating': '5', 'waitrose_unit_price': '(£1.15/100ml)', 'waitrose_new_flag': None, 'waitrose_prod_name': 'Head & Shoulders 2in1 Itchy Scalp 450ml', 'images': []}
DEBUG: Scraped from <200 https://www.waitrose.com/ecom/shop/browse/groceries/toiletries_health_and_beauty/hair_care/shampoo>
{'client': 'Waitrose', 'time': datetime.datetime(2020, 9, 10, 0, 43, 46, 963376), 'category': 'Shampoo', 'id': 'tPp803275-329016-329017', 'prod_name': 'AOrganic Peppermint Shampoo', 'waitrose_Qty': '325ml', 'waitrose_discounted_price': '£7.00', 'waitrose_offer_desc': None, 'waitrose_url': 'https://www.waitrose.com/ecom/shop/browse/groceries/toiletries_health_and_beauty/hair_care/shampoo', 'waitrose_rating': '4', 'waitrose_unit_price': '(£2.16/100ml)', 'waitrose_new_flag': None, 'waitrose_prod_name': 'AOrganic Peppermint Shampoo 325ml', 'images': []}
DEBUG: Scraped from <200 https://www.waitrose.com/ecom/shop/browse/groceries/toiletries_health_and_beauty/hair_care/shampoo>
{'client': 'Waitrose', 'time': datetime.datetime(2020, 9, 10, 0, 43, 46, 963376), 'category': 'Shampoo', 'id': 'tPp834106-299691-299692', 'prod_name': 'Head & Shoulders 2in1 smooth & silky', 'waitrose_Qty': '450ml', 'waitrose_discounted_price': '£5.00', 'waitrose_offer_desc': None, 'waitrose_url': 'https://www.waitrose.com/ecom/shop/browse/groceries/toiletries_health_and_beauty/hair_care/shampoo', 'waitrose_rating': None, 'waitrose_unit_price': '(£1.12/100ml)', 'waitrose_new_flag': None, 'waitrose_prod_name': 'Head & Shoulders 2in1 smooth & silky 450ml', 'images': []}
DEBUG: Scraped from <200 https://www.waitrose.com/ecom/shop/browse/groceries/toiletries_health_and_beauty/hair_care/shampoo>
{'client': 'Waitrose', 'time': datetime.datetime(2020, 9, 10, 0, 43, 46, 963376), 'category': 'Shampoo', 'id': 'tPp861587-154949-154950', 'prod_name': 'Batiste dark & deep brown dry shampoo', 'waitrose_Qty': '200ml', 'waitrose_discounted_price': '£4.00', 'waitrose_offer_desc': None, 'waitrose_url': 'https://www.waitrose.com/ecom/shop/browse/groceries/toiletries_health_and_beauty/hair_care/shampoo', 'waitrose_rating': None, 'waitrose_unit_price': '(£2/100ml)', 'waitrose_new_flag': None, 'waitrose_prod_name': 'Batiste dark & deep brown dry shampoo 200ml', 'images': []}
DEBUG: Scraped from <200 https://www.waitrose.com/ecom/shop/browse/groceries/toiletries_health_and_beauty/hair_care/shampoo>
{'client': 'Waitrose', 'time': datetime.datetime(2020, 9, 10, 0, 43, 46, 963376), 'category': 'Shampoo', 'id': 'tPp584599-695531-695532', 'prod_name': 'Batiste Dry Shampoo Volume', 'waitrose_Qty': '200ml', 'waitrose_discounted_price': '£4.25', 'waitrose_offer_desc': None, 'waitrose_url': 'https://www.waitrose.com/ecom/shop/browse/groceries/toiletries_health_and_beauty/hair_care/shampoo', 'waitrose_rating': None, 'waitrose_unit_price': '(£2.13/100ml)', 'waitrose_new_flag': None, 'waitrose_prod_name': 'Batiste Dry Shampoo Volume 200ml', 'images': []}
DEBUG: Scraped from <200 https://www.waitrose.com/ecom/shop/browse/groceries/toiletries_health_and_beauty/hair_care/shampoo>
{'client': 'Waitrose', 'time': datetime.datetime(2020, 9, 10, 0, 43, 46, 963376), 'category': 'Shampoo', 'id': 'tPp401660-588303-588304', 'prod_name': 'Richard Ward Brunette Shampoo', 'waitrose_Qty': '250ml', 'waitrose_discounted_price': '£6.00', 'waitrose_offer_desc': None, 'waitrose_url': 'https://www.waitrose.com/ecom/shop/browse/groceries/toiletries_health_and_beauty/hair_care/shampoo', 'waitrose_rating': '5', 'waitrose_unit_price': '(£2.40/100ml)', 'waitrose_new_flag': None, 'waitrose_prod_name': 'Richard Ward Brunette Shampoo 250ml', 'images': []}
DEBUG: Scraped from <200 https://www.waitrose.com/ecom/shop/browse/groceries/toiletries_health_and_beauty/hair_care/shampoo>
{'client': 'Waitrose', 'time': datetime.datetime(2020, 9, 10, 0, 43, 46, 963376), 'category': 'Shampoo', 'id': 'tPp694392-98595-98596', 'prod_name': 'Head & Shoulders Shampoo Cool Menthol', 'waitrose_Qty': '500ml', 'waitrose_discounted_price': '£5.15', 'waitrose_offer_desc': None, 'waitrose_url': 'https://www.waitrose.com/ecom/shop/browse/groceries/toiletries_health_and_beauty/hair_care/shampoo', 'waitrose_rating': None, 'waitrose_unit_price': '(£1.03/100ml)', 'waitrose_new_flag': None, 'waitrose_prod_name': 'Head & Shoulders Shampoo Cool Menthol 500ml', 'images': []}
DEBUG: Scraped from <200 https://www.waitrose.com/ecom/shop/browse/groceries/toiletries_health_and_beauty/hair_care/shampoo>
{'client': 'Waitrose', 'time': datetime.datetime(2020, 9, 10, 0, 43, 46, 963376), 'category': 'Shampoo', 'id': 'tPp863078-695988-695989', 'prod_name': 'Pantene Hair Biology Full & Vibrant', 'waitrose_Qty': '250ml', 'waitrose_discounted_price': '£4.50', 'waitrose_offer_desc': None, 'waitrose_url': 'https://www.waitrose.com/ecom/shop/browse/groceries/toiletries_health_and_beauty/hair_care/shampoo', 'waitrose_rating': None, 'waitrose_unit_price': '(£1.80/100ml)', 'waitrose_new_flag': None, 'waitrose_prod_name': 'Pantene Hair Biology Full & Vibrant 250ml', 'images': []}
DEBUG: Scraped from <200 https://www.waitrose.com/ecom/shop/browse/groceries/toiletries_health_and_beauty/hair_care/shampoo>
{'client': 'Waitrose', 'time': datetime.datetime(2020, 9, 10, 0, 43, 46, 963376), 'category': 'Shampoo', 'id': 'tPp855732-695986-695987', 'prod_name': 'Hair Biology De-Frizz Shampoo', 'waitrose_Qty': '250ml', 'waitrose_discounted_price': '£4.50', 'waitrose_offer_desc': None, 'waitrose_url': 'https://www.waitrose.com/ecom/shop/browse/groceries/toiletries_health_and_beauty/hair_care/shampoo', 'waitrose_rating': None, 'waitrose_unit_price': '(£1.80/100ml)', 'waitrose_new_flag': None, 'waitrose_prod_name': 'Hair Biology De-Frizz Shampoo 250ml', 'images': []}
DEBUG: Scraped from <200 https://www.waitrose.com/ecom/shop/browse/groceries/toiletries_health_and_beauty/hair_care/shampoo>
{'client': 'Waitrose', 'time': datetime.datetime(2020, 9, 10, 0, 43, 46, 963376), 'category': 'Shampoo', 'id': 'tPp734002-695705-695706', 'prod_name': 'Percy & Reed Wonder Wash Shampoo', 'waitrose_Qty': '250ml', 'waitrose_discounted_price': '£18.00', 'waitrose_offer_desc': None, 'waitrose_url': 'https://www.waitrose.com/ecom/shop/browse/groceries/toiletries_health_and_beauty/hair_care/shampoo', 'waitrose_rating': '4.1', 'waitrose_unit_price': '(£7.20/100ml)', 'waitrose_new_flag': None, 'waitrose_prod_name': 'Percy & Reed Wonder Wash Shampoo 250ml', 'images': []}
DEBUG: Scraped from <200 https://www.waitrose.com/ecom/shop/browse/groceries/toiletries_health_and_beauty/hair_care/shampoo>
{'client': 'Waitrose', 'time': datetime.datetime(2020, 9, 10, 0, 43, 46, 963376), 'category': 'Shampoo', 'id': 'tPp591666-681031-681032', 'prod_name': 'Pure Grace Shower Gel', 'waitrose_Qty': '480ml', 'waitrose_discounted_price': '£19.50', 'waitrose_offer_desc': None, 'waitrose_url': 'https://www.waitrose.com/ecom/shop/browse/groceries/toiletries_health_and_beauty/hair_care/shampoo', 'waitrose_rating': None, 'waitrose_unit_price': '(£4.07/100ml)', 'waitrose_new_flag': None, 'waitrose_prod_name': 'Pure Grace Shower Gel 480ml', 'images': []}
INFO: Closing spider (finished)
INFO: Stored json feed (138 items) in: waitrose_090920.json
INFO: Dumping Scrapy stats:
{'downloader/request_bytes': 5176,
 'downloader/request_count': 2,
 'downloader/request_method_count/POST': 2,
 'downloader/response_bytes': 1657315,
 'downloader/response_count': 2,
 'downloader/response_status_count/200': 1,
 'downloader/response_status_count/504': 1,
 'finish_reason': 'finished',
 'finish_time': datetime.datetime(2020, 9, 9, 19, 45, 6, 730152),
 'item_scraped_count': 138,
 'log_count/DEBUG': 140,
 'log_count/INFO': 41,
 'log_count/WARNING': 1,
 'response_received_count': 1,
 'retry/count': 1,
 'retry/reason_count/504 Gateway Time-out': 1,
 'scheduler/dequeued': 3,
 'scheduler/dequeued/memory': 3,
 'scheduler/enqueued': 3,
 'scheduler/enqueued/memory': 3,
 'splash/execute/request_count': 1,
 'splash/execute/response_count/200': 1,
 'splash/execute/response_count/504': 1,
 'start_time': datetime.datetime(2020, 9, 9, 19, 13, 47, 223701)}
INFO: Spider closed (finished)
INFO: Scrapy 1.6.0 started (bot: waitrose)
INFO: Versions: lxml 4.5.1.0, libxml2 2.9.10, cssselect 1.1.0, parsel 1.6.0, w3lib 1.22.0, Twisted 20.3.0, Python 3.7.7 (default, May  6 2020, 11:45:54) [MSC v.1916 64 bit (AMD64)], pyOpenSSL 19.1.0 (OpenSSL 1.1.1g  21 Apr 2020), cryptography 2.9.2, Platform Windows-10-10.0.18362-SP0
INFO: Overridden settings: {'BOT_NAME': 'waitrose', 'DOWNLOAD_TIMEOUT': 1200, 'DUPEFILTER_CLASS': 'scrapy_splash.SplashAwareDupeFilter', 'FEED_EXPORT_ENCODING': 'utf-8', 'FEED_FORMAT': 'json', 'FEED_URI': 'waitrose_091020.json', 'NEWSPIDER_MODULE': 'waitrose.spiders', 'SPIDER_MODULES': ['waitrose.spiders']}
INFO: Telnet Password: 6095f6e086f0f8a7
INFO: Enabled extensions:
['scrapy.extensions.corestats.CoreStats',
 'scrapy.extensions.telnet.TelnetConsole',
 'scrapy.extensions.feedexport.FeedExporter',
 'scrapy.extensions.logstats.LogStats']
INFO: Enabled downloader middlewares:
['scrapy.downloadermiddlewares.httpauth.HttpAuthMiddleware',
 'scrapy.downloadermiddlewares.downloadtimeout.DownloadTimeoutMiddleware',
 'scrapy.downloadermiddlewares.defaultheaders.DefaultHeadersMiddleware',
 'scrapy.downloadermiddlewares.useragent.UserAgentMiddleware',
 'scrapy.downloadermiddlewares.retry.RetryMiddleware',
 'scrapy.downloadermiddlewares.redirect.MetaRefreshMiddleware',
 'scrapy.downloadermiddlewares.redirect.RedirectMiddleware',
 'scrapy.downloadermiddlewares.cookies.CookiesMiddleware',
 'scrapy_splash.SplashCookiesMiddleware',
 'scrapy_splash.SplashMiddleware',
 'scrapy.downloadermiddlewares.httpproxy.HttpProxyMiddleware',
 'scrapy.downloadermiddlewares.httpcompression.HttpCompressionMiddleware',
 'scrapy.downloadermiddlewares.stats.DownloaderStats']
INFO: Enabled spider middlewares:
['scrapy.spidermiddlewares.httperror.HttpErrorMiddleware',
 'scrapy_splash.SplashDeduplicateArgsMiddleware',
 'scrapy.spidermiddlewares.offsite.OffsiteMiddleware',
 'scrapy.spidermiddlewares.referer.RefererMiddleware',
 'scrapy.spidermiddlewares.urllength.UrlLengthMiddleware',
 'scrapy.spidermiddlewares.depth.DepthMiddleware']
INFO: Enabled item pipelines:
['waitrose.pipelines.ImageDownloaderPipeline',
 'waitrose.pipelines.SQLlitePipeline']
INFO: Spider opened
INFO: Crawled 0 pages (at 0 pages/min), scraped 0 items (at 0 items/min)
WARNING: C:\Users\sujithk\AppData\Local\Continuum\anaconda3\envs\Virtual_Env\lib\site-packages\scrapy\spidermiddlewares\offsite.py:61: URLWarning: allowed_domains accepts only domains, not URLs. Ignoring URL entry https://www.waitrose.com/ in allowed_domains.
  warnings.warn(message, URLWarning)

INFO: Telnet console listening on 127.0.0.1:6023
INFO: Crawled 0 pages (at 0 pages/min), scraped 0 items (at 0 items/min)
DEBUG: Crawled (200) <GET https://www.waitrose.com/ecom/shop/browse/groceries/toiletries_health_and_beauty/hair_care/shampoo via http://192.168.1.5:8050/execute> (referer: None)
DEBUG: Scraped from <200 https://www.waitrose.com/ecom/shop/browse/groceries/toiletries_health_and_beauty/hair_care/shampoo>
{'client': 'Waitrose', 'time': datetime.datetime(2020, 9, 10, 13, 8, 45, 753196), 'category': 'Shampoo', 'id': 'tPp096508-49364-49365', 'prod_name': 'Aussie Miracle Moist Shampoo', 'waitrose_Qty': '300ml', 'waitrose_discounted_price': '£2.05', 'waitrose_offer_desc': 'Half Price.', 'waitrose_url': 'https://www.waitrose.com/ecom/shop/browse/groceries/toiletries_health_and_beauty/hair_care/shampoo', 'waitrose_rating': '3.7', 'waitrose_unit_price': '(68.3p/100ml)', 'waitrose_new_flag': None, 'waitrose_prod_name': 'Aussie Miracle Moist Shampoo 300ml', 'images': []}
DEBUG: Scraped from <200 https://www.waitrose.com/ecom/shop/browse/groceries/toiletries_health_and_beauty/hair_care/shampoo>
{'client': 'Waitrose', 'time': datetime.datetime(2020, 9, 10, 13, 8, 45, 753196), 'category': 'Shampoo', 'id': 'tPp059421-29947-29948', 'prod_name': 'Aussie Aussome Volume Shampoo', 'waitrose_Qty': '300ml', 'waitrose_discounted_price': '£2.00', 'waitrose_offer_desc': 'Half Price.', 'waitrose_url': 'https://www.waitrose.com/ecom/shop/browse/groceries/toiletries_health_and_beauty/hair_care/shampoo', 'waitrose_rating': '5', 'waitrose_unit_price': '(66.7p/100ml)', 'waitrose_new_flag': None, 'waitrose_prod_name': 'Aussie Aussome Volume Shampoo 300ml', 'images': []}
DEBUG: Scraped from <200 https://www.waitrose.com/ecom/shop/browse/groceries/toiletries_health_and_beauty/hair_care/shampoo>
{'client': 'Waitrose', 'time': datetime.datetime(2020, 9, 10, 13, 8, 45, 753196), 'category': 'Shampoo', 'id': 'tPp096232-49248-49249', 'prod_name': 'Aussie Mega Shampoo', 'waitrose_Qty': '300ml', 'waitrose_discounted_price': '£2.05', 'waitrose_offer_desc': 'Half Price.', 'waitrose_url': 'https://www.waitrose.com/ecom/shop/browse/groceries/toiletries_health_and_beauty/hair_care/shampoo', 'waitrose_rating': '2.5', 'waitrose_unit_price': '(68.3p/100ml)', 'waitrose_new_flag': None, 'waitrose_prod_name': 'Aussie Mega Shampoo 300ml', 'images': []}
DEBUG: Scraped from <200 https://www.waitrose.com/ecom/shop/browse/groceries/toiletries_health_and_beauty/hair_care/shampoo>
{'client': 'Waitrose', 'time': datetime.datetime(2020, 9, 10, 13, 8, 45, 753196), 'category': 'Shampoo', 'id': 'tPp092708-47659-47660', 'prod_name': 'Vosene Original Shampoo', 'waitrose_Qty': '250ml', 'waitrose_discounted_price': '£1.36', 'waitrose_offer_desc': 'Save 1/3.', 'waitrose_url': 'https://www.waitrose.com/ecom/shop/browse/groceries/toiletries_health_and_beauty/hair_care/shampoo', 'waitrose_rating': '5', 'waitrose_unit_price': '(54.4p/100ml)', 'waitrose_new_flag': None, 'waitrose_prod_name': 'Vosene Original Shampoo 250ml', 'images': []}
DEBUG: Scraped from <200 https://www.waitrose.com/ecom/shop/browse/groceries/toiletries_health_and_beauty/hair_care/shampoo>
{'client': 'Waitrose', 'time': datetime.datetime(2020, 9, 10, 13, 8, 45, 753196), 'category': 'Shampoo', 'id': 'tPp092708-47659-47660', 'prod_name': 'Vosene Original Shampoo', 'waitrose_Qty': '250ml', 'waitrose_discounted_price': '£1.36', 'waitrose_offer_desc': 'Save 1/3.', 'waitrose_url': 'https://www.waitrose.com/ecom/shop/browse/groceries/toiletries_health_and_beauty/hair_care/shampoo', 'waitrose_rating': '5', 'waitrose_unit_price': '(54.4p/100ml)', 'waitrose_new_flag': None, 'waitrose_prod_name': 'Vosene Original Shampoo 250ml', 'images': []}
DEBUG: Scraped from <200 https://www.waitrose.com/ecom/shop/browse/groceries/toiletries_health_and_beauty/hair_care/shampoo>
{'client': 'Waitrose', 'time': datetime.datetime(2020, 9, 10, 13, 8, 45, 753196), 'category': 'Shampoo', 'id': 'tPp639145-337007-337008', 'prod_name': 'Tresemmé Shampoo Deep Cleansing', 'waitrose_Qty': '800ml', 'waitrose_discounted_price': '£2.75', 'waitrose_offer_desc': 'Half Price.', 'waitrose_url': 'https://www.waitrose.com/ecom/shop/browse/groceries/toiletries_health_and_beauty/hair_care/shampoo', 'waitrose_rating': '5', 'waitrose_unit_price': '(34.4p/100ml)', 'waitrose_new_flag': None, 'waitrose_prod_name': 'Tresemmé Shampoo Deep Cleansing 800ml', 'images': []}
DEBUG: Scraped from <200 https://www.waitrose.com/ecom/shop/browse/groceries/toiletries_health_and_beauty/hair_care/shampoo>
{'client': 'Waitrose', 'time': datetime.datetime(2020, 9, 10, 13, 8, 45, 753196), 'category': 'Shampoo', 'id': 'tPp083596-42439-42440', 'prod_name': 'Aussie Colour Mate Shampoo', 'waitrose_Qty': '300ml', 'waitrose_discounted_price': '£2.05', 'waitrose_offer_desc': 'Half Price.', 'waitrose_url': 'https://www.waitrose.com/ecom/shop/browse/groceries/toiletries_health_and_beauty/hair_care/shampoo', 'waitrose_rating': '5', 'waitrose_unit_price': '(68.3p/100ml)', 'waitrose_new_flag': None, 'waitrose_prod_name': 'Aussie Colour Mate Shampoo 300ml', 'images': []}
DEBUG: Scraped from <200 https://www.waitrose.com/ecom/shop/browse/groceries/toiletries_health_and_beauty/hair_care/shampoo>
{'client': 'Waitrose', 'time': datetime.datetime(2020, 9, 10, 13, 8, 45, 753196), 'category': 'Shampoo', 'id': 'tPp819563-729788-729789', 'prod_name': 'Aussie Blonde Purple Shampoo', 'waitrose_Qty': '290ml', 'waitrose_discounted_price': '£2.99', 'waitrose_offer_desc': 'Half Price.', 'waitrose_url': 'https://www.waitrose.com/ecom/shop/browse/groceries/toiletries_health_and_beauty/hair_care/shampoo', 'waitrose_rating': None, 'waitrose_unit_price': '(£1.04/100ml)', 'waitrose_new_flag': None, 'waitrose_prod_name': 'Aussie Blonde Purple Shampoo 290ml', 'images': []}
DEBUG: Scraped from <200 https://www.waitrose.com/ecom/shop/browse/groceries/toiletries_health_and_beauty/hair_care/shampoo>
{'client': 'Waitrose', 'time': datetime.datetime(2020, 9, 10, 13, 8, 45, 753196), 'category': 'Shampoo', 'id': 'tPp799806-683814-683815', 'prod_name': 'Tresemmé Shampoo Moisture Rich', 'waitrose_Qty': '800ml', 'waitrose_discounted_price': '£2.75', 'waitrose_offer_desc': 'Half Price.', 'waitrose_url': 'https://www.waitrose.com/ecom/shop/browse/groceries/toiletries_health_and_beauty/hair_care/shampoo', 'waitrose_rating': None, 'waitrose_unit_price': '(34.4p/100ml)', 'waitrose_new_flag': None, 'waitrose_prod_name': 'Tresemmé Shampoo Moisture Rich 800ml', 'images': []}
DEBUG: Scraped from <200 https://www.waitrose.com/ecom/shop/browse/groceries/toiletries_health_and_beauty/hair_care/shampoo>
{'client': 'Waitrose', 'time': datetime.datetime(2020, 9, 10, 13, 8, 45, 753196), 'category': 'Shampoo', 'id': 'tPp364793-255761-255762', 'prod_name': 'Aussie Miracle Shine Shampoo', 'waitrose_Qty': '300ml', 'waitrose_discounted_price': '£2.00', 'waitrose_offer_desc': 'Half Price.', 'waitrose_url': 'https://www.waitrose.com/ecom/shop/browse/groceries/toiletries_health_and_beauty/hair_care/shampoo', 'waitrose_rating': None, 'waitrose_unit_price': '(66.7p/100ml)', 'waitrose_new_flag': None, 'waitrose_prod_name': 'Aussie Miracle Shine Shampoo 300ml', 'images': []}
DEBUG: Scraped from <200 https://www.waitrose.com/ecom/shop/browse/groceries/toiletries_health_and_beauty/hair_care/shampoo>
{'client': 'Waitrose', 'time': datetime.datetime(2020, 9, 10, 13, 8, 45, 753196), 'category': 'Shampoo', 'id': 'tPp819340-720339-720340', 'prod_name': 'Head & Shoulders Supreme Shampoo', 'waitrose_Qty': '400ml', 'waitrose_discounted_price': '£3.33', 'waitrose_offer_desc': 'Save 1/3.', 'waitrose_url': 'https://www.waitrose.com/ecom/shop/browse/groceries/toiletries_health_and_beauty/hair_care/shampoo', 'waitrose_rating': None, 'waitrose_unit_price': '(83.3p/100ml)', 'waitrose_new_flag': None, 'waitrose_prod_name': 'Head & Shoulders Supreme Shampoo 400ml', 'images': []}
DEBUG: Scraped from <200 https://www.waitrose.com/ecom/shop/browse/groceries/toiletries_health_and_beauty/hair_care/shampoo>
{'client': 'Waitrose', 'time': datetime.datetime(2020, 9, 10, 13, 8, 45, 753196), 'category': 'Shampoo', 'id': 'tPp011495-5706-5707', 'prod_name': 'John Frieda Shampoo Touchably Full', 'waitrose_Qty': '250ml', 'waitrose_discounted_price': '£3.99', 'waitrose_offer_desc': 'Save 1/3.', 'waitrose_url': 'https://www.waitrose.com/ecom/shop/browse/groceries/toiletries_health_and_beauty/hair_care/shampoo', 'waitrose_rating': '4', 'waitrose_unit_price': '(£1.60/100ml)', 'waitrose_new_flag': None, 'waitrose_prod_name': 'John Frieda Shampoo Touchably Full 250ml', 'images': []}
DEBUG: Scraped from <200 https://www.waitrose.com/ecom/shop/browse/groceries/toiletries_health_and_beauty/hair_care/shampoo>
{'client': 'Waitrose', 'time': datetime.datetime(2020, 9, 10, 13, 8, 45, 753196), 'category': 'Shampoo', 'id': 'tPp610920-86669-86670', 'prod_name': 'Sheer Blonde Go Blonder Shampoo', 'waitrose_Qty': '250ml', 'waitrose_discounted_price': '£3.99', 'waitrose_offer_desc': 'Save 1/3.', 'waitrose_url': 'https://www.waitrose.com/ecom/shop/browse/groceries/toiletries_health_and_beauty/hair_care/shampoo', 'waitrose_rating': '3.5', 'waitrose_unit_price': '(£1.60/100ml)', 'waitrose_new_flag': None, 'waitrose_prod_name': 'Sheer Blonde Go Blonder Shampoo 250ml', 'images': []}
DEBUG: Scraped from <200 https://www.waitrose.com/ecom/shop/browse/groceries/toiletries_health_and_beauty/hair_care/shampoo>
{'client': 'Waitrose', 'time': datetime.datetime(2020, 9, 10, 13, 8, 45, 753196), 'category': 'Shampoo', 'id': 'tPp433216-720111-720112', 'prod_name': 'John Frieda Hydrate & Recharge Shampoo', 'waitrose_Qty': '250ml', 'waitrose_discounted_price': '£3.99', 'waitrose_offer_desc': 'Save 1/3.', 'waitrose_url': 'https://www.waitrose.com/ecom/shop/browse/groceries/toiletries_health_and_beauty/hair_care/shampoo', 'waitrose_rating': None, 'waitrose_unit_price': '(£1.60/100ml)', 'waitrose_new_flag': None, 'waitrose_prod_name': 'John Frieda Hydrate & Recharge Shampoo 250ml', 'images': []}
DEBUG: Scraped from <200 https://www.waitrose.com/ecom/shop/browse/groceries/toiletries_health_and_beauty/hair_care/shampoo>
{'client': 'Waitrose', 'time': datetime.datetime(2020, 9, 10, 13, 8, 45, 753196), 'category': 'Shampoo', 'id': 'tPp595050-720203-720204', 'prod_name': 'Herbal Essences Coconut Shampoo', 'waitrose_Qty': '250ml', 'waitrose_discounted_price': '£2.00', 'waitrose_offer_desc': 'Save 1/3.', 'waitrose_url': 'https://www.waitrose.com/ecom/shop/browse/groceries/toiletries_health_and_beauty/hair_care/shampoo', 'waitrose_rating': None, 'waitrose_unit_price': '(80p/100ml)', 'waitrose_new_flag': None, 'waitrose_prod_name': 'Herbal Essences Coconut Shampoo 250ml', 'images': []}
DEBUG: Scraped from <200 https://www.waitrose.com/ecom/shop/browse/groceries/toiletries_health_and_beauty/hair_care/shampoo>
{'client': 'Waitrose', 'time': datetime.datetime(2020, 9, 10, 13, 8, 45, 753196), 'category': 'Shampoo', 'id': 'tPp494340-69860-69861', 'prod_name': "Neal's Yard Rose Shampoo", 'waitrose_Qty': '200ml', 'waitrose_discounted_price': '£7.66', 'waitrose_offer_desc': 'Save 1/3.', 'waitrose_url': 'https://www.waitrose.com/ecom/shop/browse/groceries/toiletries_health_and_beauty/hair_care/shampoo', 'waitrose_rating': '3.1', 'waitrose_unit_price': '(£3.83/100ml)', 'waitrose_new_flag': None, 'waitrose_prod_name': "Neal's Yard Rose Shampoo 200ml", 'images': []}
DEBUG: Scraped from <200 https://www.waitrose.com/ecom/shop/browse/groceries/toiletries_health_and_beauty/hair_care/shampoo>
{'client': 'Waitrose', 'time': datetime.datetime(2020, 9, 10, 13, 8, 45, 753196), 'category': 'Shampoo', 'id': 'tPp775870-724036-724037', 'prod_name': 'Faith in Nature Wild Rose Shampoo', 'waitrose_Qty': '400ml', 'waitrose_discounted_price': '£3.86', 'waitrose_offer_desc': 'Save 1/3.', 'waitrose_url': 'https://www.waitrose.com/ecom/shop/browse/groceries/toiletries_health_and_beauty/hair_care/shampoo', 'waitrose_rating': '5', 'waitrose_unit_price': '(96.5p/100ml)', 'waitrose_new_flag': None, 'waitrose_prod_name': 'Faith in Nature Wild Rose Shampoo 400ml', 'images': []}
DEBUG: Scraped from <200 https://www.waitrose.com/ecom/shop/browse/groceries/toiletries_health_and_beauty/hair_care/shampoo>
{'client': 'Waitrose', 'time': datetime.datetime(2020, 9, 10, 13, 8, 45, 753196), 'category': 'Shampoo', 'id': 'tPp747801-683764-683765', 'prod_name': 'Aussie Shampoo Scent-sational', 'waitrose_Qty': '300ml', 'waitrose_discounted_price': '£2.00', 'waitrose_offer_desc': 'Half Price.', 'waitrose_url': 'https://www.waitrose.com/ecom/shop/browse/groceries/toiletries_health_and_beauty/hair_care/shampoo', 'waitrose_rating': '5', 'waitrose_unit_price': '(66.7p/100ml)', 'waitrose_new_flag': None, 'waitrose_prod_name': 'Aussie Shampoo Scent-sational 300ml', 'images': []}
DEBUG: Scraped from <200 https://www.waitrose.com/ecom/shop/browse/groceries/toiletries_health_and_beauty/hair_care/shampoo>
{'client': 'Waitrose', 'time': datetime.datetime(2020, 9, 10, 13, 8, 45, 753196), 'category': 'Shampoo', 'id': 'tPp538896-720173-720174', 'prod_name': 'Herbal Essences Argan Oil Shampoo', 'waitrose_Qty': '250ml', 'waitrose_discounted_price': '£2.00', 'waitrose_offer_desc': 'Save 1/3.', 'waitrose_url': 'https://www.waitrose.com/ecom/shop/browse/groceries/toiletries_health_and_beauty/hair_care/shampoo', 'waitrose_rating': None, 'waitrose_unit_price': '(80p/100ml)', 'waitrose_new_flag': None, 'waitrose_prod_name': 'Herbal Essences Argan Oil Shampoo 250ml', 'images': []}
DEBUG: Scraped from <200 https://www.waitrose.com/ecom/shop/browse/groceries/toiletries_health_and_beauty/hair_care/shampoo>
{'client': 'Waitrose', 'time': datetime.datetime(2020, 9, 10, 13, 8, 45, 753196), 'category': 'Shampoo', 'id': 'tPp502437-720153-720154', 'prod_name': 'Aussie Calm The Frizz Shampoo', 'waitrose_Qty': '300ml', 'waitrose_discounted_price': '£2.00', 'waitrose_offer_desc': 'Half Price.', 'waitrose_url': 'https://www.waitrose.com/ecom/shop/browse/groceries/toiletries_health_and_beauty/hair_care/shampoo', 'waitrose_rating': None, 'waitrose_unit_price': '(66.7p/100ml)', 'waitrose_new_flag': None, 'waitrose_prod_name': 'Aussie Calm The Frizz Shampoo 300ml', 'images': []}
DEBUG: Scraped from <200 https://www.waitrose.com/ecom/shop/browse/groceries/toiletries_health_and_beauty/hair_care/shampoo>
{'client': 'Waitrose', 'time': datetime.datetime(2020, 9, 10, 13, 8, 45, 753196), 'category': 'Shampoo', 'id': 'tPp833802-337290-337291', 'prod_name': 'Aussie Miracle Moist Spray', 'waitrose_Qty': '250ml', 'waitrose_discounted_price': '£2.57', 'waitrose_offer_desc': 'Half Price.', 'waitrose_url': 'https://www.waitrose.com/ecom/shop/browse/groceries/toiletries_health_and_beauty/hair_care/shampoo', 'waitrose_rating': None, 'waitrose_unit_price': '(£1.03/100ml)', 'waitrose_new_flag': None, 'waitrose_prod_name': 'Aussie Miracle Moist Spray 250ml', 'images': []}
DEBUG: Scraped from <200 https://www.waitrose.com/ecom/shop/browse/groceries/toiletries_health_and_beauty/hair_care/shampoo>
{'client': 'Waitrose', 'time': datetime.datetime(2020, 9, 10, 13, 8, 45, 753196), 'category': 'Shampoo', 'id': 'tPp425163-526469-526470', 'prod_name': 'Frizz Ease Shampoo Miraculous Recovery', 'waitrose_Qty': '250ml', 'waitrose_discounted_price': '£3.99', 'waitrose_offer_desc': 'Save 1/3.', 'waitrose_url': 'https://www.waitrose.com/ecom/shop/browse/groceries/toiletries_health_and_beauty/hair_care/shampoo', 'waitrose_rating': None, 'waitrose_unit_price': '(£1.60/100ml)', 'waitrose_new_flag': None, 'waitrose_prod_name': 'Frizz Ease Shampoo Miraculous Recovery 250ml', 'images': []}
DEBUG: Scraped from <200 https://www.waitrose.com/ecom/shop/browse/groceries/toiletries_health_and_beauty/hair_care/shampoo>
{'client': 'Waitrose', 'time': datetime.datetime(2020, 9, 10, 13, 8, 45, 753196), 'category': 'Shampoo', 'id': 'tPp847454-724141-724142', 'prod_name': 'Faith in Nature Grapefruit Shampoo', 'waitrose_Qty': '400ml', 'waitrose_discounted_price': '£3.86', 'waitrose_offer_desc': 'Save 1/3.', 'waitrose_url': 'https://www.waitrose.com/ecom/shop/browse/groceries/toiletries_health_and_beauty/hair_care/shampoo', 'waitrose_rating': None, 'waitrose_unit_price': '(96.5p/100ml)', 'waitrose_new_flag': None, 'waitrose_prod_name': 'Faith in Nature Grapefruit Shampoo 400ml', 'images': []}
DEBUG: Scraped from <200 https://www.waitrose.com/ecom/shop/browse/groceries/toiletries_health_and_beauty/hair_care/shampoo>
{'client': 'Waitrose', 'time': datetime.datetime(2020, 9, 10, 13, 8, 45, 753196), 'category': 'Shampoo', 'id': 'tPp701301-99532-99533', 'prod_name': 'Essential Daily Care Shampoo', 'waitrose_Qty': '300ml', 'waitrose_discounted_price': '80p', 'waitrose_offer_desc': None, 'waitrose_url': 'https://www.waitrose.com/ecom/shop/browse/groceries/toiletries_health_and_beauty/hair_care/shampoo', 'waitrose_rating': '4.1', 'waitrose_unit_price': '(26.7p/100ml)', 'waitrose_new_flag': None, 'waitrose_prod_name': 'Essential Daily Care Shampoo 300ml', 'images': []}
DEBUG: Scraped from <200 https://www.waitrose.com/ecom/shop/browse/groceries/toiletries_health_and_beauty/hair_care/shampoo>
{'client': 'Waitrose', 'time': datetime.datetime(2020, 9, 10, 13, 8, 45, 753196), 'category': 'Shampoo', 'id': 'tPp702159-494964-494965', 'prod_name': 'DGJ Argan Oil Shampoo', 'waitrose_Qty': '250ml', 'waitrose_discounted_price': '£2.50', 'waitrose_offer_desc': 'Half Price.', 'waitrose_url': 'https://www.waitrose.com/ecom/shop/browse/groceries/toiletries_health_and_beauty/hair_care/shampoo', 'waitrose_rating': None, 'waitrose_unit_price': '(£1/100ml)', 'waitrose_new_flag': None, 'waitrose_prod_name': 'DGJ Argan Oil Shampoo 250ml', 'images': []}
DEBUG: Scraped from <200 https://www.waitrose.com/ecom/shop/browse/groceries/toiletries_health_and_beauty/hair_care/shampoo>
{'client': 'Waitrose', 'time': datetime.datetime(2020, 9, 10, 13, 8, 45, 753196), 'category': 'Shampoo', 'id': 'tPp583946-82773-82774', 'prod_name': "Neal's Yard Lavender Shampoo", 'waitrose_Qty': '200ml', 'waitrose_discounted_price': '£7.66', 'waitrose_offer_desc': 'Save 1/3.', 'waitrose_url': 'https://www.waitrose.com/ecom/shop/browse/groceries/toiletries_health_and_beauty/hair_care/shampoo', 'waitrose_rating': '2.3', 'waitrose_unit_price': '(£3.83/100ml)', 'waitrose_new_flag': None, 'waitrose_prod_name': "Neal's Yard Lavender Shampoo 200ml", 'images': []}
DEBUG: Scraped from <200 https://www.waitrose.com/ecom/shop/browse/groceries/toiletries_health_and_beauty/hair_care/shampoo>
{'client': 'Waitrose', 'time': datetime.datetime(2020, 9, 10, 13, 8, 45, 753196), 'category': 'Shampoo', 'id': 'tPp745828-495012-495013', 'prod_name': 'DGJ Kids Lice Repel Shampoo', 'waitrose_Qty': '250ml', 'waitrose_discounted_price': '£1.75', 'waitrose_offer_desc': 'Half Price.', 'waitrose_url': 'https://www.waitrose.com/ecom/shop/browse/groceries/toiletries_health_and_beauty/hair_care/shampoo', 'waitrose_rating': None, 'waitrose_unit_price': '(70p/100ml)', 'waitrose_new_flag': None, 'waitrose_prod_name': 'DGJ Kids Lice Repel Shampoo 250ml', 'images': []}
DEBUG: Scraped from <200 https://www.waitrose.com/ecom/shop/browse/groceries/toiletries_health_and_beauty/hair_care/shampoo>
{'client': 'Waitrose', 'time': datetime.datetime(2020, 9, 10, 13, 8, 45, 753196), 'category': 'Shampoo', 'id': 'tPp065299-33095-33096', 'prod_name': 'Frizz Ease Dream Curls Shampoo', 'waitrose_Qty': '250ml', 'waitrose_discounted_price': '£3.99', 'waitrose_offer_desc': 'Save 1/3.', 'waitrose_url': 'https://www.waitrose.com/ecom/shop/browse/groceries/toiletries_health_and_beauty/hair_care/shampoo', 'waitrose_rating': '5', 'waitrose_unit_price': '(£1.60/100ml)', 'waitrose_new_flag': None, 'waitrose_prod_name': 'Frizz Ease Dream Curls Shampoo 250ml', 'images': []}
DEBUG: Scraped from <200 https://www.waitrose.com/ecom/shop/browse/groceries/toiletries_health_and_beauty/hair_care/shampoo>
{'client': 'Waitrose', 'time': datetime.datetime(2020, 9, 10, 13, 8, 45, 753196), 'category': 'Shampoo', 'id': 'tPp535961-75786-75787', 'prod_name': 'essential Waitrose Nourishing Shampoo', 'waitrose_Qty': '300ml', 'waitrose_discounted_price': '80p', 'waitrose_offer_desc': None, 'waitrose_url': 'https://www.waitrose.com/ecom/shop/browse/groceries/toiletries_health_and_beauty/hair_care/shampoo', 'waitrose_rating': '4.3', 'waitrose_unit_price': '(26.7p/100ml)', 'waitrose_new_flag': None, 'waitrose_prod_name': 'essential Waitrose Nourishing Shampoo 300ml', 'images': []}
DEBUG: Scraped from <200 https://www.waitrose.com/ecom/shop/browse/groceries/toiletries_health_and_beauty/hair_care/shampoo>
{'client': 'Waitrose', 'time': datetime.datetime(2020, 9, 10, 13, 8, 45, 753196), 'category': 'Shampoo', 'id': 'tPp725068-723986-723987', 'prod_name': 'Faith in Nature Lavender Shampoo', 'waitrose_Qty': '400ml', 'waitrose_discounted_price': '£3.86', 'waitrose_offer_desc': 'Save 1/3.', 'waitrose_url': 'https://www.waitrose.com/ecom/shop/browse/groceries/toiletries_health_and_beauty/hair_care/shampoo', 'waitrose_rating': None, 'waitrose_unit_price': '(96.5p/100ml)', 'waitrose_new_flag': None, 'waitrose_prod_name': 'Faith in Nature Lavender Shampoo 400ml', 'images': []}
DEBUG: Scraped from <200 https://www.waitrose.com/ecom/shop/browse/groceries/toiletries_health_and_beauty/hair_care/shampoo>
{'client': 'Waitrose', 'time': datetime.datetime(2020, 9, 10, 13, 8, 45, 753196), 'category': 'Shampoo', 'id': 'tPp425124-59787-59788', 'prod_name': 'Brilliant Brunette Protecting Shampoo', 'waitrose_Qty': '250ml', 'waitrose_discounted_price': '£3.99', 'waitrose_offer_desc': 'Save 1/3.', 'waitrose_url': 'https://www.waitrose.com/ecom/shop/browse/groceries/toiletries_health_and_beauty/hair_care/shampoo', 'waitrose_rating': None, 'waitrose_unit_price': '(£1.60/100ml)', 'waitrose_new_flag': None, 'waitrose_prod_name': 'Brilliant Brunette Protecting Shampoo 250ml', 'images': []}
DEBUG: Scraped from <200 https://www.waitrose.com/ecom/shop/browse/groceries/toiletries_health_and_beauty/hair_care/shampoo>
{'client': 'Waitrose', 'time': datetime.datetime(2020, 9, 10, 13, 8, 45, 753196), 'category': 'Shampoo', 'id': 'tPp563832-295347-295348', 'prod_name': 'Argan + Argan Oil 5Oil Miracle Shampoo', 'waitrose_Qty': '300ml', 'waitrose_discounted_price': '£4.00', 'waitrose_offer_desc': 'Save 1/3.', 'waitrose_url': 'https://www.waitrose.com/ecom/shop/browse/groceries/toiletries_health_and_beauty/hair_care/shampoo', 'waitrose_rating': '5', 'waitrose_unit_price': '(£1.34/100ml)', 'waitrose_new_flag': None, 'waitrose_prod_name': 'Argan + Argan Oil 5Oil Miracle Shampoo 300ml', 'images': []}
DEBUG: Scraped from <200 https://www.waitrose.com/ecom/shop/browse/groceries/toiletries_health_and_beauty/hair_care/shampoo>
{'client': 'Waitrose', 'time': datetime.datetime(2020, 9, 10, 13, 8, 45, 753196), 'category': 'Shampoo', 'id': 'tPp414862-695397-695398', 'prod_name': 'Noughty Wave Hello Shampoo', 'waitrose_Qty': '250ml', 'waitrose_discounted_price': '£4.66', 'waitrose_offer_desc': 'Save 1/3.', 'waitrose_url': 'https://www.waitrose.com/ecom/shop/browse/groceries/toiletries_health_and_beauty/hair_care/shampoo', 'waitrose_rating': None, 'waitrose_unit_price': '(£1.87/100ml)', 'waitrose_new_flag': None, 'waitrose_prod_name': 'Noughty Wave Hello Shampoo 250ml', 'images': []}
DEBUG: Scraped from <200 https://www.waitrose.com/ecom/shop/browse/groceries/toiletries_health_and_beauty/hair_care/shampoo>
{'client': 'Waitrose', 'time': datetime.datetime(2020, 9, 10, 13, 8, 45, 753196), 'category': 'Shampoo', 'id': 'tPp455905-591789-591790', 'prod_name': 'Herbal Essences clean Shampoo', 'waitrose_Qty': '400ml', 'waitrose_discounted_price': '£4.50', 'waitrose_offer_desc': None, 'waitrose_url': 'https://www.waitrose.com/ecom/shop/browse/groceries/toiletries_health_and_beauty/hair_care/shampoo', 'waitrose_rating': None, 'waitrose_unit_price': '(£1.13/100ml)', 'waitrose_new_flag': None, 'waitrose_prod_name': 'Herbal Essences clean Shampoo 400ml', 'images': []}
DEBUG: Scraped from <200 https://www.waitrose.com/ecom/shop/browse/groceries/toiletries_health_and_beauty/hair_care/shampoo>
{'client': 'Waitrose', 'time': datetime.datetime(2020, 9, 10, 13, 8, 45, 753196), 'category': 'Shampoo', 'id': 'tPp755349-720291-720292', 'prod_name': 'Herbal Essences Aloe & Mango Shampoo', 'waitrose_Qty': '380ml', 'waitrose_discounted_price': '£4.50', 'waitrose_offer_desc': None, 'waitrose_url': 'https://www.waitrose.com/ecom/shop/browse/groceries/toiletries_health_and_beauty/hair_care/shampoo', 'waitrose_rating': None, 'waitrose_unit_price': '(£1.19/100ml)', 'waitrose_new_flag': None, 'waitrose_prod_name': 'Herbal Essences Aloe & Mango Shampoo 380ml', 'images': []}
DEBUG: Scraped from <200 https://www.waitrose.com/ecom/shop/browse/groceries/toiletries_health_and_beauty/hair_care/shampoo>
{'client': 'Waitrose', 'time': datetime.datetime(2020, 9, 10, 13, 8, 45, 753196), 'category': 'Shampoo', 'id': 'tPp755186-495024-495025', 'prod_name': 'DGJ Colour Save Shampoo', 'waitrose_Qty': '250ml', 'waitrose_discounted_price': '£2.50', 'waitrose_offer_desc': 'Half Price.', 'waitrose_url': 'https://www.waitrose.com/ecom/shop/browse/groceries/toiletries_health_and_beauty/hair_care/shampoo', 'waitrose_rating': None, 'waitrose_unit_price': '(£1/100ml)', 'waitrose_new_flag': None, 'waitrose_prod_name': 'DGJ Colour Save Shampoo 250ml', 'images': []}
DEBUG: Scraped from <200 https://www.waitrose.com/ecom/shop/browse/groceries/toiletries_health_and_beauty/hair_care/shampoo>
{'client': 'Waitrose', 'time': datetime.datetime(2020, 9, 10, 13, 8, 45, 753196), 'category': 'Shampoo', 'id': 'tPp735040-695707-695708', 'prod_name': 'Vosene Kids 3in1 Tea Tree Shampoo', 'waitrose_Qty': '250ml', 'waitrose_discounted_price': '£1.66', 'waitrose_offer_desc': 'Save 1/3.', 'waitrose_url': 'https://www.waitrose.com/ecom/shop/browse/groceries/toiletries_health_and_beauty/hair_care/shampoo', 'waitrose_rating': None, 'waitrose_unit_price': '(66.4p/100ml)', 'waitrose_new_flag': None, 'waitrose_prod_name': 'Vosene Kids 3in1 Tea Tree Shampoo 250ml', 'images': []}
DEBUG: Scraped from <200 https://www.waitrose.com/ecom/shop/browse/groceries/toiletries_health_and_beauty/hair_care/shampoo>
{'client': 'Waitrose', 'time': datetime.datetime(2020, 9, 10, 13, 8, 45, 753196), 'category': 'Shampoo', 'id': 'tPp639366-90822-90823', 'prod_name': 'Head & Shoulders Shampoo Classic', 'waitrose_Qty': '500ml', 'waitrose_discounted_price': '£5.15', 'waitrose_offer_desc': None, 'waitrose_url': 'https://www.waitrose.com/ecom/shop/browse/groceries/toiletries_health_and_beauty/hair_care/shampoo', 'waitrose_rating': '3.5', 'waitrose_unit_price': '(£1.03/100ml)', 'waitrose_new_flag': None, 'waitrose_prod_name': 'Head & Shoulders Shampoo Classic 500ml', 'images': []}
DEBUG: Scraped from <200 https://www.waitrose.com/ecom/shop/browse/groceries/toiletries_health_and_beauty/hair_care/shampoo>
{'client': 'Waitrose', 'time': datetime.datetime(2020, 9, 10, 13, 8, 45, 753196), 'category': 'Shampoo', 'id': 'tPp810201-352482-352483', 'prod_name': 'Essential Daily Care 2 in 1', 'waitrose_Qty': '300ml', 'waitrose_discounted_price': '80p', 'waitrose_offer_desc': None, 'waitrose_url': 'https://www.waitrose.com/ecom/shop/browse/groceries/toiletries_health_and_beauty/hair_care/shampoo', 'waitrose_rating': '4.3', 'waitrose_unit_price': '(26.7p/100ml)', 'waitrose_new_flag': None, 'waitrose_prod_name': 'Essential Daily Care 2 in 1 300ml', 'images': []}
DEBUG: Scraped from <200 https://www.waitrose.com/ecom/shop/browse/groceries/toiletries_health_and_beauty/hair_care/shampoo>
{'client': 'Waitrose', 'time': datetime.datetime(2020, 9, 10, 13, 8, 45, 753196), 'category': 'Shampoo', 'id': 'tPp687186-337057-337058', 'prod_name': 'Argan + Argan Oil Rejuvenating Shampoo', 'waitrose_Qty': '300ml', 'waitrose_discounted_price': '£4.00', 'waitrose_offer_desc': 'Save 1/3.', 'waitrose_url': 'https://www.waitrose.com/ecom/shop/browse/groceries/toiletries_health_and_beauty/hair_care/shampoo', 'waitrose_rating': '5', 'waitrose_unit_price': '(£1.34/100ml)', 'waitrose_new_flag': None, 'waitrose_prod_name': 'Argan + Argan Oil Rejuvenating Shampoo 300ml', 'images': []}
DEBUG: Scraped from <200 https://www.waitrose.com/ecom/shop/browse/groceries/toiletries_health_and_beauty/hair_care/shampoo>
{'client': 'Waitrose', 'time': datetime.datetime(2020, 9, 10, 13, 8, 45, 753196), 'category': 'Shampoo', 'id': 'tPp865734-216867-216868', 'prod_name': 'Ogx Argan Oil of Morocco Shampoo', 'waitrose_Qty': '385ml', 'waitrose_discounted_price': '£7.00', 'waitrose_offer_desc': None, 'waitrose_url': 'https://www.waitrose.com/ecom/shop/browse/groceries/toiletries_health_and_beauty/hair_care/shampoo', 'waitrose_rating': '3.4', 'waitrose_unit_price': '(£1.82/100ml)', 'waitrose_new_flag': None, 'waitrose_prod_name': 'Ogx Argan Oil of Morocco Shampoo 385ml', 'images': []}
DEBUG: Scraped from <200 https://www.waitrose.com/ecom/shop/browse/groceries/toiletries_health_and_beauty/hair_care/shampoo>
{'client': 'Waitrose', 'time': datetime.datetime(2020, 9, 10, 13, 8, 45, 753196), 'category': 'Shampoo', 'id': 'tPp402915-526384-526385', 'prod_name': 'John Frieda Violet Crush Shampoo', 'waitrose_Qty': '250ml', 'waitrose_discounted_price': '£3.99', 'waitrose_offer_desc': 'Save 1/3.', 'waitrose_url': 'https://www.waitrose.com/ecom/shop/browse/groceries/toiletries_health_and_beauty/hair_care/shampoo', 'waitrose_rating': '5', 'waitrose_unit_price': '(£1.60/100ml)', 'waitrose_new_flag': None, 'waitrose_prod_name': 'John Frieda Violet Crush Shampoo 250ml', 'images': []}
DEBUG: Scraped from <200 https://www.waitrose.com/ecom/shop/browse/groceries/toiletries_health_and_beauty/hair_care/shampoo>
{'client': 'Waitrose', 'time': datetime.datetime(2020, 9, 10, 13, 8, 45, 753196), 'category': 'Shampoo', 'id': 'tPp051100-25409-25410', 'prod_name': 'Sheer Blonde Moisturising Shampoo', 'waitrose_Qty': '250ml', 'waitrose_discounted_price': '£3.99', 'waitrose_offer_desc': 'Save 1/3.', 'waitrose_url': 'https://www.waitrose.com/ecom/shop/browse/groceries/toiletries_health_and_beauty/hair_care/shampoo', 'waitrose_rating': '3', 'waitrose_unit_price': '(£1.60/100ml)', 'waitrose_new_flag': None, 'waitrose_prod_name': 'Sheer Blonde Moisturising Shampoo 250ml', 'images': []}
DEBUG: Scraped from <200 https://www.waitrose.com/ecom/shop/browse/groceries/toiletries_health_and_beauty/hair_care/shampoo>
{'client': 'Waitrose', 'time': datetime.datetime(2020, 9, 10, 13, 8, 45, 753196), 'category': 'Shampoo', 'id': 'tPp725372-631511-631512', 'prod_name': 'Hask Moni Coconut Oil Shampoo', 'waitrose_Qty': '355ml', 'waitrose_discounted_price': '£4.66', 'waitrose_offer_desc': 'Save 1/3.', 'waitrose_url': 'https://www.waitrose.com/ecom/shop/browse/groceries/toiletries_health_and_beauty/hair_care/shampoo', 'waitrose_rating': None, 'waitrose_unit_price': '(£1.32/100ml)', 'waitrose_new_flag': None, 'waitrose_prod_name': 'Hask Moni Coconut Oil Shampoo 355ml', 'images': []}
DEBUG: Scraped from <200 https://www.waitrose.com/ecom/shop/browse/groceries/toiletries_health_and_beauty/hair_care/shampoo>
{'client': 'Waitrose', 'time': datetime.datetime(2020, 9, 10, 13, 8, 45, 753196), 'category': 'Shampoo', 'id': 'tPp472240-591833-591834', 'prod_name': 'Herbal Essences Repair Shampoo', 'waitrose_Qty': '400ml', 'waitrose_discounted_price': '£4.50', 'waitrose_offer_desc': None, 'waitrose_url': 'https://www.waitrose.com/ecom/shop/browse/groceries/toiletries_health_and_beauty/hair_care/shampoo', 'waitrose_rating': '5', 'waitrose_unit_price': '(£1.13/100ml)', 'waitrose_new_flag': None, 'waitrose_prod_name': 'Herbal Essences Repair Shampoo 400ml', 'images': []}
DEBUG: Scraped from <200 https://www.waitrose.com/ecom/shop/browse/groceries/toiletries_health_and_beauty/hair_care/shampoo>
{'client': 'Waitrose', 'time': datetime.datetime(2020, 9, 10, 13, 8, 45, 753196), 'category': 'Shampoo', 'id': 'tPp582132-472091-472092', 'prod_name': 'Ogx Argan Oil Morocco Shampoo', 'waitrose_Qty': '385ml', 'waitrose_discounted_price': '£7.00', 'waitrose_offer_desc': None, 'waitrose_url': 'https://www.waitrose.com/ecom/shop/browse/groceries/toiletries_health_and_beauty/hair_care/shampoo', 'waitrose_rating': '4', 'waitrose_unit_price': '(£1.82/100ml)', 'waitrose_new_flag': None, 'waitrose_prod_name': 'Ogx Argan Oil Morocco Shampoo 385ml', 'images': []}
DEBUG: Scraped from <200 https://www.waitrose.com/ecom/shop/browse/groceries/toiletries_health_and_beauty/hair_care/shampoo>
{'client': 'Waitrose', 'time': datetime.datetime(2020, 9, 10, 13, 8, 45, 753196), 'category': 'Shampoo', 'id': 'tPp844892-695845-695846', 'prod_name': 'Head & Shoulders Colour Protect', 'waitrose_Qty': '400ml', 'waitrose_discounted_price': '£3.33', 'waitrose_offer_desc': 'Save 1/3.', 'waitrose_url': 'https://www.waitrose.com/ecom/shop/browse/groceries/toiletries_health_and_beauty/hair_care/shampoo', 'waitrose_rating': None, 'waitrose_unit_price': '(83.3p/100ml)', 'waitrose_new_flag': None, 'waitrose_prod_name': 'Head & Shoulders Colour Protect 400ml', 'images': []}
DEBUG: Scraped from <200 https://www.waitrose.com/ecom/shop/browse/groceries/toiletries_health_and_beauty/hair_care/shampoo>
{'client': 'Waitrose', 'time': datetime.datetime(2020, 9, 10, 13, 8, 45, 753196), 'category': 'Shampoo', 'id': 'tPp490113-591883-591884', 'prod_name': 'Herbal Essences Volume Shampoo', 'waitrose_Qty': '400ml', 'waitrose_discounted_price': '£4.50', 'waitrose_offer_desc': None, 'waitrose_url': 'https://www.waitrose.com/ecom/shop/browse/groceries/toiletries_health_and_beauty/hair_care/shampoo', 'waitrose_rating': '5', 'waitrose_unit_price': '(£1.13/100ml)', 'waitrose_new_flag': None, 'waitrose_prod_name': 'Herbal Essences Volume Shampoo 400ml', 'images': []}
DEBUG: Scraped from <200 https://www.waitrose.com/ecom/shop/browse/groceries/toiletries_health_and_beauty/hair_care/shampoo>
{'client': 'Waitrose', 'time': datetime.datetime(2020, 9, 10, 13, 8, 45, 753196), 'category': 'Shampoo', 'id': 'tPp657721-694179-694180', 'prod_name': 'Pantene 3 in 1 Classic Clean', 'waitrose_Qty': '450ml', 'waitrose_discounted_price': '£3.75', 'waitrose_offer_desc': None, 'waitrose_url': 'https://www.waitrose.com/ecom/shop/browse/groceries/toiletries_health_and_beauty/hair_care/shampoo', 'waitrose_rating': None, 'waitrose_unit_price': '(83.3p/100ml)', 'waitrose_new_flag': None, 'waitrose_prod_name': 'Pantene 3 in 1 Classic Clean 450ml', 'images': []}
DEBUG: Scraped from <200 https://www.waitrose.com/ecom/shop/browse/groceries/toiletries_health_and_beauty/hair_care/shampoo>
{'client': 'Waitrose', 'time': datetime.datetime(2020, 9, 10, 13, 8, 45, 753196), 'category': 'Shampoo', 'id': 'tPp855140-216863-216864', 'prod_name': 'Ogx Coconut Milk Shampoo', 'waitrose_Qty': '385ml', 'waitrose_discounted_price': '£7.00', 'waitrose_offer_desc': None, 'waitrose_url': 'https://www.waitrose.com/ecom/shop/browse/groceries/toiletries_health_and_beauty/hair_care/shampoo', 'waitrose_rating': '5', 'waitrose_unit_price': '(£1.82/100ml)', 'waitrose_new_flag': None, 'waitrose_prod_name': 'Ogx Coconut Milk Shampoo 385ml', 'images': []}
DEBUG: Scraped from <200 https://www.waitrose.com/ecom/shop/browse/groceries/toiletries_health_and_beauty/hair_care/shampoo>
{'client': 'Waitrose', 'time': datetime.datetime(2020, 9, 10, 13, 8, 45, 753196), 'category': 'Shampoo', 'id': 'tPp757780-107799-107800', 'prod_name': 'Head & Shoulders 2in1 Classic Clean', 'waitrose_Qty': '450ml', 'waitrose_discounted_price': '£5.15', 'waitrose_offer_desc': None, 'waitrose_url': 'https://www.waitrose.com/ecom/shop/browse/groceries/toiletries_health_and_beauty/hair_care/shampoo', 'waitrose_rating': '4', 'waitrose_unit_price': '(£1.15/100ml)', 'waitrose_new_flag': None, 'waitrose_prod_name': 'Head & Shoulders 2in1 Classic Clean 450ml', 'images': []}
DEBUG: Scraped from <200 https://www.waitrose.com/ecom/shop/browse/groceries/toiletries_health_and_beauty/hair_care/shampoo>
{'client': 'Waitrose', 'time': datetime.datetime(2020, 9, 10, 13, 8, 45, 753196), 'category': 'Shampoo', 'id': 'tPp547359-720175-720176', 'prod_name': 'Maui Moisture Bamboo Shampoo', 'waitrose_Qty': '385ml', 'waitrose_discounted_price': '£6.00', 'waitrose_offer_desc': 'Save 1/3.', 'waitrose_url': 'https://www.waitrose.com/ecom/shop/browse/groceries/toiletries_health_and_beauty/hair_care/shampoo', 'waitrose_rating': '5', 'waitrose_unit_price': '(£1.56/100ml)', 'waitrose_new_flag': None, 'waitrose_prod_name': 'Maui Moisture Bamboo Shampoo 385ml', 'images': []}
DEBUG: Scraped from <200 https://www.waitrose.com/ecom/shop/browse/groceries/toiletries_health_and_beauty/hair_care/shampoo>
{'client': 'Waitrose', 'time': datetime.datetime(2020, 9, 10, 13, 8, 45, 753196), 'category': 'Shampoo', 'id': 'tPp703131-695681-695682', 'prod_name': 'Head & Shoulders Repair Shampoo', 'waitrose_Qty': '400ml', 'waitrose_discounted_price': '£3.33', 'waitrose_offer_desc': 'Save 1/3.', 'waitrose_url': 'https://www.waitrose.com/ecom/shop/browse/groceries/toiletries_health_and_beauty/hair_care/shampoo', 'waitrose_rating': '4', 'waitrose_unit_price': '(83.3p/100ml)', 'waitrose_new_flag': None, 'waitrose_prod_name': 'Head & Shoulders Repair Shampoo 400ml', 'images': []}
DEBUG: Scraped from <200 https://www.waitrose.com/ecom/shop/browse/groceries/toiletries_health_and_beauty/hair_care/shampoo>
{'client': 'Waitrose', 'time': datetime.datetime(2020, 9, 10, 13, 8, 45, 753196), 'category': 'Shampoo', 'id': 'tPp657930-695639-695640', 'prod_name': 'Noughty Pumped Up Shampoo', 'waitrose_Qty': '250ml', 'waitrose_discounted_price': '£4.66', 'waitrose_offer_desc': 'Save 1/3.', 'waitrose_url': 'https://www.waitrose.com/ecom/shop/browse/groceries/toiletries_health_and_beauty/hair_care/shampoo', 'waitrose_rating': '5', 'waitrose_unit_price': '(£1.87/100ml)', 'waitrose_new_flag': None, 'waitrose_prod_name': 'Noughty Pumped Up Shampoo 250ml', 'images': []}
DEBUG: Scraped from <200 https://www.waitrose.com/ecom/shop/browse/groceries/toiletries_health_and_beauty/hair_care/shampoo>
{'client': 'Waitrose', 'time': datetime.datetime(2020, 9, 10, 13, 8, 45, 753196), 'category': 'Shampoo', 'id': 'tPp711086-652694-652695', 'prod_name': 'Head & Shoulders Supreme Moisture', 'waitrose_Qty': '400ml', 'waitrose_discounted_price': '£3.43', 'waitrose_offer_desc': 'Save 1/3.', 'waitrose_url': 'https://www.waitrose.com/ecom/shop/browse/groceries/toiletries_health_and_beauty/hair_care/shampoo', 'waitrose_rating': None, 'waitrose_unit_price': '(85.8p/100ml)', 'waitrose_new_flag': None, 'waitrose_prod_name': 'Head & Shoulders Supreme Moisture 400ml', 'images': []}
DEBUG: Scraped from <200 https://www.waitrose.com/ecom/shop/browse/groceries/toiletries_health_and_beauty/hair_care/shampoo>
{'client': 'Waitrose', 'time': datetime.datetime(2020, 9, 10, 13, 8, 45, 753196), 'category': 'Shampoo', 'id': 'tPp407453-471203-471204', 'prod_name': 'Ogx Biotin & Collagen Shampoo', 'waitrose_Qty': '385ml', 'waitrose_discounted_price': '£7.00', 'waitrose_offer_desc': None, 'waitrose_url': 'https://www.waitrose.com/ecom/shop/browse/groceries/toiletries_health_and_beauty/hair_care/shampoo', 'waitrose_rating': None, 'waitrose_unit_price': '(£1.82/100ml)', 'waitrose_new_flag': None, 'waitrose_prod_name': 'Ogx Biotin & Collagen Shampoo 385ml', 'images': []}
DEBUG: Scraped from <200 https://www.waitrose.com/ecom/shop/browse/groceries/toiletries_health_and_beauty/hair_care/shampoo>
{'client': 'Waitrose', 'time': datetime.datetime(2020, 9, 10, 13, 8, 45, 753196), 'category': 'Shampoo', 'id': 'tPp435635-694165-694166', 'prod_name': 'Pantene Classic Clean Shampoo', 'waitrose_Qty': '500ml', 'waitrose_discounted_price': '£5.15', 'waitrose_offer_desc': None, 'waitrose_url': 'https://www.waitrose.com/ecom/shop/browse/groceries/toiletries_health_and_beauty/hair_care/shampoo', 'waitrose_rating': None, 'waitrose_unit_price': '(£1.03/100ml)', 'waitrose_new_flag': None, 'waitrose_prod_name': 'Pantene Classic Clean Shampoo 500ml', 'images': []}
DEBUG: Scraped from <200 https://www.waitrose.com/ecom/shop/browse/groceries/toiletries_health_and_beauty/hair_care/shampoo>
{'client': 'Waitrose', 'time': datetime.datetime(2020, 9, 10, 13, 8, 45, 753196), 'category': 'Shampoo', 'id': 'tPp740653-352034-352035', 'prod_name': 'essential Waitrose Anti-Dandruff 2 in 1', 'waitrose_Qty': '300ml', 'waitrose_discounted_price': '£1.00', 'waitrose_offer_desc': 'Featured Product', 'waitrose_url': 'https://www.waitrose.com/ecom/shop/browse/groceries/toiletries_health_and_beauty/hair_care/shampoo', 'waitrose_rating': '4', 'waitrose_unit_price': '(33.3p/100ml)', 'waitrose_new_flag': None, 'waitrose_prod_name': 'essential Waitrose Anti-Dandruff 2 in 1 300ml', 'images': []}
DEBUG: Scraped from <200 https://www.waitrose.com/ecom/shop/browse/groceries/toiletries_health_and_beauty/hair_care/shampoo>
{'client': 'Waitrose', 'time': datetime.datetime(2020, 9, 10, 13, 8, 45, 753196), 'category': 'Shampoo', 'id': 'tPp755068-720289-720290', 'prod_name': 'Herbal Essences Aloe Hemp Shampoo', 'waitrose_Qty': '380ml', 'waitrose_discounted_price': '£4.50', 'waitrose_offer_desc': None, 'waitrose_url': 'https://www.waitrose.com/ecom/shop/browse/groceries/toiletries_health_and_beauty/hair_care/shampoo', 'waitrose_rating': None, 'waitrose_unit_price': '(£1.19/100ml)', 'waitrose_new_flag': None, 'waitrose_prod_name': 'Herbal Essences Aloe Hemp Shampoo 380ml', 'images': []}
DEBUG: Scraped from <200 https://www.waitrose.com/ecom/shop/browse/groceries/toiletries_health_and_beauty/hair_care/shampoo>
{'client': 'Waitrose', 'time': datetime.datetime(2020, 9, 10, 13, 8, 45, 753196), 'category': 'Shampoo', 'id': 'tPp464815-154487-154488', 'prod_name': 'Batiste original dry shampoo', 'waitrose_Qty': '200ml', 'waitrose_discounted_price': '£3.00', 'waitrose_offer_desc': None, 'waitrose_url': 'https://www.waitrose.com/ecom/shop/browse/groceries/toiletries_health_and_beauty/hair_care/shampoo', 'waitrose_rating': '5', 'waitrose_unit_price': '(£1.50/100ml)', 'waitrose_new_flag': None, 'waitrose_prod_name': 'Batiste original dry shampoo 200ml', 'images': []}
DEBUG: Scraped from <200 https://www.waitrose.com/ecom/shop/browse/groceries/toiletries_health_and_beauty/hair_care/shampoo>
{'client': 'Waitrose', 'time': datetime.datetime(2020, 9, 10, 13, 8, 45, 753196), 'category': 'Shampoo', 'id': 'tPp062495-31737-31738', 'prod_name': 'Neutrogena T/Gel shampoo dry hair', 'waitrose_Qty': '125ml', 'waitrose_discounted_price': '£5.15', 'waitrose_offer_desc': None, 'waitrose_url': 'https://www.waitrose.com/ecom/shop/browse/groceries/toiletries_health_and_beauty/hair_care/shampoo', 'waitrose_rating': None, 'waitrose_unit_price': '(£4.12/100ml)', 'waitrose_new_flag': None, 'waitrose_prod_name': 'Neutrogena T/Gel shampoo dry hair 125ml', 'images': []}
DEBUG: Scraped from <200 https://www.waitrose.com/ecom/shop/browse/groceries/toiletries_health_and_beauty/hair_care/shampoo>
{'client': 'Waitrose', 'time': datetime.datetime(2020, 9, 10, 13, 8, 45, 753196), 'category': 'Shampoo', 'id': 'tPp884562-720413-720414', 'prod_name': 'Maui Moisture Shea Butter Shampoo', 'waitrose_Qty': '385ml', 'waitrose_discounted_price': '£6.00', 'waitrose_offer_desc': 'Save 1/3.', 'waitrose_url': 'https://www.waitrose.com/ecom/shop/browse/groceries/toiletries_health_and_beauty/hair_care/shampoo', 'waitrose_rating': None, 'waitrose_unit_price': '(£1.56/100ml)', 'waitrose_new_flag': None, 'waitrose_prod_name': 'Maui Moisture Shea Butter Shampoo 385ml', 'images': []}
DEBUG: Scraped from <200 https://www.waitrose.com/ecom/shop/browse/groceries/toiletries_health_and_beauty/hair_care/shampoo>
{'client': 'Waitrose', 'time': datetime.datetime(2020, 9, 10, 13, 8, 45, 753196), 'category': 'Shampoo', 'id': 'tPp808436-720325-720326', 'prod_name': 'Hask Biotin Boost Shampoo', 'waitrose_Qty': '355ml', 'waitrose_discounted_price': '£4.66', 'waitrose_offer_desc': 'Save 1/3.', 'waitrose_url': 'https://www.waitrose.com/ecom/shop/browse/groceries/toiletries_health_and_beauty/hair_care/shampoo', 'waitrose_rating': None, 'waitrose_unit_price': '(£1.32/100ml)', 'waitrose_new_flag': None, 'waitrose_prod_name': 'Hask Biotin Boost Shampoo 355ml', 'images': []}
DEBUG: Scraped from <200 https://www.waitrose.com/ecom/shop/browse/groceries/toiletries_health_and_beauty/hair_care/shampoo>
{'client': 'Waitrose', 'time': datetime.datetime(2020, 9, 10, 13, 8, 45, 753196), 'category': 'Shampoo', 'id': 'tPp645178-695617-695618', 'prod_name': 'John Frieda Shampoo Weightless Wonder', 'waitrose_Qty': '250ml', 'waitrose_discounted_price': '£3.99', 'waitrose_offer_desc': 'Save 1/3.', 'waitrose_url': 'https://www.waitrose.com/ecom/shop/browse/groceries/toiletries_health_and_beauty/hair_care/shampoo', 'waitrose_rating': '4.6', 'waitrose_unit_price': '(£1.60/100ml)', 'waitrose_new_flag': None, 'waitrose_prod_name': 'John Frieda Shampoo Weightless Wonder 250ml', 'images': []}
DEBUG: Scraped from <200 https://www.waitrose.com/ecom/shop/browse/groceries/toiletries_health_and_beauty/hair_care/shampoo>
{'client': 'Waitrose', 'time': datetime.datetime(2020, 9, 10, 13, 8, 45, 753196), 'category': 'Shampoo', 'id': 'tPp530991-695493-695494', 'prod_name': 'John Frieda Shampoo Detox & Repair', 'waitrose_Qty': '250ml', 'waitrose_discounted_price': '£3.99', 'waitrose_offer_desc': 'Save 1/3.', 'waitrose_url': 'https://www.waitrose.com/ecom/shop/browse/groceries/toiletries_health_and_beauty/hair_care/shampoo', 'waitrose_rating': None, 'waitrose_unit_price': '(£1.60/100ml)', 'waitrose_new_flag': None, 'waitrose_prod_name': 'John Frieda Shampoo Detox & Repair 250ml', 'images': []}
DEBUG: Scraped from <200 https://www.waitrose.com/ecom/shop/browse/groceries/toiletries_health_and_beauty/hair_care/shampoo>
{'client': 'Waitrose', 'time': datetime.datetime(2020, 9, 10, 13, 8, 45, 753196), 'category': 'Shampoo', 'id': 'tPp836753-694201-694202', 'prod_name': 'Pantene Volume & Body Shampoo', 'waitrose_Qty': '500ml', 'waitrose_discounted_price': '£5.15', 'waitrose_offer_desc': None, 'waitrose_url': 'https://www.waitrose.com/ecom/shop/browse/groceries/toiletries_health_and_beauty/hair_care/shampoo', 'waitrose_rating': None, 'waitrose_unit_price': '(£1.03/100ml)', 'waitrose_new_flag': None, 'waitrose_prod_name': 'Pantene Volume & Body Shampoo 500ml', 'images': []}
DEBUG: Scraped from <200 https://www.waitrose.com/ecom/shop/browse/groceries/toiletries_health_and_beauty/hair_care/shampoo>
{'client': 'Waitrose', 'time': datetime.datetime(2020, 9, 10, 13, 8, 45, 753196), 'category': 'Shampoo', 'id': 'tPp649492-695625-695626', 'prod_name': 'Vosene Kids 2in1 Melon Shampoo', 'waitrose_Qty': '250ml', 'waitrose_discounted_price': '£1.33', 'waitrose_offer_desc': 'Save 1/3.', 'waitrose_url': 'https://www.waitrose.com/ecom/shop/browse/groceries/toiletries_health_and_beauty/hair_care/shampoo', 'waitrose_rating': None, 'waitrose_unit_price': '(53.2p/100ml)', 'waitrose_new_flag': None, 'waitrose_prod_name': 'Vosene Kids 2in1 Melon Shampoo 250ml', 'images': []}
DEBUG: Scraped from <200 https://www.waitrose.com/ecom/shop/browse/groceries/toiletries_health_and_beauty/hair_care/shampoo>
{'client': 'Waitrose', 'time': datetime.datetime(2020, 9, 10, 13, 8, 45, 753196), 'category': 'Shampoo', 'id': 'tPp631829-695597-695598', 'prod_name': 'Noughty Detox Dynamo Shampoo', 'waitrose_Qty': '250ml', 'waitrose_discounted_price': '£4.66', 'waitrose_offer_desc': 'Save 1/3.', 'waitrose_url': 'https://www.waitrose.com/ecom/shop/browse/groceries/toiletries_health_and_beauty/hair_care/shampoo', 'waitrose_rating': None, 'waitrose_unit_price': '(£1.87/100ml)', 'waitrose_new_flag': None, 'waitrose_prod_name': 'Noughty Detox Dynamo Shampoo 250ml', 'images': []}
DEBUG: Scraped from <200 https://www.waitrose.com/ecom/shop/browse/groceries/toiletries_health_and_beauty/hair_care/shampoo>
{'client': 'Waitrose', 'time': datetime.datetime(2020, 9, 10, 13, 8, 45, 753196), 'category': 'Shampoo', 'id': 'tPp839781-154875-154876', 'prod_name': 'Aussie miracle moist shampoo', 'waitrose_Qty': '500ml', 'waitrose_discounted_price': '£6.15', 'waitrose_offer_desc': None, 'waitrose_url': 'https://www.waitrose.com/ecom/shop/browse/groceries/toiletries_health_and_beauty/hair_care/shampoo', 'waitrose_rating': None, 'waitrose_unit_price': '(£1.23/100ml)', 'waitrose_new_flag': None, 'waitrose_prod_name': 'Aussie miracle moist shampoo 500ml', 'images': []}
DEBUG: Scraped from <200 https://www.waitrose.com/ecom/shop/browse/groceries/toiletries_health_and_beauty/hair_care/shampoo>
{'client': 'Waitrose', 'time': datetime.datetime(2020, 9, 10, 13, 8, 45, 753196), 'category': 'Shampoo', 'id': 'tPp824583-694195-694196', 'prod_name': 'Pantene Repair & Protect Shampoo', 'waitrose_Qty': '500ml', 'waitrose_discounted_price': '£3.75', 'waitrose_offer_desc': None, 'waitrose_url': 'https://www.waitrose.com/ecom/shop/browse/groceries/toiletries_health_and_beauty/hair_care/shampoo', 'waitrose_rating': None, 'waitrose_unit_price': '(75p/100ml)', 'waitrose_new_flag': None, 'waitrose_prod_name': 'Pantene Repair & Protect Shampoo 500ml', 'images': []}
DEBUG: Scraped from <200 https://www.waitrose.com/ecom/shop/browse/groceries/toiletries_health_and_beauty/hair_care/shampoo>
{'client': 'Waitrose', 'time': datetime.datetime(2020, 9, 10, 13, 8, 45, 753196), 'category': 'Shampoo', 'id': 'tPp581617-694173-694174', 'prod_name': 'Pantene Colour Protect Shampoo', 'waitrose_Qty': '500ml', 'waitrose_discounted_price': '£5.15', 'waitrose_offer_desc': None, 'waitrose_url': 'https://www.waitrose.com/ecom/shop/browse/groceries/toiletries_health_and_beauty/hair_care/shampoo', 'waitrose_rating': None, 'waitrose_unit_price': '(£1.03/100ml)', 'waitrose_new_flag': None, 'waitrose_prod_name': 'Pantene Colour Protect Shampoo 500ml', 'images': []}
DEBUG: Scraped from <200 https://www.waitrose.com/ecom/shop/browse/groceries/toiletries_health_and_beauty/hair_care/shampoo>
{'client': 'Waitrose', 'time': datetime.datetime(2020, 9, 10, 13, 8, 45, 753196), 'category': 'Shampoo', 'id': 'tPp047805-23664-23665', 'prod_name': 'Avalon Organics tea tree shampoo', 'waitrose_Qty': '325ml', 'waitrose_discounted_price': '£7.00', 'waitrose_offer_desc': None, 'waitrose_url': 'https://www.waitrose.com/ecom/shop/browse/groceries/toiletries_health_and_beauty/hair_care/shampoo', 'waitrose_rating': '4.9', 'waitrose_unit_price': '(£2.16/100ml)', 'waitrose_new_flag': None, 'waitrose_prod_name': 'Avalon Organics tea tree shampoo 325ml', 'images': []}
DEBUG: Scraped from <200 https://www.waitrose.com/ecom/shop/browse/groceries/toiletries_health_and_beauty/hair_care/shampoo>
{'client': 'Waitrose', 'time': datetime.datetime(2020, 9, 10, 13, 8, 45, 753196), 'category': 'Shampoo', 'id': 'tPp492466-631281-631282', 'prod_name': 'Hask Keratin Protein Smoothing Shampoo', 'waitrose_Qty': '355ml', 'waitrose_discounted_price': '£4.66', 'waitrose_offer_desc': 'Save 1/3.', 'waitrose_url': 'https://www.waitrose.com/ecom/shop/browse/groceries/toiletries_health_and_beauty/hair_care/shampoo', 'waitrose_rating': None, 'waitrose_unit_price': '(£1.32/100ml)', 'waitrose_new_flag': None, 'waitrose_prod_name': 'Hask Keratin Protein Smoothing Shampoo 355ml', 'images': []}
DEBUG: Scraped from <200 https://www.waitrose.com/ecom/shop/browse/groceries/toiletries_health_and_beauty/hair_care/shampoo>
{'client': 'Waitrose', 'time': datetime.datetime(2020, 9, 10, 13, 8, 45, 753196), 'category': 'Shampoo', 'id': 'tPp807825-473364-473365', 'prod_name': 'SenSpa Deep Cleanse Shampoo', 'waitrose_Qty': '250ml', 'waitrose_discounted_price': '£4.00', 'waitrose_offer_desc': 'Save 1/3.', 'waitrose_url': 'https://www.waitrose.com/ecom/shop/browse/groceries/toiletries_health_and_beauty/hair_care/shampoo', 'waitrose_rating': '3.7', 'waitrose_unit_price': '(£1.60/100ml)', 'waitrose_new_flag': None, 'waitrose_prod_name': 'SenSpa Deep Cleanse Shampoo 250ml', 'images': []}
DEBUG: Scraped from <200 https://www.waitrose.com/ecom/shop/browse/groceries/toiletries_health_and_beauty/hair_care/shampoo>
{'client': 'Waitrose', 'time': datetime.datetime(2020, 9, 10, 13, 8, 45, 753196), 'category': 'Shampoo', 'id': 'tPp791725-375655-375656', 'prod_name': 'Ogx Kukuí Oil Shampoo', 'waitrose_Qty': '385ml', 'waitrose_discounted_price': '£7.00', 'waitrose_offer_desc': None, 'waitrose_url': 'https://www.waitrose.com/ecom/shop/browse/groceries/toiletries_health_and_beauty/hair_care/shampoo', 'waitrose_rating': '5', 'waitrose_unit_price': '(£1.82/100ml)', 'waitrose_new_flag': None, 'waitrose_prod_name': 'Ogx Kukuí Oil Shampoo 385ml', 'images': []}
DEBUG: Scraped from <200 https://www.waitrose.com/ecom/shop/browse/groceries/toiletries_health_and_beauty/hair_care/shampoo>
{'client': 'Waitrose', 'time': datetime.datetime(2020, 9, 10, 13, 8, 45, 753196), 'category': 'Shampoo', 'id': 'tPp711843-717497-717498', 'prod_name': "L'Oreal Elvive Colour Shampoo", 'waitrose_Qty': '400ml', 'waitrose_discounted_price': '£3.75', 'waitrose_offer_desc': None, 'waitrose_url': 'https://www.waitrose.com/ecom/shop/browse/groceries/toiletries_health_and_beauty/hair_care/shampoo', 'waitrose_rating': None, 'waitrose_unit_price': '(93.8p/100ml)', 'waitrose_new_flag': None, 'waitrose_prod_name': "L'Oreal Elvive Colour Shampoo 400ml", 'images': []}
DEBUG: Scraped from <200 https://www.waitrose.com/ecom/shop/browse/groceries/toiletries_health_and_beauty/hair_care/shampoo>
{'client': 'Waitrose', 'time': datetime.datetime(2020, 9, 10, 13, 8, 45, 753196), 'category': 'Shampoo', 'id': 'tPp853982-154925-154926', 'prod_name': 'Batiste blush dry shampoo', 'waitrose_Qty': '200ml', 'waitrose_discounted_price': '£3.00', 'waitrose_offer_desc': None, 'waitrose_url': 'https://www.waitrose.com/ecom/shop/browse/groceries/toiletries_health_and_beauty/hair_care/shampoo', 'waitrose_rating': '4', 'waitrose_unit_price': '(£1.50/100ml)', 'waitrose_new_flag': None, 'waitrose_prod_name': 'Batiste blush dry shampoo 200ml', 'images': []}
DEBUG: Scraped from <200 https://www.waitrose.com/ecom/shop/browse/groceries/toiletries_health_and_beauty/hair_care/shampoo>
{'client': 'Waitrose', 'time': datetime.datetime(2020, 9, 10, 13, 8, 45, 753196), 'category': 'Shampoo', 'id': 'tPp453160-695433-695434', 'prod_name': 'Argan+ Long & Strong Shampoo', 'waitrose_Qty': '300ml', 'waitrose_discounted_price': '£4.00', 'waitrose_offer_desc': 'Save 1/3.', 'waitrose_url': 'https://www.waitrose.com/ecom/shop/browse/groceries/toiletries_health_and_beauty/hair_care/shampoo', 'waitrose_rating': None, 'waitrose_unit_price': '(£1.34/100ml)', 'waitrose_new_flag': None, 'waitrose_prod_name': 'Argan+ Long & Strong Shampoo 300ml', 'images': []}
DEBUG: Scraped from <200 https://www.waitrose.com/ecom/shop/browse/groceries/toiletries_health_and_beauty/hair_care/shampoo>
{'client': 'Waitrose', 'time': datetime.datetime(2020, 9, 10, 13, 8, 45, 753196), 'category': 'Shampoo', 'id': 'tPp752186-631541-631542', 'prod_name': 'Ogx Coconut OIl Shampoo', 'waitrose_Qty': '385ml', 'waitrose_discounted_price': '£7.00', 'waitrose_offer_desc': None, 'waitrose_url': 'https://www.waitrose.com/ecom/shop/browse/groceries/toiletries_health_and_beauty/hair_care/shampoo', 'waitrose_rating': None, 'waitrose_unit_price': '(£1.82/100ml)', 'waitrose_new_flag': None, 'waitrose_prod_name': 'Ogx Coconut OIl Shampoo 385ml', 'images': []}
DEBUG: Scraped from <200 https://www.waitrose.com/ecom/shop/browse/groceries/toiletries_health_and_beauty/hair_care/shampoo>
{'client': 'Waitrose', 'time': datetime.datetime(2020, 9, 10, 13, 8, 45, 753196), 'category': 'Shampoo', 'id': 'tPp427668-591713-591714', 'prod_name': 'Herbal Essences Hydrate Shampoo', 'waitrose_Qty': '400ml', 'waitrose_discounted_price': '£4.50', 'waitrose_offer_desc': None, 'waitrose_url': 'https://www.waitrose.com/ecom/shop/browse/groceries/toiletries_health_and_beauty/hair_care/shampoo', 'waitrose_rating': '5', 'waitrose_unit_price': '(£1.13/100ml)', 'waitrose_new_flag': None, 'waitrose_prod_name': 'Herbal Essences Hydrate Shampoo 400ml', 'images': []}
DEBUG: Scraped from <200 https://www.waitrose.com/ecom/shop/browse/groceries/toiletries_health_and_beauty/hair_care/shampoo>
{'client': 'Waitrose', 'time': datetime.datetime(2020, 9, 10, 13, 8, 45, 753196), 'category': 'Shampoo', 'id': 'tPp662395-154665-154666', 'prod_name': 'Aussie colour mate shampoo', 'waitrose_Qty': '500ml', 'waitrose_discounted_price': '£6.15', 'waitrose_offer_desc': None, 'waitrose_url': 'https://www.waitrose.com/ecom/shop/browse/groceries/toiletries_health_and_beauty/hair_care/shampoo', 'waitrose_rating': None, 'waitrose_unit_price': '(£1.23/100ml)', 'waitrose_new_flag': None, 'waitrose_prod_name': 'Aussie colour mate shampoo 500ml', 'images': []}
DEBUG: Scraped from <200 https://www.waitrose.com/ecom/shop/browse/groceries/toiletries_health_and_beauty/hair_care/shampoo>
{'client': 'Waitrose', 'time': datetime.datetime(2020, 9, 10, 13, 8, 45, 753196), 'category': 'Shampoo', 'id': 'tPp686838-346630-346631', 'prod_name': 'Richard Ward argan antiageing shampoo', 'waitrose_Qty': '250ml', 'waitrose_discounted_price': '£6.00', 'waitrose_offer_desc': None, 'waitrose_url': 'https://www.waitrose.com/ecom/shop/browse/groceries/toiletries_health_and_beauty/hair_care/shampoo', 'waitrose_rating': '4.1', 'waitrose_unit_price': '(£2.40/100ml)', 'waitrose_new_flag': None, 'waitrose_prod_name': 'Richard Ward argan antiageing shampoo 250ml', 'images': []}
DEBUG: Scraped from <200 https://www.waitrose.com/ecom/shop/browse/groceries/toiletries_health_and_beauty/hair_care/shampoo>
{'client': 'Waitrose', 'time': datetime.datetime(2020, 9, 10, 13, 8, 45, 753196), 'category': 'Shampoo', 'id': 'tPp486943-68769-68770', 'prod_name': 'Head & Shoulders 2in1 classic clean', 'waitrose_Qty': '225ml', 'waitrose_discounted_price': '£3.00', 'waitrose_offer_desc': None, 'waitrose_url': 'https://www.waitrose.com/ecom/shop/browse/groceries/toiletries_health_and_beauty/hair_care/shampoo', 'waitrose_rating': '4', 'waitrose_unit_price': '(£1.34/100ml)', 'waitrose_new_flag': None, 'waitrose_prod_name': 'Head & Shoulders 2in1 classic clean 225ml', 'images': []}
DEBUG: Scraped from <200 https://www.waitrose.com/ecom/shop/browse/groceries/toiletries_health_and_beauty/hair_care/shampoo>
{'client': 'Waitrose', 'time': datetime.datetime(2020, 9, 10, 13, 8, 45, 753196), 'category': 'Shampoo', 'id': 'tPp432893-216691-216692', 'prod_name': 'Head & Shoulders Shampoo Apple Fresh', 'waitrose_Qty': '500ml', 'waitrose_discounted_price': '£5.15', 'waitrose_offer_desc': None, 'waitrose_url': 'https://www.waitrose.com/ecom/shop/browse/groceries/toiletries_health_and_beauty/hair_care/shampoo', 'waitrose_rating': None, 'waitrose_unit_price': '(£1.03/100ml)', 'waitrose_new_flag': None, 'waitrose_prod_name': 'Head & Shoulders Shampoo Apple Fresh 500ml', 'images': []}
DEBUG: Scraped from <200 https://www.waitrose.com/ecom/shop/browse/groceries/toiletries_health_and_beauty/hair_care/shampoo>
{'client': 'Waitrose', 'time': datetime.datetime(2020, 9, 10, 13, 8, 45, 753196), 'category': 'Shampoo', 'id': 'tPp882824-154983-154984', 'prod_name': 'Head & Shoulders itchy scalp shampoo', 'waitrose_Qty': '500ml', 'waitrose_discounted_price': '£5.15', 'waitrose_offer_desc': None, 'waitrose_url': 'https://www.waitrose.com/ecom/shop/browse/groceries/toiletries_health_and_beauty/hair_care/shampoo', 'waitrose_rating': '5', 'waitrose_unit_price': '(£1.03/100ml)', 'waitrose_new_flag': None, 'waitrose_prod_name': 'Head & Shoulders itchy scalp shampoo 500ml', 'images': []}
DEBUG: Scraped from <200 https://www.waitrose.com/ecom/shop/browse/groceries/toiletries_health_and_beauty/hair_care/shampoo>
{'client': 'Waitrose', 'time': datetime.datetime(2020, 9, 10, 13, 8, 45, 753196), 'category': 'Shampoo', 'id': 'tPp603087-695555-695556', 'prod_name': 'Noughty Colour Bomb Shampoo', 'waitrose_Qty': '250ml', 'waitrose_discounted_price': '£4.66', 'waitrose_offer_desc': 'Save 1/3.', 'waitrose_url': 'https://www.waitrose.com/ecom/shop/browse/groceries/toiletries_health_and_beauty/hair_care/shampoo', 'waitrose_rating': '3', 'waitrose_unit_price': '(£1.87/100ml)', 'waitrose_new_flag': None, 'waitrose_prod_name': 'Noughty Colour Bomb Shampoo 250ml', 'images': []}
DEBUG: Scraped from <200 https://www.waitrose.com/ecom/shop/browse/groceries/toiletries_health_and_beauty/hair_care/shampoo>
{'client': 'Waitrose', 'time': datetime.datetime(2020, 9, 10, 13, 8, 45, 753196), 'category': 'Shampoo', 'id': 'tPp735751-154731-154732', 'prod_name': 'Aussie aussome volume shampoo', 'waitrose_Qty': '500ml', 'waitrose_discounted_price': '£6.10', 'waitrose_offer_desc': None, 'waitrose_url': 'https://www.waitrose.com/ecom/shop/browse/groceries/toiletries_health_and_beauty/hair_care/shampoo', 'waitrose_rating': None, 'waitrose_unit_price': '(£1.22/100ml)', 'waitrose_new_flag': None, 'waitrose_prod_name': 'Aussie aussome volume shampoo 500ml', 'images': []}
DEBUG: Scraped from <200 https://www.waitrose.com/ecom/shop/browse/groceries/toiletries_health_and_beauty/hair_care/shampoo>
{'client': 'Waitrose', 'time': datetime.datetime(2020, 9, 10, 13, 8, 45, 753196), 'category': 'Shampoo', 'id': 'tPp821139-694191-694192', 'prod_name': 'Pantene Smooth & Sleek Shampoo', 'waitrose_Qty': '500ml', 'waitrose_discounted_price': '£5.15', 'waitrose_offer_desc': None, 'waitrose_url': 'https://www.waitrose.com/ecom/shop/browse/groceries/toiletries_health_and_beauty/hair_care/shampoo', 'waitrose_rating': None, 'waitrose_unit_price': '(£1.03/100ml)', 'waitrose_new_flag': None, 'waitrose_prod_name': 'Pantene Smooth & Sleek Shampoo 500ml', 'images': []}
DEBUG: Scraped from <200 https://www.waitrose.com/ecom/shop/browse/groceries/toiletries_health_and_beauty/hair_care/shampoo>
{'client': 'Waitrose', 'time': datetime.datetime(2020, 9, 10, 13, 8, 45, 753196), 'category': 'Shampoo', 'id': 'tPp756229-563906-563907', 'prod_name': 'Head & Shoulders 2 in 1 Total Care', 'waitrose_Qty': '225ml', 'waitrose_discounted_price': '£3.00', 'waitrose_offer_desc': None, 'waitrose_url': 'https://www.waitrose.com/ecom/shop/browse/groceries/toiletries_health_and_beauty/hair_care/shampoo', 'waitrose_rating': None, 'waitrose_unit_price': '(£1.34/100ml)', 'waitrose_new_flag': None, 'waitrose_prod_name': 'Head & Shoulders 2 in 1 Total Care 225ml', 'images': []}
DEBUG: Scraped from <200 https://www.waitrose.com/ecom/shop/browse/groceries/toiletries_health_and_beauty/hair_care/shampoo>
{'client': 'Waitrose', 'time': datetime.datetime(2020, 9, 10, 13, 8, 45, 753196), 'category': 'Shampoo', 'id': 'tPp527154-720165-720166', 'prod_name': 'Maui Moisture Hibiscus Water', 'waitrose_Qty': '385ml', 'waitrose_discounted_price': '£6.00', 'waitrose_offer_desc': 'Save 1/3.', 'waitrose_url': 'https://www.waitrose.com/ecom/shop/browse/groceries/toiletries_health_and_beauty/hair_care/shampoo', 'waitrose_rating': None, 'waitrose_unit_price': '(£1.56/100ml)', 'waitrose_new_flag': None, 'waitrose_prod_name': 'Maui Moisture Hibiscus Water 385ml', 'images': []}
DEBUG: Scraped from <200 https://www.waitrose.com/ecom/shop/browse/groceries/toiletries_health_and_beauty/hair_care/shampoo>
{'client': 'Waitrose', 'time': datetime.datetime(2020, 9, 10, 13, 8, 45, 753196), 'category': 'Shampoo', 'id': 'tPp810302-683828-683829', 'prod_name': 'Herbal Essences Deep Repair Shampoo', 'waitrose_Qty': '400ml', 'waitrose_discounted_price': '£4.50', 'waitrose_offer_desc': None, 'waitrose_url': 'https://www.waitrose.com/ecom/shop/browse/groceries/toiletries_health_and_beauty/hair_care/shampoo', 'waitrose_rating': None, 'waitrose_unit_price': '(£1.13/100ml)', 'waitrose_new_flag': None, 'waitrose_prod_name': 'Herbal Essences Deep Repair Shampoo 400ml', 'images': []}
DEBUG: Scraped from <200 https://www.waitrose.com/ecom/shop/browse/groceries/toiletries_health_and_beauty/hair_care/shampoo>
{'client': 'Waitrose', 'time': datetime.datetime(2020, 9, 10, 13, 8, 45, 753196), 'category': 'Shampoo', 'id': 'tPp816738-442231-442232', 'prod_name': 'SensSpa Nourishing Shampoo', 'waitrose_Qty': '250ml', 'waitrose_discounted_price': '£4.00', 'waitrose_offer_desc': 'Save 1/3.', 'waitrose_url': 'https://www.waitrose.com/ecom/shop/browse/groceries/toiletries_health_and_beauty/hair_care/shampoo', 'waitrose_rating': '2.6', 'waitrose_unit_price': '(£1.60/100ml)', 'waitrose_new_flag': None, 'waitrose_prod_name': 'SensSpa Nourishing Shampoo 250ml', 'images': []}
DEBUG: Scraped from <200 https://www.waitrose.com/ecom/shop/browse/groceries/toiletries_health_and_beauty/hair_care/shampoo>
{'client': 'Waitrose', 'time': datetime.datetime(2020, 9, 10, 13, 8, 45, 753196), 'category': 'Shampoo', 'id': 'tPp586765-735804-735805', 'prod_name': "L'Oreal Elvive Restoring Shampoo", 'waitrose_Qty': '400ml', 'waitrose_discounted_price': '£3.75', 'waitrose_offer_desc': None, 'waitrose_url': 'https://www.waitrose.com/ecom/shop/browse/groceries/toiletries_health_and_beauty/hair_care/shampoo', 'waitrose_rating': None, 'waitrose_unit_price': '(93.8p/100ml)', 'waitrose_new_flag': 'NEW', 'waitrose_prod_name': "L'Oreal Elvive Restoring Shampoo 400ml", 'images': []}
DEBUG: Scraped from <200 https://www.waitrose.com/ecom/shop/browse/groceries/toiletries_health_and_beauty/hair_care/shampoo>
{'client': 'Waitrose', 'time': datetime.datetime(2020, 9, 10, 13, 8, 45, 753196), 'category': 'Shampoo', 'id': 'tPp027940-13599-13600', 'prod_name': 'Avalon Organics lemon shampoo', 'waitrose_Qty': '325ml', 'waitrose_discounted_price': '£7.00', 'waitrose_offer_desc': None, 'waitrose_url': 'https://www.waitrose.com/ecom/shop/browse/groceries/toiletries_health_and_beauty/hair_care/shampoo', 'waitrose_rating': '3.6', 'waitrose_unit_price': '(£2.16/100ml)', 'waitrose_new_flag': None, 'waitrose_prod_name': 'Avalon Organics lemon shampoo 325ml', 'images': []}
DEBUG: Scraped from <200 https://www.waitrose.com/ecom/shop/browse/groceries/toiletries_health_and_beauty/hair_care/shampoo>
{'client': 'Waitrose', 'time': datetime.datetime(2020, 9, 10, 13, 8, 45, 753196), 'category': 'Shampoo', 'id': 'tPp626001-88825-88826', 'prod_name': 'Head & Shoulders Shampoo Citrus Fresh', 'waitrose_Qty': '500ml', 'waitrose_discounted_price': '£5.15', 'waitrose_offer_desc': None, 'waitrose_url': 'https://www.waitrose.com/ecom/shop/browse/groceries/toiletries_health_and_beauty/hair_care/shampoo', 'waitrose_rating': None, 'waitrose_unit_price': '(£1.03/100ml)', 'waitrose_new_flag': None, 'waitrose_prod_name': 'Head & Shoulders Shampoo Citrus Fresh 500ml', 'images': []}
DEBUG: Scraped from <200 https://www.waitrose.com/ecom/shop/browse/groceries/toiletries_health_and_beauty/hair_care/shampoo>
{'client': 'Waitrose', 'time': datetime.datetime(2020, 9, 10, 13, 8, 45, 753196), 'category': 'Shampoo', 'id': 'tPp852396-695857-695858', 'prod_name': 'BECO. Honey Blossom Shampoo Bar', 'waitrose_Qty': '90g', 'waitrose_discounted_price': '£4.00', 'waitrose_offer_desc': None, 'waitrose_url': 'https://www.waitrose.com/ecom/shop/browse/groceries/toiletries_health_and_beauty/hair_care/shampoo', 'waitrose_rating': '4.9', 'waitrose_unit_price': '(£4.45/100g)', 'waitrose_new_flag': None, 'waitrose_prod_name': 'BECO. Honey Blossom Shampoo Bar 90g', 'images': []}
DEBUG: Scraped from <200 https://www.waitrose.com/ecom/shop/browse/groceries/toiletries_health_and_beauty/hair_care/shampoo>
{'client': 'Waitrose', 'time': datetime.datetime(2020, 9, 10, 13, 8, 45, 753196), 'category': 'Shampoo', 'id': 'tPp829437-695831-695832', 'prod_name': 'Umberto Giannini Grow Long Shampoo', 'waitrose_Qty': '250ml', 'waitrose_discounted_price': '£8.00', 'waitrose_offer_desc': 'Mix & Match Add 3 for 2 Cheapest Item Free', 'waitrose_url': 'https://www.waitrose.com/ecom/shop/browse/groceries/toiletries_health_and_beauty/hair_care/shampoo', 'waitrose_rating': '5', 'waitrose_unit_price': '(£3.20/100ml)', 'waitrose_new_flag': None, 'waitrose_prod_name': 'Umberto Giannini Grow Long Shampoo 250ml', 'images': []}
DEBUG: Scraped from <200 https://www.waitrose.com/ecom/shop/browse/groceries/toiletries_health_and_beauty/hair_care/shampoo>
{'client': 'Waitrose', 'time': datetime.datetime(2020, 9, 10, 13, 8, 45, 753196), 'category': 'Shampoo', 'id': 'tPp886458-216893-216894', 'prod_name': 'Ogx Brazilian Keratin Shampoo', 'waitrose_Qty': '385ml', 'waitrose_discounted_price': '£7.00', 'waitrose_offer_desc': None, 'waitrose_url': 'https://www.waitrose.com/ecom/shop/browse/groceries/toiletries_health_and_beauty/hair_care/shampoo', 'waitrose_rating': '5', 'waitrose_unit_price': '(£1.82/100ml)', 'waitrose_new_flag': None, 'waitrose_prod_name': 'Ogx Brazilian Keratin Shampoo 385ml', 'images': []}
DEBUG: Scraped from <200 https://www.waitrose.com/ecom/shop/browse/groceries/toiletries_health_and_beauty/hair_care/shampoo>
{'client': 'Waitrose', 'time': datetime.datetime(2020, 9, 10, 13, 8, 45, 753196), 'category': 'Shampoo', 'id': 'tPp627460-154629-154630', 'prod_name': 'Aussie mega shampoo', 'waitrose_Qty': '500ml', 'waitrose_discounted_price': '£6.15', 'waitrose_offer_desc': None, 'waitrose_url': 'https://www.waitrose.com/ecom/shop/browse/groceries/toiletries_health_and_beauty/hair_care/shampoo', 'waitrose_rating': '3.8', 'waitrose_unit_price': '(£1.23/100ml)', 'waitrose_new_flag': None, 'waitrose_prod_name': 'Aussie mega shampoo 500ml', 'images': []}
DEBUG: Scraped from <200 https://www.waitrose.com/ecom/shop/browse/groceries/toiletries_health_and_beauty/hair_care/shampoo>
{'client': 'Waitrose', 'time': datetime.datetime(2020, 9, 10, 13, 8, 45, 753196), 'category': 'Shampoo', 'id': 'tPp867514-720387-720388', 'prod_name': 'Head & Shoulders Coconut Shampoo', 'waitrose_Qty': '500ml', 'waitrose_discounted_price': '£5.00', 'waitrose_offer_desc': None, 'waitrose_url': 'https://www.waitrose.com/ecom/shop/browse/groceries/toiletries_health_and_beauty/hair_care/shampoo', 'waitrose_rating': None, 'waitrose_unit_price': '(£1/100ml)', 'waitrose_new_flag': None, 'waitrose_prod_name': 'Head & Shoulders Coconut Shampoo 500ml', 'images': []}
DEBUG: Scraped from <200 https://www.waitrose.com/ecom/shop/browse/groceries/toiletries_health_and_beauty/hair_care/shampoo>
{'client': 'Waitrose', 'time': datetime.datetime(2020, 9, 10, 13, 8, 45, 753196), 'category': 'Shampoo', 'id': 'tPp484035-715885-715886', 'prod_name': "L'Oreal Elvive Oil Nourishing Shampoo", 'waitrose_Qty': '400ml', 'waitrose_discounted_price': '£3.75', 'waitrose_offer_desc': None, 'waitrose_url': 'https://www.waitrose.com/ecom/shop/browse/groceries/toiletries_health_and_beauty/hair_care/shampoo', 'waitrose_rating': None, 'waitrose_unit_price': '(93.8p/100ml)', 'waitrose_new_flag': None, 'waitrose_prod_name': "L'Oreal Elvive Oil Nourishing Shampoo 400ml", 'images': []}
DEBUG: Scraped from <200 https://www.waitrose.com/ecom/shop/browse/groceries/toiletries_health_and_beauty/hair_care/shampoo>
{'client': 'Waitrose', 'time': datetime.datetime(2020, 9, 10, 13, 8, 45, 753196), 'category': 'Shampoo', 'id': 'tPp868154-695990-695991', 'prod_name': 'Hair Biology Purple Shampoo', 'waitrose_Qty': '250ml', 'waitrose_discounted_price': '£4.50', 'waitrose_offer_desc': None, 'waitrose_url': 'https://www.waitrose.com/ecom/shop/browse/groceries/toiletries_health_and_beauty/hair_care/shampoo', 'waitrose_rating': None, 'waitrose_unit_price': '(£1.80/100ml)', 'waitrose_new_flag': None, 'waitrose_prod_name': 'Hair Biology Purple Shampoo 250ml', 'images': []}
DEBUG: Scraped from <200 https://www.waitrose.com/ecom/shop/browse/groceries/toiletries_health_and_beauty/hair_care/shampoo>
{'client': 'Waitrose', 'time': datetime.datetime(2020, 9, 10, 13, 8, 45, 753196), 'category': 'Shampoo', 'id': 'tPp032765-16025-16026', 'prod_name': "L'Oréal kids shampoo berry strawberry", 'waitrose_Qty': '250ml', 'waitrose_discounted_price': '£2.00', 'waitrose_offer_desc': None, 'waitrose_url': 'https://www.waitrose.com/ecom/shop/browse/groceries/toiletries_health_and_beauty/hair_care/shampoo', 'waitrose_rating': None, 'waitrose_unit_price': '(80p/100ml)', 'waitrose_new_flag': None, 'waitrose_prod_name': "L'Oréal kids shampoo berry strawberry 250ml", 'images': []}
DEBUG: Scraped from <200 https://www.waitrose.com/ecom/shop/browse/groceries/toiletries_health_and_beauty/hair_care/shampoo>
{'client': 'Waitrose', 'time': datetime.datetime(2020, 9, 10, 13, 8, 45, 753196), 'category': 'Shampoo', 'id': 'tPp778297-720309-720310', 'prod_name': 'Pantene Grow Strong Shampoo', 'waitrose_Qty': '400ml', 'waitrose_discounted_price': '£3.75', 'waitrose_offer_desc': None, 'waitrose_url': 'https://www.waitrose.com/ecom/shop/browse/groceries/toiletries_health_and_beauty/hair_care/shampoo', 'waitrose_rating': None, 'waitrose_unit_price': '(93.8p/100ml)', 'waitrose_new_flag': None, 'waitrose_prod_name': 'Pantene Grow Strong Shampoo 400ml', 'images': []}
DEBUG: Scraped from <200 https://www.waitrose.com/ecom/shop/browse/groceries/toiletries_health_and_beauty/hair_care/shampoo>
{'client': 'Waitrose', 'time': datetime.datetime(2020, 9, 10, 13, 8, 45, 753196), 'category': 'Shampoo', 'id': 'tPp790782-694215-694216', 'prod_name': 'Pantene 3in1 Smooth & Sleek', 'waitrose_Qty': '450ml', 'waitrose_discounted_price': '£3.75', 'waitrose_offer_desc': None, 'waitrose_url': 'https://www.waitrose.com/ecom/shop/browse/groceries/toiletries_health_and_beauty/hair_care/shampoo', 'waitrose_rating': None, 'waitrose_unit_price': '(83.3p/100ml)', 'waitrose_new_flag': None, 'waitrose_prod_name': 'Pantene 3in1 Smooth & Sleek 450ml', 'images': []}
DEBUG: Scraped from <200 https://www.waitrose.com/ecom/shop/browse/groceries/toiletries_health_and_beauty/hair_care/shampoo>
{'client': 'Waitrose', 'time': datetime.datetime(2020, 9, 10, 13, 8, 45, 753196), 'category': 'Shampoo', 'id': 'tPp554742-695503-695504', 'prod_name': 'Umberto Giannini Violet Shampoo', 'waitrose_Qty': '250ml', 'waitrose_discounted_price': '£8.00', 'waitrose_offer_desc': 'Mix & Match Add 3 for 2 Cheapest Item Free', 'waitrose_url': 'https://www.waitrose.com/ecom/shop/browse/groceries/toiletries_health_and_beauty/hair_care/shampoo', 'waitrose_rating': None, 'waitrose_unit_price': '(£3.20/100ml)', 'waitrose_new_flag': None, 'waitrose_prod_name': 'Umberto Giannini Violet Shampoo 250ml', 'images': []}
DEBUG: Scraped from <200 https://www.waitrose.com/ecom/shop/browse/groceries/toiletries_health_and_beauty/hair_care/shampoo>
{'client': 'Waitrose', 'time': datetime.datetime(2020, 9, 10, 13, 8, 45, 753196), 'category': 'Shampoo', 'id': 'tPp567427-683666-683667', 'prod_name': 'Ogx Charcoal Detox Shampoo', 'waitrose_Qty': '385ml', 'waitrose_discounted_price': '£7.00', 'waitrose_offer_desc': None, 'waitrose_url': 'https://www.waitrose.com/ecom/shop/browse/groceries/toiletries_health_and_beauty/hair_care/shampoo', 'waitrose_rating': None, 'waitrose_unit_price': '(£1.82/100ml)', 'waitrose_new_flag': None, 'waitrose_prod_name': 'Ogx Charcoal Detox Shampoo 385ml', 'images': []}
DEBUG: Scraped from <200 https://www.waitrose.com/ecom/shop/browse/groceries/toiletries_health_and_beauty/hair_care/shampoo>
{'client': 'Waitrose', 'time': datetime.datetime(2020, 9, 10, 13, 8, 45, 753196), 'category': 'Shampoo', 'id': 'tPp480728-631267-631268', 'prod_name': 'Ogx Orchid Oil Shampoo', 'waitrose_Qty': '385ml', 'waitrose_discounted_price': '£7.00', 'waitrose_offer_desc': None, 'waitrose_url': 'https://www.waitrose.com/ecom/shop/browse/groceries/toiletries_health_and_beauty/hair_care/shampoo', 'waitrose_rating': '5', 'waitrose_unit_price': '(£1.82/100ml)', 'waitrose_new_flag': None, 'waitrose_prod_name': 'Ogx Orchid Oil Shampoo 385ml', 'images': []}
DEBUG: Scraped from <200 https://www.waitrose.com/ecom/shop/browse/groceries/toiletries_health_and_beauty/hair_care/shampoo>
{'client': 'Waitrose', 'time': datetime.datetime(2020, 9, 10, 13, 8, 45, 753196), 'category': 'Shampoo', 'id': 'tPp076232-38732-38733', 'prod_name': 'AOrganic Lavender Shampoo', 'waitrose_Qty': '325ml', 'waitrose_discounted_price': '£7.00', 'waitrose_offer_desc': None, 'waitrose_url': 'https://www.waitrose.com/ecom/shop/browse/groceries/toiletries_health_and_beauty/hair_care/shampoo', 'waitrose_rating': '3.8', 'waitrose_unit_price': '(£2.16/100ml)', 'waitrose_new_flag': None, 'waitrose_prod_name': 'AOrganic Lavender Shampoo 325ml', 'images': []}
DEBUG: Scraped from <200 https://www.waitrose.com/ecom/shop/browse/groceries/toiletries_health_and_beauty/hair_care/shampoo>
{'client': 'Waitrose', 'time': datetime.datetime(2020, 9, 10, 13, 8, 45, 753196), 'category': 'Shampoo', 'id': 'tPp724972-694185-694186', 'prod_name': 'Pantene 3in1 Repair & Protect', 'waitrose_Qty': '450ml', 'waitrose_discounted_price': '£3.75', 'waitrose_offer_desc': None, 'waitrose_url': 'https://www.waitrose.com/ecom/shop/browse/groceries/toiletries_health_and_beauty/hair_care/shampoo', 'waitrose_rating': None, 'waitrose_unit_price': '(83.3p/100ml)', 'waitrose_new_flag': None, 'waitrose_prod_name': 'Pantene 3in1 Repair & Protect 450ml', 'images': []}
DEBUG: Scraped from <200 https://www.waitrose.com/ecom/shop/browse/groceries/toiletries_health_and_beauty/hair_care/shampoo>
{'client': 'Waitrose', 'time': datetime.datetime(2020, 9, 10, 13, 8, 45, 753196), 'category': 'Shampoo', 'id': 'tPp698673-735854-735855', 'prod_name': 'Pantene Pro V Rose Water Shampoo', 'waitrose_Qty': '225ml', 'waitrose_discounted_price': '£3.75', 'waitrose_offer_desc': None, 'waitrose_url': 'https://www.waitrose.com/ecom/shop/browse/groceries/toiletries_health_and_beauty/hair_care/shampoo', 'waitrose_rating': None, 'waitrose_unit_price': '(£1.67/100ml)', 'waitrose_new_flag': 'NEW', 'waitrose_prod_name': 'Pantene Pro V Rose Water Shampoo 225ml', 'images': []}
DEBUG: Scraped from <200 https://www.waitrose.com/ecom/shop/browse/groceries/toiletries_health_and_beauty/hair_care/shampoo>
{'client': 'Waitrose', 'time': datetime.datetime(2020, 9, 10, 13, 8, 45, 753196), 'category': 'Shampoo', 'id': 'tPp405353-729640-729641', 'prod_name': 'Percy & Reed No-Fuss Dry Shampoo', 'waitrose_Qty': '200ml', 'waitrose_discounted_price': '£15.00', 'waitrose_offer_desc': None, 'waitrose_url': 'https://www.waitrose.com/ecom/shop/browse/groceries/toiletries_health_and_beauty/hair_care/shampoo', 'waitrose_rating': '3.8', 'waitrose_unit_price': '(£7.50/100ml)', 'waitrose_new_flag': None, 'waitrose_prod_name': 'Percy & Reed No-Fuss Dry Shampoo 200ml', 'images': []}
DEBUG: Scraped from <200 https://www.waitrose.com/ecom/shop/browse/groceries/toiletries_health_and_beauty/hair_care/shampoo>
{'client': 'Waitrose', 'time': datetime.datetime(2020, 9, 10, 13, 8, 45, 753196), 'category': 'Shampoo', 'id': 'tPp820157-724089-724090', 'prod_name': 'Eco Warrior Shampoo Bar', 'waitrose_Qty': '100g', 'waitrose_discounted_price': '£4.50', 'waitrose_offer_desc': None, 'waitrose_url': 'https://www.waitrose.com/ecom/shop/browse/groceries/toiletries_health_and_beauty/hair_care/shampoo', 'waitrose_rating': None, 'waitrose_unit_price': '(£4.50/100g)', 'waitrose_new_flag': None, 'waitrose_prod_name': 'Eco Warrior Shampoo Bar 100g', 'images': []}
DEBUG: Scraped from <200 https://www.waitrose.com/ecom/shop/browse/groceries/toiletries_health_and_beauty/hair_care/shampoo>
{'client': 'Waitrose', 'time': datetime.datetime(2020, 9, 10, 13, 8, 45, 753196), 'category': 'Shampoo', 'id': 'tPp812614-707138-707139', 'prod_name': 'Beco Spring Meadow Shampoo Bar', 'waitrose_Qty': '90g', 'waitrose_discounted_price': '£4.00', 'waitrose_offer_desc': None, 'waitrose_url': 'https://www.waitrose.com/ecom/shop/browse/groceries/toiletries_health_and_beauty/hair_care/shampoo', 'waitrose_rating': '3.3', 'waitrose_unit_price': '(£4.45/100g)', 'waitrose_new_flag': None, 'waitrose_prod_name': 'Beco Spring Meadow Shampoo Bar 90g', 'images': []}
DEBUG: Scraped from <200 https://www.waitrose.com/ecom/shop/browse/groceries/toiletries_health_and_beauty/hair_care/shampoo>
{'client': 'Waitrose', 'time': datetime.datetime(2020, 9, 10, 13, 8, 45, 753196), 'category': 'Shampoo', 'id': 'tPp426973-298983-298984', 'prod_name': 'Head & Shoulders 2in1 Apple Fresh', 'waitrose_Qty': '450ml', 'waitrose_discounted_price': '£5.00', 'waitrose_offer_desc': None, 'waitrose_url': 'https://www.waitrose.com/ecom/shop/browse/groceries/toiletries_health_and_beauty/hair_care/shampoo', 'waitrose_rating': None, 'waitrose_unit_price': '(£1.12/100ml)', 'waitrose_new_flag': None, 'waitrose_prod_name': 'Head & Shoulders 2in1 Apple Fresh 450ml', 'images': []}
DEBUG: Scraped from <200 https://www.waitrose.com/ecom/shop/browse/groceries/toiletries_health_and_beauty/hair_care/shampoo>
{'client': 'Waitrose', 'time': datetime.datetime(2020, 9, 10, 13, 8, 45, 753196), 'category': 'Shampoo', 'id': 'tPp714629-729752-729753', 'prod_name': 'OGX Keratin Oil Shampoo', 'waitrose_Qty': '385ml', 'waitrose_discounted_price': '£7.00', 'waitrose_offer_desc': None, 'waitrose_url': 'https://www.waitrose.com/ecom/shop/browse/groceries/toiletries_health_and_beauty/hair_care/shampoo', 'waitrose_rating': None, 'waitrose_unit_price': '(£1.82/100ml)', 'waitrose_new_flag': None, 'waitrose_prod_name': 'OGX Keratin Oil Shampoo 385ml', 'images': []}
DEBUG: Scraped from <200 https://www.waitrose.com/ecom/shop/browse/groceries/toiletries_health_and_beauty/hair_care/shampoo>
{'client': 'Waitrose', 'time': datetime.datetime(2020, 9, 10, 13, 8, 45, 753196), 'category': 'Shampoo', 'id': 'tPp567481-719558-719559', 'prod_name': 'Fit Kit Gentle Shampoo &Conditioner', 'waitrose_Qty': '200ml', 'waitrose_discounted_price': '£4.00', 'waitrose_offer_desc': None, 'waitrose_url': 'https://www.waitrose.com/ecom/shop/browse/groceries/toiletries_health_and_beauty/hair_care/shampoo', 'waitrose_rating': '5', 'waitrose_unit_price': '(£2/100ml)', 'waitrose_new_flag': None, 'waitrose_prod_name': 'Fit Kit Gentle Shampoo &Conditioner 200ml', 'images': []}
DEBUG: Scraped from <200 https://www.waitrose.com/ecom/shop/browse/groceries/toiletries_health_and_beauty/hair_care/shampoo>
{'client': 'Waitrose', 'time': datetime.datetime(2020, 9, 10, 13, 8, 45, 753196), 'category': 'Shampoo', 'id': 'tPp888765-695909-695910', 'prod_name': 'Umberto Giannini Curl Jelly Wash', 'waitrose_Qty': '250ml', 'waitrose_discounted_price': '£8.00', 'waitrose_offer_desc': 'Mix & Match Add 3 for 2 Cheapest Item Free', 'waitrose_url': 'https://www.waitrose.com/ecom/shop/browse/groceries/toiletries_health_and_beauty/hair_care/shampoo', 'waitrose_rating': '2.5', 'waitrose_unit_price': '(£3.20/100ml)', 'waitrose_new_flag': None, 'waitrose_prod_name': 'Umberto Giannini Curl Jelly Wash 250ml', 'images': []}
DEBUG: Scraped from <200 https://www.waitrose.com/ecom/shop/browse/groceries/toiletries_health_and_beauty/hair_care/shampoo>
{'client': 'Waitrose', 'time': datetime.datetime(2020, 9, 10, 13, 8, 45, 753196), 'category': 'Shampoo', 'id': 'tPp721134-337091-337092', 'prod_name': 'Aussie miracle shine shampoo', 'waitrose_Qty': '500ml', 'waitrose_discounted_price': '£6.00', 'waitrose_offer_desc': None, 'waitrose_url': 'https://www.waitrose.com/ecom/shop/browse/groceries/toiletries_health_and_beauty/hair_care/shampoo', 'waitrose_rating': None, 'waitrose_unit_price': '(£1.20/100ml)', 'waitrose_new_flag': None, 'waitrose_prod_name': 'Aussie miracle shine shampoo 500ml', 'images': []}
DEBUG: Scraped from <200 https://www.waitrose.com/ecom/shop/browse/groceries/toiletries_health_and_beauty/hair_care/shampoo>
{'client': 'Waitrose', 'time': datetime.datetime(2020, 9, 10, 13, 8, 45, 753196), 'category': 'Shampoo', 'id': 'tPp492090-729670-729671', 'prod_name': 'Percy & Reed Volumising Shampoo', 'waitrose_Qty': '250ml', 'waitrose_discounted_price': '£18.00', 'waitrose_offer_desc': None, 'waitrose_url': 'https://www.waitrose.com/ecom/shop/browse/groceries/toiletries_health_and_beauty/hair_care/shampoo', 'waitrose_rating': None, 'waitrose_unit_price': '(£7.20/100ml)', 'waitrose_new_flag': None, 'waitrose_prod_name': 'Percy & Reed Volumising Shampoo 250ml', 'images': []}
DEBUG: Scraped from <200 https://www.waitrose.com/ecom/shop/browse/groceries/toiletries_health_and_beauty/hair_care/shampoo>
{'client': 'Waitrose', 'time': datetime.datetime(2020, 9, 10, 13, 8, 45, 753196), 'category': 'Shampoo', 'id': 'tPp889100-330444-330445', 'prod_name': 'AOrganic Rosemary Shampoo', 'waitrose_Qty': '325ml', 'waitrose_discounted_price': '£7.00', 'waitrose_offer_desc': None, 'waitrose_url': 'https://www.waitrose.com/ecom/shop/browse/groceries/toiletries_health_and_beauty/hair_care/shampoo', 'waitrose_rating': '2.5', 'waitrose_unit_price': '(£2.16/100ml)', 'waitrose_new_flag': None, 'waitrose_prod_name': 'AOrganic Rosemary Shampoo 325ml', 'images': []}
DEBUG: Scraped from <200 https://www.waitrose.com/ecom/shop/browse/groceries/toiletries_health_and_beauty/hair_care/shampoo>
{'client': 'Waitrose', 'time': datetime.datetime(2020, 9, 10, 13, 8, 45, 753196), 'category': 'Shampoo', 'id': 'tPp407272-440973-440974', 'prod_name': 'Richard Ward Chelsea Cleanse & Condition', 'waitrose_Qty': '250ml', 'waitrose_discounted_price': '£6.00', 'waitrose_offer_desc': None, 'waitrose_url': 'https://www.waitrose.com/ecom/shop/browse/groceries/toiletries_health_and_beauty/hair_care/shampoo', 'waitrose_rating': '3.9', 'waitrose_unit_price': '(£2.40/100ml)', 'waitrose_new_flag': None, 'waitrose_prod_name': 'Richard Ward Chelsea Cleanse & Condition 250ml', 'images': []}
DEBUG: Scraped from <200 https://www.waitrose.com/ecom/shop/browse/groceries/toiletries_health_and_beauty/hair_care/shampoo>
{'client': 'Waitrose', 'time': datetime.datetime(2020, 9, 10, 13, 8, 45, 753196), 'category': 'Shampoo', 'id': 'tPp836383-271490-271491', 'prod_name': 'Head & Shoulders 2in1 citrus care', 'waitrose_Qty': '450ml', 'waitrose_discounted_price': '£5.15', 'waitrose_offer_desc': None, 'waitrose_url': 'https://www.waitrose.com/ecom/shop/browse/groceries/toiletries_health_and_beauty/hair_care/shampoo', 'waitrose_rating': None, 'waitrose_unit_price': '(£1.15/100ml)', 'waitrose_new_flag': None, 'waitrose_prod_name': 'Head & Shoulders 2in1 citrus care 450ml', 'images': []}
DEBUG: Scraped from <200 https://www.waitrose.com/ecom/shop/browse/groceries/toiletries_health_and_beauty/hair_care/shampoo>
{'client': 'Waitrose', 'time': datetime.datetime(2020, 9, 10, 13, 8, 45, 753196), 'category': 'Shampoo', 'id': 'tPp567431-729696-729697', 'prod_name': 'Batiste Dry Shampoo for Blondes', 'waitrose_Qty': '200ml', 'waitrose_discounted_price': '£4.00', 'waitrose_offer_desc': None, 'waitrose_url': 'https://www.waitrose.com/ecom/shop/browse/groceries/toiletries_health_and_beauty/hair_care/shampoo', 'waitrose_rating': None, 'waitrose_unit_price': '(£2/100ml)', 'waitrose_new_flag': None, 'waitrose_prod_name': 'Batiste Dry Shampoo for Blondes 200ml', 'images': []}
DEBUG: Scraped from <200 https://www.waitrose.com/ecom/shop/browse/groceries/toiletries_health_and_beauty/hair_care/shampoo>
{'client': 'Waitrose', 'time': datetime.datetime(2020, 9, 10, 13, 8, 45, 753196), 'category': 'Shampoo', 'id': 'tPp809690-337194-337195', 'prod_name': 'Head & Shoulders 2in1 Itchy Scalp', 'waitrose_Qty': '450ml', 'waitrose_discounted_price': '£5.15', 'waitrose_offer_desc': None, 'waitrose_url': 'https://www.waitrose.com/ecom/shop/browse/groceries/toiletries_health_and_beauty/hair_care/shampoo', 'waitrose_rating': '5', 'waitrose_unit_price': '(£1.15/100ml)', 'waitrose_new_flag': None, 'waitrose_prod_name': 'Head & Shoulders 2in1 Itchy Scalp 450ml', 'images': []}
DEBUG: Scraped from <200 https://www.waitrose.com/ecom/shop/browse/groceries/toiletries_health_and_beauty/hair_care/shampoo>
{'client': 'Waitrose', 'time': datetime.datetime(2020, 9, 10, 13, 8, 45, 753196), 'category': 'Shampoo', 'id': 'tPp803275-329016-329017', 'prod_name': 'AOrganic Peppermint Shampoo', 'waitrose_Qty': '325ml', 'waitrose_discounted_price': '£7.00', 'waitrose_offer_desc': None, 'waitrose_url': 'https://www.waitrose.com/ecom/shop/browse/groceries/toiletries_health_and_beauty/hair_care/shampoo', 'waitrose_rating': '4', 'waitrose_unit_price': '(£2.16/100ml)', 'waitrose_new_flag': None, 'waitrose_prod_name': 'AOrganic Peppermint Shampoo 325ml', 'images': []}
DEBUG: Scraped from <200 https://www.waitrose.com/ecom/shop/browse/groceries/toiletries_health_and_beauty/hair_care/shampoo>
{'client': 'Waitrose', 'time': datetime.datetime(2020, 9, 10, 13, 8, 45, 753196), 'category': 'Shampoo', 'id': 'tPp861587-154949-154950', 'prod_name': 'Batiste dark & deep brown dry shampoo', 'waitrose_Qty': '200ml', 'waitrose_discounted_price': '£4.00', 'waitrose_offer_desc': None, 'waitrose_url': 'https://www.waitrose.com/ecom/shop/browse/groceries/toiletries_health_and_beauty/hair_care/shampoo', 'waitrose_rating': None, 'waitrose_unit_price': '(£2/100ml)', 'waitrose_new_flag': None, 'waitrose_prod_name': 'Batiste dark & deep brown dry shampoo 200ml', 'images': []}
DEBUG: Scraped from <200 https://www.waitrose.com/ecom/shop/browse/groceries/toiletries_health_and_beauty/hair_care/shampoo>
{'client': 'Waitrose', 'time': datetime.datetime(2020, 9, 10, 13, 8, 45, 753196), 'category': 'Shampoo', 'id': 'tPp694392-98595-98596', 'prod_name': 'Head & Shoulders Shampoo Cool Menthol', 'waitrose_Qty': '500ml', 'waitrose_discounted_price': '£5.15', 'waitrose_offer_desc': None, 'waitrose_url': 'https://www.waitrose.com/ecom/shop/browse/groceries/toiletries_health_and_beauty/hair_care/shampoo', 'waitrose_rating': None, 'waitrose_unit_price': '(£1.03/100ml)', 'waitrose_new_flag': None, 'waitrose_prod_name': 'Head & Shoulders Shampoo Cool Menthol 500ml', 'images': []}
DEBUG: Scraped from <200 https://www.waitrose.com/ecom/shop/browse/groceries/toiletries_health_and_beauty/hair_care/shampoo>
{'client': 'Waitrose', 'time': datetime.datetime(2020, 9, 10, 13, 8, 45, 753196), 'category': 'Shampoo', 'id': 'tPp863078-695988-695989', 'prod_name': 'Pantene Hair Biology Full & Vibrant', 'waitrose_Qty': '250ml', 'waitrose_discounted_price': '£4.50', 'waitrose_offer_desc': None, 'waitrose_url': 'https://www.waitrose.com/ecom/shop/browse/groceries/toiletries_health_and_beauty/hair_care/shampoo', 'waitrose_rating': None, 'waitrose_unit_price': '(£1.80/100ml)', 'waitrose_new_flag': None, 'waitrose_prod_name': 'Pantene Hair Biology Full & Vibrant 250ml', 'images': []}
DEBUG: Scraped from <200 https://www.waitrose.com/ecom/shop/browse/groceries/toiletries_health_and_beauty/hair_care/shampoo>
{'client': 'Waitrose', 'time': datetime.datetime(2020, 9, 10, 13, 8, 45, 753196), 'category': 'Shampoo', 'id': 'tPp584599-695531-695532', 'prod_name': 'Batiste Dry Shampoo Volume', 'waitrose_Qty': '200ml', 'waitrose_discounted_price': '£4.25', 'waitrose_offer_desc': None, 'waitrose_url': 'https://www.waitrose.com/ecom/shop/browse/groceries/toiletries_health_and_beauty/hair_care/shampoo', 'waitrose_rating': None, 'waitrose_unit_price': '(£2.13/100ml)', 'waitrose_new_flag': None, 'waitrose_prod_name': 'Batiste Dry Shampoo Volume 200ml', 'images': []}
DEBUG: Scraped from <200 https://www.waitrose.com/ecom/shop/browse/groceries/toiletries_health_and_beauty/hair_care/shampoo>
{'client': 'Waitrose', 'time': datetime.datetime(2020, 9, 10, 13, 8, 45, 753196), 'category': 'Shampoo', 'id': 'tPp401660-588303-588304', 'prod_name': 'Richard Ward Brunette Shampoo', 'waitrose_Qty': '250ml', 'waitrose_discounted_price': '£6.00', 'waitrose_offer_desc': None, 'waitrose_url': 'https://www.waitrose.com/ecom/shop/browse/groceries/toiletries_health_and_beauty/hair_care/shampoo', 'waitrose_rating': '5', 'waitrose_unit_price': '(£2.40/100ml)', 'waitrose_new_flag': None, 'waitrose_prod_name': 'Richard Ward Brunette Shampoo 250ml', 'images': []}
DEBUG: Scraped from <200 https://www.waitrose.com/ecom/shop/browse/groceries/toiletries_health_and_beauty/hair_care/shampoo>
{'client': 'Waitrose', 'time': datetime.datetime(2020, 9, 10, 13, 8, 45, 753196), 'category': 'Shampoo', 'id': 'tPp834106-299691-299692', 'prod_name': 'Head & Shoulders 2in1 smooth & silky', 'waitrose_Qty': '450ml', 'waitrose_discounted_price': '£5.00', 'waitrose_offer_desc': None, 'waitrose_url': 'https://www.waitrose.com/ecom/shop/browse/groceries/toiletries_health_and_beauty/hair_care/shampoo', 'waitrose_rating': None, 'waitrose_unit_price': '(£1.12/100ml)', 'waitrose_new_flag': None, 'waitrose_prod_name': 'Head & Shoulders 2in1 smooth & silky 450ml', 'images': []}
DEBUG: Scraped from <200 https://www.waitrose.com/ecom/shop/browse/groceries/toiletries_health_and_beauty/hair_care/shampoo>
{'client': 'Waitrose', 'time': datetime.datetime(2020, 9, 10, 13, 8, 45, 753196), 'category': 'Shampoo', 'id': 'tPp480888-154495-154496', 'prod_name': 'Head & Shoulders Smooth Shampoo', 'waitrose_Qty': '500ml', 'waitrose_discounted_price': '£5.15', 'waitrose_offer_desc': None, 'waitrose_url': 'https://www.waitrose.com/ecom/shop/browse/groceries/toiletries_health_and_beauty/hair_care/shampoo', 'waitrose_rating': '5', 'waitrose_unit_price': '(£1.03/100ml)', 'waitrose_new_flag': None, 'waitrose_prod_name': 'Head & Shoulders Smooth Shampoo 500ml', 'images': []}
DEBUG: Scraped from <200 https://www.waitrose.com/ecom/shop/browse/groceries/toiletries_health_and_beauty/hair_care/shampoo>
{'client': 'Waitrose', 'time': datetime.datetime(2020, 9, 10, 13, 8, 45, 753196), 'category': 'Shampoo', 'id': 'tPp581644-729702-729703', 'prod_name': 'Percy & Reed Hydrating Shampoo', 'waitrose_Qty': '250ml', 'waitrose_discounted_price': '£18.00', 'waitrose_offer_desc': None, 'waitrose_url': 'https://www.waitrose.com/ecom/shop/browse/groceries/toiletries_health_and_beauty/hair_care/shampoo', 'waitrose_rating': None, 'waitrose_unit_price': '(£7.20/100ml)', 'waitrose_new_flag': None, 'waitrose_prod_name': 'Percy & Reed Hydrating Shampoo 250ml', 'images': []}
DEBUG: Scraped from <200 https://www.waitrose.com/ecom/shop/browse/groceries/toiletries_health_and_beauty/hair_care/shampoo>
{'client': 'Waitrose', 'time': datetime.datetime(2020, 9, 10, 13, 8, 45, 753196), 'category': 'Shampoo', 'id': 'tPp855732-695986-695987', 'prod_name': 'Hair Biology De-Frizz Shampoo', 'waitrose_Qty': '250ml', 'waitrose_discounted_price': '£4.50', 'waitrose_offer_desc': None, 'waitrose_url': 'https://www.waitrose.com/ecom/shop/browse/groceries/toiletries_health_and_beauty/hair_care/shampoo', 'waitrose_rating': None, 'waitrose_unit_price': '(£1.80/100ml)', 'waitrose_new_flag': None, 'waitrose_prod_name': 'Hair Biology De-Frizz Shampoo 250ml', 'images': []}
DEBUG: Scraped from <200 https://www.waitrose.com/ecom/shop/browse/groceries/toiletries_health_and_beauty/hair_care/shampoo>
{'client': 'Waitrose', 'time': datetime.datetime(2020, 9, 10, 13, 8, 45, 753196), 'category': 'Shampoo', 'id': 'tPp734002-695705-695706', 'prod_name': 'Percy & Reed Wonder Wash Shampoo', 'waitrose_Qty': '250ml', 'waitrose_discounted_price': '£18.00', 'waitrose_offer_desc': None, 'waitrose_url': 'https://www.waitrose.com/ecom/shop/browse/groceries/toiletries_health_and_beauty/hair_care/shampoo', 'waitrose_rating': '4.1', 'waitrose_unit_price': '(£7.20/100ml)', 'waitrose_new_flag': None, 'waitrose_prod_name': 'Percy & Reed Wonder Wash Shampoo 250ml', 'images': []}
DEBUG: Scraped from <200 https://www.waitrose.com/ecom/shop/browse/groceries/toiletries_health_and_beauty/hair_care/shampoo>
{'client': 'Waitrose', 'time': datetime.datetime(2020, 9, 10, 13, 8, 45, 753196), 'category': 'Shampoo', 'id': 'tPp591666-681031-681032', 'prod_name': 'Pure Grace Shower Gel', 'waitrose_Qty': '480ml', 'waitrose_discounted_price': '£19.50', 'waitrose_offer_desc': None, 'waitrose_url': 'https://www.waitrose.com/ecom/shop/browse/groceries/toiletries_health_and_beauty/hair_care/shampoo', 'waitrose_rating': None, 'waitrose_unit_price': '(£4.07/100ml)', 'waitrose_new_flag': None, 'waitrose_prod_name': 'Pure Grace Shower Gel 480ml', 'images': []}
INFO: Closing spider (finished)
INFO: Stored json feed (137 items) in: waitrose_091020.json
INFO: Dumping Scrapy stats:
{'downloader/request_bytes': 2588,
 'downloader/request_count': 1,
 'downloader/request_method_count/POST': 1,
 'downloader/response_bytes': 1652550,
 'downloader/response_count': 1,
 'downloader/response_status_count/200': 1,
 'finish_reason': 'finished',
 'finish_time': datetime.datetime(2020, 9, 10, 7, 40, 30, 99395),
 'item_scraped_count': 137,
 'log_count/DEBUG': 138,
 'log_count/INFO': 11,
 'log_count/WARNING': 1,
 'response_received_count': 1,
 'scheduler/dequeued': 2,
 'scheduler/dequeued/memory': 2,
 'scheduler/enqueued': 2,
 'scheduler/enqueued/memory': 2,
 'splash/execute/request_count': 1,
 'splash/execute/response_count/200': 1,
 'start_time': datetime.datetime(2020, 9, 10, 7, 38, 47, 563369)}
INFO: Spider closed (finished)
INFO: Scrapy 1.6.0 started (bot: waitrose)
INFO: Versions: lxml 4.5.1.0, libxml2 2.9.10, cssselect 1.1.0, parsel 1.6.0, w3lib 1.22.0, Twisted 20.3.0, Python 3.7.7 (default, May  6 2020, 11:45:54) [MSC v.1916 64 bit (AMD64)], pyOpenSSL 19.1.0 (OpenSSL 1.1.1g  21 Apr 2020), cryptography 2.9.2, Platform Windows-10-10.0.18362-SP0
INFO: Overridden settings: {'BOT_NAME': 'waitrose', 'DOWNLOAD_TIMEOUT': 1200, 'DUPEFILTER_CLASS': 'scrapy_splash.SplashAwareDupeFilter', 'FEED_EXPORT_ENCODING': 'utf-8', 'FEED_FORMAT': 'json', 'FEED_URI': 'waitrose_091120.json', 'NEWSPIDER_MODULE': 'waitrose.spiders', 'SPIDER_MODULES': ['waitrose.spiders']}
INFO: Telnet Password: 412d090c3b9f54b9
INFO: Enabled extensions:
['scrapy.extensions.corestats.CoreStats',
 'scrapy.extensions.telnet.TelnetConsole',
 'scrapy.extensions.feedexport.FeedExporter',
 'scrapy.extensions.logstats.LogStats']
INFO: Enabled downloader middlewares:
['scrapy.downloadermiddlewares.httpauth.HttpAuthMiddleware',
 'scrapy.downloadermiddlewares.downloadtimeout.DownloadTimeoutMiddleware',
 'scrapy.downloadermiddlewares.defaultheaders.DefaultHeadersMiddleware',
 'scrapy.downloadermiddlewares.useragent.UserAgentMiddleware',
 'scrapy.downloadermiddlewares.retry.RetryMiddleware',
 'scrapy.downloadermiddlewares.redirect.MetaRefreshMiddleware',
 'scrapy.downloadermiddlewares.redirect.RedirectMiddleware',
 'scrapy.downloadermiddlewares.cookies.CookiesMiddleware',
 'scrapy_splash.SplashCookiesMiddleware',
 'scrapy_splash.SplashMiddleware',
 'scrapy.downloadermiddlewares.httpproxy.HttpProxyMiddleware',
 'scrapy.downloadermiddlewares.httpcompression.HttpCompressionMiddleware',
 'scrapy.downloadermiddlewares.stats.DownloaderStats']
INFO: Enabled spider middlewares:
['scrapy.spidermiddlewares.httperror.HttpErrorMiddleware',
 'scrapy_splash.SplashDeduplicateArgsMiddleware',
 'scrapy.spidermiddlewares.offsite.OffsiteMiddleware',
 'scrapy.spidermiddlewares.referer.RefererMiddleware',
 'scrapy.spidermiddlewares.urllength.UrlLengthMiddleware',
 'scrapy.spidermiddlewares.depth.DepthMiddleware']
INFO: Enabled item pipelines:
['waitrose.pipelines.ImageDownloaderPipeline',
 'waitrose.pipelines.SQLlitePipeline']
INFO: Spider opened
INFO: Crawled 0 pages (at 0 pages/min), scraped 0 items (at 0 items/min)
WARNING: C:\Users\sujithk\AppData\Local\Continuum\anaconda3\envs\Virtual_Env\lib\site-packages\scrapy\spidermiddlewares\offsite.py:61: URLWarning: allowed_domains accepts only domains, not URLs. Ignoring URL entry https://www.waitrose.com/ in allowed_domains.
  warnings.warn(message, URLWarning)

INFO: Telnet console listening on 127.0.0.1:6023
INFO: Crawled 0 pages (at 0 pages/min), scraped 0 items (at 0 items/min)
DEBUG: Crawled (200) <GET https://www.waitrose.com/ecom/shop/browse/groceries/toiletries_health_and_beauty/hair_care/shampoo via http://192.168.1.5:8050/execute> (referer: None)
DEBUG: Scraped from <200 https://www.waitrose.com/ecom/shop/browse/groceries/toiletries_health_and_beauty/hair_care/shampoo>
{'client': 'Waitrose', 'time': datetime.datetime(2020, 9, 11, 10, 9, 35, 813034), 'category': 'Shampoo', 'id': 'tPp096508-49364-49365', 'prod_name': 'Aussie Miracle Moist Shampoo', 'waitrose_Qty': '300ml', 'waitrose_discounted_price': '£2.05', 'waitrose_offer_desc': 'Half Price.', 'waitrose_url': 'https://www.waitrose.com/ecom/shop/browse/groceries/toiletries_health_and_beauty/hair_care/shampoo', 'waitrose_rating': '3.7', 'waitrose_unit_price': '(68.3p/100ml)', 'waitrose_new_flag': None, 'waitrose_prod_name': 'Aussie Miracle Moist Shampoo 300ml', 'images': []}
DEBUG: Scraped from <200 https://www.waitrose.com/ecom/shop/browse/groceries/toiletries_health_and_beauty/hair_care/shampoo>
{'client': 'Waitrose', 'time': datetime.datetime(2020, 9, 11, 10, 9, 35, 813034), 'category': 'Shampoo', 'id': 'tPp059421-29947-29948', 'prod_name': 'Aussie Aussome Volume Shampoo', 'waitrose_Qty': '300ml', 'waitrose_discounted_price': '£2.00', 'waitrose_offer_desc': 'Half Price.', 'waitrose_url': 'https://www.waitrose.com/ecom/shop/browse/groceries/toiletries_health_and_beauty/hair_care/shampoo', 'waitrose_rating': '5', 'waitrose_unit_price': '(66.7p/100ml)', 'waitrose_new_flag': None, 'waitrose_prod_name': 'Aussie Aussome Volume Shampoo 300ml', 'images': []}
DEBUG: Scraped from <200 https://www.waitrose.com/ecom/shop/browse/groceries/toiletries_health_and_beauty/hair_care/shampoo>
{'client': 'Waitrose', 'time': datetime.datetime(2020, 9, 11, 10, 9, 35, 813034), 'category': 'Shampoo', 'id': 'tPp096232-49248-49249', 'prod_name': 'Aussie Mega Shampoo', 'waitrose_Qty': '300ml', 'waitrose_discounted_price': '£2.05', 'waitrose_offer_desc': 'Half Price.', 'waitrose_url': 'https://www.waitrose.com/ecom/shop/browse/groceries/toiletries_health_and_beauty/hair_care/shampoo', 'waitrose_rating': '2.5', 'waitrose_unit_price': '(68.3p/100ml)', 'waitrose_new_flag': None, 'waitrose_prod_name': 'Aussie Mega Shampoo 300ml', 'images': []}
DEBUG: Scraped from <200 https://www.waitrose.com/ecom/shop/browse/groceries/toiletries_health_and_beauty/hair_care/shampoo>
{'client': 'Waitrose', 'time': datetime.datetime(2020, 9, 11, 10, 9, 35, 813034), 'category': 'Shampoo', 'id': 'tPp092708-47659-47660', 'prod_name': 'Vosene Original Shampoo', 'waitrose_Qty': '250ml', 'waitrose_discounted_price': '£1.36', 'waitrose_offer_desc': 'Save 1/3.', 'waitrose_url': 'https://www.waitrose.com/ecom/shop/browse/groceries/toiletries_health_and_beauty/hair_care/shampoo', 'waitrose_rating': '5', 'waitrose_unit_price': '(54.4p/100ml)', 'waitrose_new_flag': None, 'waitrose_prod_name': 'Vosene Original Shampoo 250ml', 'images': []}
DEBUG: Scraped from <200 https://www.waitrose.com/ecom/shop/browse/groceries/toiletries_health_and_beauty/hair_care/shampoo>
{'client': 'Waitrose', 'time': datetime.datetime(2020, 9, 11, 10, 9, 35, 813034), 'category': 'Shampoo', 'id': 'tPp092708-47659-47660', 'prod_name': 'Vosene Original Shampoo', 'waitrose_Qty': '250ml', 'waitrose_discounted_price': '£1.36', 'waitrose_offer_desc': 'Save 1/3.', 'waitrose_url': 'https://www.waitrose.com/ecom/shop/browse/groceries/toiletries_health_and_beauty/hair_care/shampoo', 'waitrose_rating': '5', 'waitrose_unit_price': '(54.4p/100ml)', 'waitrose_new_flag': None, 'waitrose_prod_name': 'Vosene Original Shampoo 250ml', 'images': []}
DEBUG: Scraped from <200 https://www.waitrose.com/ecom/shop/browse/groceries/toiletries_health_and_beauty/hair_care/shampoo>
{'client': 'Waitrose', 'time': datetime.datetime(2020, 9, 11, 10, 9, 35, 813034), 'category': 'Shampoo', 'id': 'tPp639145-337007-337008', 'prod_name': 'Tresemmé Shampoo Deep Cleansing', 'waitrose_Qty': '800ml', 'waitrose_discounted_price': '£2.75', 'waitrose_offer_desc': 'Half Price.', 'waitrose_url': 'https://www.waitrose.com/ecom/shop/browse/groceries/toiletries_health_and_beauty/hair_care/shampoo', 'waitrose_rating': '5', 'waitrose_unit_price': '(34.4p/100ml)', 'waitrose_new_flag': None, 'waitrose_prod_name': 'Tresemmé Shampoo Deep Cleansing 800ml', 'images': []}
DEBUG: Scraped from <200 https://www.waitrose.com/ecom/shop/browse/groceries/toiletries_health_and_beauty/hair_care/shampoo>
{'client': 'Waitrose', 'time': datetime.datetime(2020, 9, 11, 10, 9, 35, 813034), 'category': 'Shampoo', 'id': 'tPp799806-683814-683815', 'prod_name': 'Tresemmé Shampoo Moisture Rich', 'waitrose_Qty': '800ml', 'waitrose_discounted_price': '£2.75', 'waitrose_offer_desc': 'Half Price.', 'waitrose_url': 'https://www.waitrose.com/ecom/shop/browse/groceries/toiletries_health_and_beauty/hair_care/shampoo', 'waitrose_rating': None, 'waitrose_unit_price': '(34.4p/100ml)', 'waitrose_new_flag': None, 'waitrose_prod_name': 'Tresemmé Shampoo Moisture Rich 800ml', 'images': []}
DEBUG: Scraped from <200 https://www.waitrose.com/ecom/shop/browse/groceries/toiletries_health_and_beauty/hair_care/shampoo>
{'client': 'Waitrose', 'time': datetime.datetime(2020, 9, 11, 10, 9, 35, 813034), 'category': 'Shampoo', 'id': 'tPp083596-42439-42440', 'prod_name': 'Aussie Colour Mate Shampoo', 'waitrose_Qty': '300ml', 'waitrose_discounted_price': '£2.05', 'waitrose_offer_desc': 'Half Price.', 'waitrose_url': 'https://www.waitrose.com/ecom/shop/browse/groceries/toiletries_health_and_beauty/hair_care/shampoo', 'waitrose_rating': '5', 'waitrose_unit_price': '(68.3p/100ml)', 'waitrose_new_flag': None, 'waitrose_prod_name': 'Aussie Colour Mate Shampoo 300ml', 'images': []}
DEBUG: Scraped from <200 https://www.waitrose.com/ecom/shop/browse/groceries/toiletries_health_and_beauty/hair_care/shampoo>
{'client': 'Waitrose', 'time': datetime.datetime(2020, 9, 11, 10, 9, 35, 813034), 'category': 'Shampoo', 'id': 'tPp819563-729788-729789', 'prod_name': 'Aussie Blonde Purple Shampoo', 'waitrose_Qty': '290ml', 'waitrose_discounted_price': '£2.99', 'waitrose_offer_desc': 'Half Price.', 'waitrose_url': 'https://www.waitrose.com/ecom/shop/browse/groceries/toiletries_health_and_beauty/hair_care/shampoo', 'waitrose_rating': None, 'waitrose_unit_price': '(£1.04/100ml)', 'waitrose_new_flag': None, 'waitrose_prod_name': 'Aussie Blonde Purple Shampoo 290ml', 'images': []}
DEBUG: Scraped from <200 https://www.waitrose.com/ecom/shop/browse/groceries/toiletries_health_and_beauty/hair_care/shampoo>
{'client': 'Waitrose', 'time': datetime.datetime(2020, 9, 11, 10, 9, 35, 813034), 'category': 'Shampoo', 'id': 'tPp364793-255761-255762', 'prod_name': 'Aussie Miracle Shine Shampoo', 'waitrose_Qty': '300ml', 'waitrose_discounted_price': '£2.00', 'waitrose_offer_desc': 'Half Price.', 'waitrose_url': 'https://www.waitrose.com/ecom/shop/browse/groceries/toiletries_health_and_beauty/hair_care/shampoo', 'waitrose_rating': None, 'waitrose_unit_price': '(66.7p/100ml)', 'waitrose_new_flag': None, 'waitrose_prod_name': 'Aussie Miracle Shine Shampoo 300ml', 'images': []}
DEBUG: Scraped from <200 https://www.waitrose.com/ecom/shop/browse/groceries/toiletries_health_and_beauty/hair_care/shampoo>
{'client': 'Waitrose', 'time': datetime.datetime(2020, 9, 11, 10, 9, 35, 813034), 'category': 'Shampoo', 'id': 'tPp819340-720339-720340', 'prod_name': 'Head & Shoulders Supreme Shampoo', 'waitrose_Qty': '400ml', 'waitrose_discounted_price': '£3.33', 'waitrose_offer_desc': 'Save 1/3.', 'waitrose_url': 'https://www.waitrose.com/ecom/shop/browse/groceries/toiletries_health_and_beauty/hair_care/shampoo', 'waitrose_rating': None, 'waitrose_unit_price': '(83.3p/100ml)', 'waitrose_new_flag': None, 'waitrose_prod_name': 'Head & Shoulders Supreme Shampoo 400ml', 'images': []}
DEBUG: Scraped from <200 https://www.waitrose.com/ecom/shop/browse/groceries/toiletries_health_and_beauty/hair_care/shampoo>
{'client': 'Waitrose', 'time': datetime.datetime(2020, 9, 11, 10, 9, 35, 813034), 'category': 'Shampoo', 'id': 'tPp610920-86669-86670', 'prod_name': 'Sheer Blonde Go Blonder Shampoo', 'waitrose_Qty': '250ml', 'waitrose_discounted_price': '£3.99', 'waitrose_offer_desc': 'Save 1/3.', 'waitrose_url': 'https://www.waitrose.com/ecom/shop/browse/groceries/toiletries_health_and_beauty/hair_care/shampoo', 'waitrose_rating': '3.5', 'waitrose_unit_price': '(£1.60/100ml)', 'waitrose_new_flag': None, 'waitrose_prod_name': 'Sheer Blonde Go Blonder Shampoo 250ml', 'images': []}
DEBUG: Scraped from <200 https://www.waitrose.com/ecom/shop/browse/groceries/toiletries_health_and_beauty/hair_care/shampoo>
{'client': 'Waitrose', 'time': datetime.datetime(2020, 9, 11, 10, 9, 35, 813034), 'category': 'Shampoo', 'id': 'tPp011495-5706-5707', 'prod_name': 'John Frieda Shampoo Touchably Full', 'waitrose_Qty': '250ml', 'waitrose_discounted_price': '£3.99', 'waitrose_offer_desc': 'Save 1/3.', 'waitrose_url': 'https://www.waitrose.com/ecom/shop/browse/groceries/toiletries_health_and_beauty/hair_care/shampoo', 'waitrose_rating': '4', 'waitrose_unit_price': '(£1.60/100ml)', 'waitrose_new_flag': None, 'waitrose_prod_name': 'John Frieda Shampoo Touchably Full 250ml', 'images': []}
DEBUG: Scraped from <200 https://www.waitrose.com/ecom/shop/browse/groceries/toiletries_health_and_beauty/hair_care/shampoo>
{'client': 'Waitrose', 'time': datetime.datetime(2020, 9, 11, 10, 9, 35, 813034), 'category': 'Shampoo', 'id': 'tPp433216-720111-720112', 'prod_name': 'John Frieda Hydrate & Recharge Shampoo', 'waitrose_Qty': '250ml', 'waitrose_discounted_price': '£3.99', 'waitrose_offer_desc': 'Save 1/3.', 'waitrose_url': 'https://www.waitrose.com/ecom/shop/browse/groceries/toiletries_health_and_beauty/hair_care/shampoo', 'waitrose_rating': None, 'waitrose_unit_price': '(£1.60/100ml)', 'waitrose_new_flag': None, 'waitrose_prod_name': 'John Frieda Hydrate & Recharge Shampoo 250ml', 'images': []}
DEBUG: Scraped from <200 https://www.waitrose.com/ecom/shop/browse/groceries/toiletries_health_and_beauty/hair_care/shampoo>
{'client': 'Waitrose', 'time': datetime.datetime(2020, 9, 11, 10, 9, 35, 813034), 'category': 'Shampoo', 'id': 'tPp775870-724036-724037', 'prod_name': 'Faith in Nature Wild Rose Shampoo', 'waitrose_Qty': '400ml', 'waitrose_discounted_price': '£3.86', 'waitrose_offer_desc': 'Save 1/3.', 'waitrose_url': 'https://www.waitrose.com/ecom/shop/browse/groceries/toiletries_health_and_beauty/hair_care/shampoo', 'waitrose_rating': '5', 'waitrose_unit_price': '(96.5p/100ml)', 'waitrose_new_flag': None, 'waitrose_prod_name': 'Faith in Nature Wild Rose Shampoo 400ml', 'images': []}
DEBUG: Scraped from <200 https://www.waitrose.com/ecom/shop/browse/groceries/toiletries_health_and_beauty/hair_care/shampoo>
{'client': 'Waitrose', 'time': datetime.datetime(2020, 9, 11, 10, 9, 35, 813034), 'category': 'Shampoo', 'id': 'tPp538896-720173-720174', 'prod_name': 'Herbal Essences Argan Oil Shampoo', 'waitrose_Qty': '250ml', 'waitrose_discounted_price': '£2.00', 'waitrose_offer_desc': 'Save 1/3.', 'waitrose_url': 'https://www.waitrose.com/ecom/shop/browse/groceries/toiletries_health_and_beauty/hair_care/shampoo', 'waitrose_rating': None, 'waitrose_unit_price': '(80p/100ml)', 'waitrose_new_flag': None, 'waitrose_prod_name': 'Herbal Essences Argan Oil Shampoo 250ml', 'images': []}
DEBUG: Scraped from <200 https://www.waitrose.com/ecom/shop/browse/groceries/toiletries_health_and_beauty/hair_care/shampoo>
{'client': 'Waitrose', 'time': datetime.datetime(2020, 9, 11, 10, 9, 35, 813034), 'category': 'Shampoo', 'id': 'tPp502437-720153-720154', 'prod_name': 'Aussie Calm The Frizz Shampoo', 'waitrose_Qty': '300ml', 'waitrose_discounted_price': '£2.00', 'waitrose_offer_desc': 'Half Price.', 'waitrose_url': 'https://www.waitrose.com/ecom/shop/browse/groceries/toiletries_health_and_beauty/hair_care/shampoo', 'waitrose_rating': None, 'waitrose_unit_price': '(66.7p/100ml)', 'waitrose_new_flag': None, 'waitrose_prod_name': 'Aussie Calm The Frizz Shampoo 300ml', 'images': []}
DEBUG: Scraped from <200 https://www.waitrose.com/ecom/shop/browse/groceries/toiletries_health_and_beauty/hair_care/shampoo>
{'client': 'Waitrose', 'time': datetime.datetime(2020, 9, 11, 10, 9, 35, 813034), 'category': 'Shampoo', 'id': 'tPp833802-337290-337291', 'prod_name': 'Aussie Miracle Moist Spray', 'waitrose_Qty': '250ml', 'waitrose_discounted_price': '£2.57', 'waitrose_offer_desc': 'Half Price.', 'waitrose_url': 'https://www.waitrose.com/ecom/shop/browse/groceries/toiletries_health_and_beauty/hair_care/shampoo', 'waitrose_rating': None, 'waitrose_unit_price': '(£1.03/100ml)', 'waitrose_new_flag': None, 'waitrose_prod_name': 'Aussie Miracle Moist Spray 250ml', 'images': []}
DEBUG: Scraped from <200 https://www.waitrose.com/ecom/shop/browse/groceries/toiletries_health_and_beauty/hair_care/shampoo>
{'client': 'Waitrose', 'time': datetime.datetime(2020, 9, 11, 10, 9, 35, 813034), 'category': 'Shampoo', 'id': 'tPp595050-720203-720204', 'prod_name': 'Herbal Essences Coconut Shampoo', 'waitrose_Qty': '250ml', 'waitrose_discounted_price': '£2.00', 'waitrose_offer_desc': 'Save 1/3.', 'waitrose_url': 'https://www.waitrose.com/ecom/shop/browse/groceries/toiletries_health_and_beauty/hair_care/shampoo', 'waitrose_rating': None, 'waitrose_unit_price': '(80p/100ml)', 'waitrose_new_flag': None, 'waitrose_prod_name': 'Herbal Essences Coconut Shampoo 250ml', 'images': []}
DEBUG: Scraped from <200 https://www.waitrose.com/ecom/shop/browse/groceries/toiletries_health_and_beauty/hair_care/shampoo>
{'client': 'Waitrose', 'time': datetime.datetime(2020, 9, 11, 10, 9, 35, 813034), 'category': 'Shampoo', 'id': 'tPp747801-683764-683765', 'prod_name': 'Aussie Shampoo Scent-sational', 'waitrose_Qty': '300ml', 'waitrose_discounted_price': '£2.00', 'waitrose_offer_desc': 'Half Price.', 'waitrose_url': 'https://www.waitrose.com/ecom/shop/browse/groceries/toiletries_health_and_beauty/hair_care/shampoo', 'waitrose_rating': '5', 'waitrose_unit_price': '(66.7p/100ml)', 'waitrose_new_flag': None, 'waitrose_prod_name': 'Aussie Shampoo Scent-sational 300ml', 'images': []}
DEBUG: Scraped from <200 https://www.waitrose.com/ecom/shop/browse/groceries/toiletries_health_and_beauty/hair_care/shampoo>
{'client': 'Waitrose', 'time': datetime.datetime(2020, 9, 11, 10, 9, 35, 813034), 'category': 'Shampoo', 'id': 'tPp494340-69860-69861', 'prod_name': "Neal's Yard Rose Shampoo", 'waitrose_Qty': '200ml', 'waitrose_discounted_price': '£7.66', 'waitrose_offer_desc': 'Save 1/3.', 'waitrose_url': 'https://www.waitrose.com/ecom/shop/browse/groceries/toiletries_health_and_beauty/hair_care/shampoo', 'waitrose_rating': '3.1', 'waitrose_unit_price': '(£3.83/100ml)', 'waitrose_new_flag': None, 'waitrose_prod_name': "Neal's Yard Rose Shampoo 200ml", 'images': []}
DEBUG: Scraped from <200 https://www.waitrose.com/ecom/shop/browse/groceries/toiletries_health_and_beauty/hair_care/shampoo>
{'client': 'Waitrose', 'time': datetime.datetime(2020, 9, 11, 10, 9, 35, 813034), 'category': 'Shampoo', 'id': 'tPp583946-82773-82774', 'prod_name': "Neal's Yard Lavender Shampoo", 'waitrose_Qty': '200ml', 'waitrose_discounted_price': '£7.66', 'waitrose_offer_desc': 'Save 1/3.', 'waitrose_url': 'https://www.waitrose.com/ecom/shop/browse/groceries/toiletries_health_and_beauty/hair_care/shampoo', 'waitrose_rating': '2.3', 'waitrose_unit_price': '(£3.83/100ml)', 'waitrose_new_flag': None, 'waitrose_prod_name': "Neal's Yard Lavender Shampoo 200ml", 'images': []}
DEBUG: Scraped from <200 https://www.waitrose.com/ecom/shop/browse/groceries/toiletries_health_and_beauty/hair_care/shampoo>
{'client': 'Waitrose', 'time': datetime.datetime(2020, 9, 11, 10, 9, 35, 813034), 'category': 'Shampoo', 'id': 'tPp425163-526469-526470', 'prod_name': 'Frizz Ease Shampoo Miraculous Recovery', 'waitrose_Qty': '250ml', 'waitrose_discounted_price': '£3.99', 'waitrose_offer_desc': 'Save 1/3.', 'waitrose_url': 'https://www.waitrose.com/ecom/shop/browse/groceries/toiletries_health_and_beauty/hair_care/shampoo', 'waitrose_rating': None, 'waitrose_unit_price': '(£1.60/100ml)', 'waitrose_new_flag': None, 'waitrose_prod_name': 'Frizz Ease Shampoo Miraculous Recovery 250ml', 'images': []}
DEBUG: Scraped from <200 https://www.waitrose.com/ecom/shop/browse/groceries/toiletries_health_and_beauty/hair_care/shampoo>
{'client': 'Waitrose', 'time': datetime.datetime(2020, 9, 11, 10, 9, 35, 813034), 'category': 'Shampoo', 'id': 'tPp455905-591789-591790', 'prod_name': 'Herbal Essences clean Shampoo', 'waitrose_Qty': '400ml', 'waitrose_discounted_price': '£4.50', 'waitrose_offer_desc': None, 'waitrose_url': 'https://www.waitrose.com/ecom/shop/browse/groceries/toiletries_health_and_beauty/hair_care/shampoo', 'waitrose_rating': None, 'waitrose_unit_price': '(£1.13/100ml)', 'waitrose_new_flag': None, 'waitrose_prod_name': 'Herbal Essences clean Shampoo 400ml', 'images': []}
DEBUG: Scraped from <200 https://www.waitrose.com/ecom/shop/browse/groceries/toiletries_health_and_beauty/hair_care/shampoo>
{'client': 'Waitrose', 'time': datetime.datetime(2020, 9, 11, 10, 9, 35, 813034), 'category': 'Shampoo', 'id': 'tPp702159-494964-494965', 'prod_name': 'DGJ Argan Oil Shampoo', 'waitrose_Qty': '250ml', 'waitrose_discounted_price': '£2.50', 'waitrose_offer_desc': 'Half Price.', 'waitrose_url': 'https://www.waitrose.com/ecom/shop/browse/groceries/toiletries_health_and_beauty/hair_care/shampoo', 'waitrose_rating': None, 'waitrose_unit_price': '(£1/100ml)', 'waitrose_new_flag': None, 'waitrose_prod_name': 'DGJ Argan Oil Shampoo 250ml', 'images': []}
DEBUG: Scraped from <200 https://www.waitrose.com/ecom/shop/browse/groceries/toiletries_health_and_beauty/hair_care/shampoo>
{'client': 'Waitrose', 'time': datetime.datetime(2020, 9, 11, 10, 9, 35, 813034), 'category': 'Shampoo', 'id': 'tPp847454-724141-724142', 'prod_name': 'Faith in Nature Grapefruit Shampoo', 'waitrose_Qty': '400ml', 'waitrose_discounted_price': '£3.86', 'waitrose_offer_desc': 'Save 1/3.', 'waitrose_url': 'https://www.waitrose.com/ecom/shop/browse/groceries/toiletries_health_and_beauty/hair_care/shampoo', 'waitrose_rating': None, 'waitrose_unit_price': '(96.5p/100ml)', 'waitrose_new_flag': None, 'waitrose_prod_name': 'Faith in Nature Grapefruit Shampoo 400ml', 'images': []}
DEBUG: Scraped from <200 https://www.waitrose.com/ecom/shop/browse/groceries/toiletries_health_and_beauty/hair_care/shampoo>
{'client': 'Waitrose', 'time': datetime.datetime(2020, 9, 11, 10, 9, 35, 813034), 'category': 'Shampoo', 'id': 'tPp745828-495012-495013', 'prod_name': 'DGJ Kids Lice Repel Shampoo', 'waitrose_Qty': '250ml', 'waitrose_discounted_price': '£1.75', 'waitrose_offer_desc': 'Half Price.', 'waitrose_url': 'https://www.waitrose.com/ecom/shop/browse/groceries/toiletries_health_and_beauty/hair_care/shampoo', 'waitrose_rating': None, 'waitrose_unit_price': '(70p/100ml)', 'waitrose_new_flag': None, 'waitrose_prod_name': 'DGJ Kids Lice Repel Shampoo 250ml', 'images': []}
DEBUG: Scraped from <200 https://www.waitrose.com/ecom/shop/browse/groceries/toiletries_health_and_beauty/hair_care/shampoo>
{'client': 'Waitrose', 'time': datetime.datetime(2020, 9, 11, 10, 9, 35, 813034), 'category': 'Shampoo', 'id': 'tPp701301-99532-99533', 'prod_name': 'Essential Daily Care Shampoo', 'waitrose_Qty': '300ml', 'waitrose_discounted_price': '80p', 'waitrose_offer_desc': None, 'waitrose_url': 'https://www.waitrose.com/ecom/shop/browse/groceries/toiletries_health_and_beauty/hair_care/shampoo', 'waitrose_rating': '4.1', 'waitrose_unit_price': '(26.7p/100ml)', 'waitrose_new_flag': None, 'waitrose_prod_name': 'Essential Daily Care Shampoo 300ml', 'images': []}
DEBUG: Scraped from <200 https://www.waitrose.com/ecom/shop/browse/groceries/toiletries_health_and_beauty/hair_care/shampoo>
{'client': 'Waitrose', 'time': datetime.datetime(2020, 9, 11, 10, 9, 35, 813034), 'category': 'Shampoo', 'id': 'tPp425124-59787-59788', 'prod_name': 'Brilliant Brunette Protecting Shampoo', 'waitrose_Qty': '250ml', 'waitrose_discounted_price': '£3.99', 'waitrose_offer_desc': 'Save 1/3.', 'waitrose_url': 'https://www.waitrose.com/ecom/shop/browse/groceries/toiletries_health_and_beauty/hair_care/shampoo', 'waitrose_rating': None, 'waitrose_unit_price': '(£1.60/100ml)', 'waitrose_new_flag': None, 'waitrose_prod_name': 'Brilliant Brunette Protecting Shampoo 250ml', 'images': []}
DEBUG: Scraped from <200 https://www.waitrose.com/ecom/shop/browse/groceries/toiletries_health_and_beauty/hair_care/shampoo>
{'client': 'Waitrose', 'time': datetime.datetime(2020, 9, 11, 10, 9, 35, 813034), 'category': 'Shampoo', 'id': 'tPp725068-723986-723987', 'prod_name': 'Faith in Nature Lavender Shampoo', 'waitrose_Qty': '400ml', 'waitrose_discounted_price': '£3.86', 'waitrose_offer_desc': 'Save 1/3.', 'waitrose_url': 'https://www.waitrose.com/ecom/shop/browse/groceries/toiletries_health_and_beauty/hair_care/shampoo', 'waitrose_rating': None, 'waitrose_unit_price': '(96.5p/100ml)', 'waitrose_new_flag': None, 'waitrose_prod_name': 'Faith in Nature Lavender Shampoo 400ml', 'images': []}
DEBUG: Scraped from <200 https://www.waitrose.com/ecom/shop/browse/groceries/toiletries_health_and_beauty/hair_care/shampoo>
{'client': 'Waitrose', 'time': datetime.datetime(2020, 9, 11, 10, 9, 35, 813034), 'category': 'Shampoo', 'id': 'tPp735040-695707-695708', 'prod_name': 'Vosene Kids 3in1 Tea Tree Shampoo', 'waitrose_Qty': '250ml', 'waitrose_discounted_price': '£1.66', 'waitrose_offer_desc': 'Save 1/3.', 'waitrose_url': 'https://www.waitrose.com/ecom/shop/browse/groceries/toiletries_health_and_beauty/hair_care/shampoo', 'waitrose_rating': None, 'waitrose_unit_price': '(66.4p/100ml)', 'waitrose_new_flag': None, 'waitrose_prod_name': 'Vosene Kids 3in1 Tea Tree Shampoo 250ml', 'images': []}
DEBUG: Scraped from <200 https://www.waitrose.com/ecom/shop/browse/groceries/toiletries_health_and_beauty/hair_care/shampoo>
{'client': 'Waitrose', 'time': datetime.datetime(2020, 9, 11, 10, 9, 35, 813034), 'category': 'Shampoo', 'id': 'tPp065299-33095-33096', 'prod_name': 'Frizz Ease Dream Curls Shampoo', 'waitrose_Qty': '250ml', 'waitrose_discounted_price': '£3.99', 'waitrose_offer_desc': 'Save 1/3.', 'waitrose_url': 'https://www.waitrose.com/ecom/shop/browse/groceries/toiletries_health_and_beauty/hair_care/shampoo', 'waitrose_rating': '5', 'waitrose_unit_price': '(£1.60/100ml)', 'waitrose_new_flag': None, 'waitrose_prod_name': 'Frizz Ease Dream Curls Shampoo 250ml', 'images': []}
DEBUG: Scraped from <200 https://www.waitrose.com/ecom/shop/browse/groceries/toiletries_health_and_beauty/hair_care/shampoo>
{'client': 'Waitrose', 'time': datetime.datetime(2020, 9, 11, 10, 9, 35, 813034), 'category': 'Shampoo', 'id': 'tPp563832-295347-295348', 'prod_name': 'Argan + Argan Oil 5Oil Miracle Shampoo', 'waitrose_Qty': '300ml', 'waitrose_discounted_price': '£4.00', 'waitrose_offer_desc': 'Save 1/3.', 'waitrose_url': 'https://www.waitrose.com/ecom/shop/browse/groceries/toiletries_health_and_beauty/hair_care/shampoo', 'waitrose_rating': '5', 'waitrose_unit_price': '(£1.34/100ml)', 'waitrose_new_flag': None, 'waitrose_prod_name': 'Argan + Argan Oil 5Oil Miracle Shampoo 300ml', 'images': []}
DEBUG: Scraped from <200 https://www.waitrose.com/ecom/shop/browse/groceries/toiletries_health_and_beauty/hair_care/shampoo>
{'client': 'Waitrose', 'time': datetime.datetime(2020, 9, 11, 10, 9, 35, 813034), 'category': 'Shampoo', 'id': 'tPp414862-695397-695398', 'prod_name': 'Noughty Wave Hello Shampoo', 'waitrose_Qty': '250ml', 'waitrose_discounted_price': '£4.66', 'waitrose_offer_desc': 'Save 1/3.', 'waitrose_url': 'https://www.waitrose.com/ecom/shop/browse/groceries/toiletries_health_and_beauty/hair_care/shampoo', 'waitrose_rating': None, 'waitrose_unit_price': '(£1.87/100ml)', 'waitrose_new_flag': None, 'waitrose_prod_name': 'Noughty Wave Hello Shampoo 250ml', 'images': []}
DEBUG: Scraped from <200 https://www.waitrose.com/ecom/shop/browse/groceries/toiletries_health_and_beauty/hair_care/shampoo>
{'client': 'Waitrose', 'time': datetime.datetime(2020, 9, 11, 10, 9, 35, 813034), 'category': 'Shampoo', 'id': 'tPp639366-90822-90823', 'prod_name': 'Head & Shoulders Shampoo Classic', 'waitrose_Qty': '500ml', 'waitrose_discounted_price': '£5.15', 'waitrose_offer_desc': None, 'waitrose_url': 'https://www.waitrose.com/ecom/shop/browse/groceries/toiletries_health_and_beauty/hair_care/shampoo', 'waitrose_rating': '3.5', 'waitrose_unit_price': '(£1.03/100ml)', 'waitrose_new_flag': None, 'waitrose_prod_name': 'Head & Shoulders Shampoo Classic 500ml', 'images': []}
DEBUG: Scraped from <200 https://www.waitrose.com/ecom/shop/browse/groceries/toiletries_health_and_beauty/hair_care/shampoo>
{'client': 'Waitrose', 'time': datetime.datetime(2020, 9, 11, 10, 9, 35, 813034), 'category': 'Shampoo', 'id': 'tPp755349-720291-720292', 'prod_name': 'Herbal Essences Aloe & Mango Shampoo', 'waitrose_Qty': '380ml', 'waitrose_discounted_price': '£4.50', 'waitrose_offer_desc': None, 'waitrose_url': 'https://www.waitrose.com/ecom/shop/browse/groceries/toiletries_health_and_beauty/hair_care/shampoo', 'waitrose_rating': None, 'waitrose_unit_price': '(£1.19/100ml)', 'waitrose_new_flag': None, 'waitrose_prod_name': 'Herbal Essences Aloe & Mango Shampoo 380ml', 'images': []}
DEBUG: Scraped from <200 https://www.waitrose.com/ecom/shop/browse/groceries/toiletries_health_and_beauty/hair_care/shampoo>
{'client': 'Waitrose', 'time': datetime.datetime(2020, 9, 11, 10, 9, 35, 813034), 'category': 'Shampoo', 'id': 'tPp755186-495024-495025', 'prod_name': 'DGJ Colour Save Shampoo', 'waitrose_Qty': '250ml', 'waitrose_discounted_price': '£2.50', 'waitrose_offer_desc': 'Half Price.', 'waitrose_url': 'https://www.waitrose.com/ecom/shop/browse/groceries/toiletries_health_and_beauty/hair_care/shampoo', 'waitrose_rating': None, 'waitrose_unit_price': '(£1/100ml)', 'waitrose_new_flag': None, 'waitrose_prod_name': 'DGJ Colour Save Shampoo 250ml', 'images': []}
DEBUG: Scraped from <200 https://www.waitrose.com/ecom/shop/browse/groceries/toiletries_health_and_beauty/hair_care/shampoo>
{'client': 'Waitrose', 'time': datetime.datetime(2020, 9, 11, 10, 9, 35, 813034), 'category': 'Shampoo', 'id': 'tPp865734-216867-216868', 'prod_name': 'Ogx Argan Oil of Morocco Shampoo', 'waitrose_Qty': '385ml', 'waitrose_discounted_price': '£7.00', 'waitrose_offer_desc': None, 'waitrose_url': 'https://www.waitrose.com/ecom/shop/browse/groceries/toiletries_health_and_beauty/hair_care/shampoo', 'waitrose_rating': '3.4', 'waitrose_unit_price': '(£1.82/100ml)', 'waitrose_new_flag': None, 'waitrose_prod_name': 'Ogx Argan Oil of Morocco Shampoo 385ml', 'images': []}
DEBUG: Scraped from <200 https://www.waitrose.com/ecom/shop/browse/groceries/toiletries_health_and_beauty/hair_care/shampoo>
{'client': 'Waitrose', 'time': datetime.datetime(2020, 9, 11, 10, 9, 35, 813034), 'category': 'Shampoo', 'id': 'tPp535961-75786-75787', 'prod_name': 'essential Waitrose Nourishing Shampoo', 'waitrose_Qty': '300ml', 'waitrose_discounted_price': '80p', 'waitrose_offer_desc': None, 'waitrose_url': 'https://www.waitrose.com/ecom/shop/browse/groceries/toiletries_health_and_beauty/hair_care/shampoo', 'waitrose_rating': '4.3', 'waitrose_unit_price': '(26.7p/100ml)', 'waitrose_new_flag': None, 'waitrose_prod_name': 'essential Waitrose Nourishing Shampoo 300ml', 'images': []}
DEBUG: Scraped from <200 https://www.waitrose.com/ecom/shop/browse/groceries/toiletries_health_and_beauty/hair_care/shampoo>
{'client': 'Waitrose', 'time': datetime.datetime(2020, 9, 11, 10, 9, 35, 813034), 'category': 'Shampoo', 'id': 'tPp810201-352482-352483', 'prod_name': 'Essential Daily Care 2 in 1', 'waitrose_Qty': '300ml', 'waitrose_discounted_price': '80p', 'waitrose_offer_desc': None, 'waitrose_url': 'https://www.waitrose.com/ecom/shop/browse/groceries/toiletries_health_and_beauty/hair_care/shampoo', 'waitrose_rating': '4.3', 'waitrose_unit_price': '(26.7p/100ml)', 'waitrose_new_flag': None, 'waitrose_prod_name': 'Essential Daily Care 2 in 1 300ml', 'images': []}
DEBUG: Scraped from <200 https://www.waitrose.com/ecom/shop/browse/groceries/toiletries_health_and_beauty/hair_care/shampoo>
{'client': 'Waitrose', 'time': datetime.datetime(2020, 9, 11, 10, 9, 35, 813034), 'category': 'Shampoo', 'id': 'tPp402915-526384-526385', 'prod_name': 'John Frieda Violet Crush Shampoo', 'waitrose_Qty': '250ml', 'waitrose_discounted_price': '£3.99', 'waitrose_offer_desc': 'Save 1/3.', 'waitrose_url': 'https://www.waitrose.com/ecom/shop/browse/groceries/toiletries_health_and_beauty/hair_care/shampoo', 'waitrose_rating': '5', 'waitrose_unit_price': '(£1.60/100ml)', 'waitrose_new_flag': None, 'waitrose_prod_name': 'John Frieda Violet Crush Shampoo 250ml', 'images': []}
DEBUG: Scraped from <200 https://www.waitrose.com/ecom/shop/browse/groceries/toiletries_health_and_beauty/hair_care/shampoo>
{'client': 'Waitrose', 'time': datetime.datetime(2020, 9, 11, 10, 9, 35, 813034), 'category': 'Shampoo', 'id': 'tPp687186-337057-337058', 'prod_name': 'Argan + Argan Oil Rejuvenating Shampoo', 'waitrose_Qty': '300ml', 'waitrose_discounted_price': '£4.00', 'waitrose_offer_desc': 'Save 1/3.', 'waitrose_url': 'https://www.waitrose.com/ecom/shop/browse/groceries/toiletries_health_and_beauty/hair_care/shampoo', 'waitrose_rating': '5', 'waitrose_unit_price': '(£1.34/100ml)', 'waitrose_new_flag': None, 'waitrose_prod_name': 'Argan + Argan Oil Rejuvenating Shampoo 300ml', 'images': []}
DEBUG: Scraped from <200 https://www.waitrose.com/ecom/shop/browse/groceries/toiletries_health_and_beauty/hair_care/shampoo>
{'client': 'Waitrose', 'time': datetime.datetime(2020, 9, 11, 10, 9, 35, 813034), 'category': 'Shampoo', 'id': 'tPp725372-631511-631512', 'prod_name': 'Hask Moni Coconut Oil Shampoo', 'waitrose_Qty': '355ml', 'waitrose_discounted_price': '£4.66', 'waitrose_offer_desc': 'Save 1/3.', 'waitrose_url': 'https://www.waitrose.com/ecom/shop/browse/groceries/toiletries_health_and_beauty/hair_care/shampoo', 'waitrose_rating': None, 'waitrose_unit_price': '(£1.32/100ml)', 'waitrose_new_flag': None, 'waitrose_prod_name': 'Hask Moni Coconut Oil Shampoo 355ml', 'images': []}
DEBUG: Scraped from <200 https://www.waitrose.com/ecom/shop/browse/groceries/toiletries_health_and_beauty/hair_care/shampoo>
{'client': 'Waitrose', 'time': datetime.datetime(2020, 9, 11, 10, 9, 35, 813034), 'category': 'Shampoo', 'id': 'tPp407453-471203-471204', 'prod_name': 'Ogx Biotin & Collagen Shampoo', 'waitrose_Qty': '385ml', 'waitrose_discounted_price': '£7.00', 'waitrose_offer_desc': None, 'waitrose_url': 'https://www.waitrose.com/ecom/shop/browse/groceries/toiletries_health_and_beauty/hair_care/shampoo', 'waitrose_rating': None, 'waitrose_unit_price': '(£1.82/100ml)', 'waitrose_new_flag': None, 'waitrose_prod_name': 'Ogx Biotin & Collagen Shampoo 385ml', 'images': []}
DEBUG: Scraped from <200 https://www.waitrose.com/ecom/shop/browse/groceries/toiletries_health_and_beauty/hair_care/shampoo>
{'client': 'Waitrose', 'time': datetime.datetime(2020, 9, 11, 10, 9, 35, 813034), 'category': 'Shampoo', 'id': 'tPp051100-25409-25410', 'prod_name': 'Sheer Blonde Moisturising Shampoo', 'waitrose_Qty': '250ml', 'waitrose_discounted_price': '£3.99', 'waitrose_offer_desc': 'Save 1/3.', 'waitrose_url': 'https://www.waitrose.com/ecom/shop/browse/groceries/toiletries_health_and_beauty/hair_care/shampoo', 'waitrose_rating': '3', 'waitrose_unit_price': '(£1.60/100ml)', 'waitrose_new_flag': None, 'waitrose_prod_name': 'Sheer Blonde Moisturising Shampoo 250ml', 'images': []}
DEBUG: Scraped from <200 https://www.waitrose.com/ecom/shop/browse/groceries/toiletries_health_and_beauty/hair_care/shampoo>
{'client': 'Waitrose', 'time': datetime.datetime(2020, 9, 11, 10, 9, 35, 813034), 'category': 'Shampoo', 'id': 'tPp657721-694179-694180', 'prod_name': 'Pantene 3 in 1 Classic Clean', 'waitrose_Qty': '450ml', 'waitrose_discounted_price': '£3.75', 'waitrose_offer_desc': None, 'waitrose_url': 'https://www.waitrose.com/ecom/shop/browse/groceries/toiletries_health_and_beauty/hair_care/shampoo', 'waitrose_rating': None, 'waitrose_unit_price': '(83.3p/100ml)', 'waitrose_new_flag': None, 'waitrose_prod_name': 'Pantene 3 in 1 Classic Clean 450ml', 'images': []}
DEBUG: Scraped from <200 https://www.waitrose.com/ecom/shop/browse/groceries/toiletries_health_and_beauty/hair_care/shampoo>
{'client': 'Waitrose', 'time': datetime.datetime(2020, 9, 11, 10, 9, 35, 813034), 'category': 'Shampoo', 'id': 'tPp711086-652694-652695', 'prod_name': 'Head & Shoulders Supreme Moisture', 'waitrose_Qty': '400ml', 'waitrose_discounted_price': '£3.43', 'waitrose_offer_desc': 'Save 1/3.', 'waitrose_url': 'https://www.waitrose.com/ecom/shop/browse/groceries/toiletries_health_and_beauty/hair_care/shampoo', 'waitrose_rating': None, 'waitrose_unit_price': '(85.8p/100ml)', 'waitrose_new_flag': None, 'waitrose_prod_name': 'Head & Shoulders Supreme Moisture 400ml', 'images': []}
DEBUG: Scraped from <200 https://www.waitrose.com/ecom/shop/browse/groceries/toiletries_health_and_beauty/hair_care/shampoo>
{'client': 'Waitrose', 'time': datetime.datetime(2020, 9, 11, 10, 9, 35, 813034), 'category': 'Shampoo', 'id': 'tPp490113-591883-591884', 'prod_name': 'Herbal Essences Volume Shampoo', 'waitrose_Qty': '400ml', 'waitrose_discounted_price': '£4.50', 'waitrose_offer_desc': None, 'waitrose_url': 'https://www.waitrose.com/ecom/shop/browse/groceries/toiletries_health_and_beauty/hair_care/shampoo', 'waitrose_rating': '5', 'waitrose_unit_price': '(£1.13/100ml)', 'waitrose_new_flag': None, 'waitrose_prod_name': 'Herbal Essences Volume Shampoo 400ml', 'images': []}
DEBUG: Scraped from <200 https://www.waitrose.com/ecom/shop/browse/groceries/toiletries_health_and_beauty/hair_care/shampoo>
{'client': 'Waitrose', 'time': datetime.datetime(2020, 9, 11, 10, 9, 35, 813034), 'category': 'Shampoo', 'id': 'tPp703131-695681-695682', 'prod_name': 'Head & Shoulders Repair Shampoo', 'waitrose_Qty': '400ml', 'waitrose_discounted_price': '£3.33', 'waitrose_offer_desc': 'Save 1/3.', 'waitrose_url': 'https://www.waitrose.com/ecom/shop/browse/groceries/toiletries_health_and_beauty/hair_care/shampoo', 'waitrose_rating': '4', 'waitrose_unit_price': '(83.3p/100ml)', 'waitrose_new_flag': None, 'waitrose_prod_name': 'Head & Shoulders Repair Shampoo 400ml', 'images': []}
DEBUG: Scraped from <200 https://www.waitrose.com/ecom/shop/browse/groceries/toiletries_health_and_beauty/hair_care/shampoo>
{'client': 'Waitrose', 'time': datetime.datetime(2020, 9, 11, 10, 9, 35, 813034), 'category': 'Shampoo', 'id': 'tPp582132-472091-472092', 'prod_name': 'Ogx Argan Oil Morocco Shampoo', 'waitrose_Qty': '385ml', 'waitrose_discounted_price': '£7.00', 'waitrose_offer_desc': None, 'waitrose_url': 'https://www.waitrose.com/ecom/shop/browse/groceries/toiletries_health_and_beauty/hair_care/shampoo', 'waitrose_rating': '4', 'waitrose_unit_price': '(£1.82/100ml)', 'waitrose_new_flag': None, 'waitrose_prod_name': 'Ogx Argan Oil Morocco Shampoo 385ml', 'images': []}
DEBUG: Scraped from <200 https://www.waitrose.com/ecom/shop/browse/groceries/toiletries_health_and_beauty/hair_care/shampoo>
{'client': 'Waitrose', 'time': datetime.datetime(2020, 9, 11, 10, 9, 35, 813034), 'category': 'Shampoo', 'id': 'tPp740653-352034-352035', 'prod_name': 'essential Waitrose Anti-Dandruff 2 in 1', 'waitrose_Qty': '300ml', 'waitrose_discounted_price': '£1.00', 'waitrose_offer_desc': 'Featured Product', 'waitrose_url': 'https://www.waitrose.com/ecom/shop/browse/groceries/toiletries_health_and_beauty/hair_care/shampoo', 'waitrose_rating': '4', 'waitrose_unit_price': '(33.3p/100ml)', 'waitrose_new_flag': None, 'waitrose_prod_name': 'essential Waitrose Anti-Dandruff 2 in 1 300ml', 'images': []}
DEBUG: Scraped from <200 https://www.waitrose.com/ecom/shop/browse/groceries/toiletries_health_and_beauty/hair_care/shampoo>
{'client': 'Waitrose', 'time': datetime.datetime(2020, 9, 11, 10, 9, 35, 813034), 'category': 'Shampoo', 'id': 'tPp530991-695493-695494', 'prod_name': 'John Frieda Shampoo Detox & Repair', 'waitrose_Qty': '250ml', 'waitrose_discounted_price': '£3.99', 'waitrose_offer_desc': 'Save 1/3.', 'waitrose_url': 'https://www.waitrose.com/ecom/shop/browse/groceries/toiletries_health_and_beauty/hair_care/shampoo', 'waitrose_rating': None, 'waitrose_unit_price': '(£1.60/100ml)', 'waitrose_new_flag': None, 'waitrose_prod_name': 'John Frieda Shampoo Detox & Repair 250ml', 'images': []}
DEBUG: Scraped from <200 https://www.waitrose.com/ecom/shop/browse/groceries/toiletries_health_and_beauty/hair_care/shampoo>
{'client': 'Waitrose', 'time': datetime.datetime(2020, 9, 11, 10, 9, 35, 813034), 'category': 'Shampoo', 'id': 'tPp472240-591833-591834', 'prod_name': 'Herbal Essences Repair Shampoo', 'waitrose_Qty': '400ml', 'waitrose_discounted_price': '£4.50', 'waitrose_offer_desc': None, 'waitrose_url': 'https://www.waitrose.com/ecom/shop/browse/groceries/toiletries_health_and_beauty/hair_care/shampoo', 'waitrose_rating': '5', 'waitrose_unit_price': '(£1.13/100ml)', 'waitrose_new_flag': None, 'waitrose_prod_name': 'Herbal Essences Repair Shampoo 400ml', 'images': []}
DEBUG: Scraped from <200 https://www.waitrose.com/ecom/shop/browse/groceries/toiletries_health_and_beauty/hair_care/shampoo>
{'client': 'Waitrose', 'time': datetime.datetime(2020, 9, 11, 10, 9, 35, 813034), 'category': 'Shampoo', 'id': 'tPp435635-694165-694166', 'prod_name': 'Pantene Classic Clean Shampoo', 'waitrose_Qty': '500ml', 'waitrose_discounted_price': '£5.15', 'waitrose_offer_desc': None, 'waitrose_url': 'https://www.waitrose.com/ecom/shop/browse/groceries/toiletries_health_and_beauty/hair_care/shampoo', 'waitrose_rating': None, 'waitrose_unit_price': '(£1.03/100ml)', 'waitrose_new_flag': None, 'waitrose_prod_name': 'Pantene Classic Clean Shampoo 500ml', 'images': []}
DEBUG: Scraped from <200 https://www.waitrose.com/ecom/shop/browse/groceries/toiletries_health_and_beauty/hair_care/shampoo>
{'client': 'Waitrose', 'time': datetime.datetime(2020, 9, 11, 10, 9, 35, 813034), 'category': 'Shampoo', 'id': 'tPp755068-720289-720290', 'prod_name': 'Herbal Essences Aloe Hemp Shampoo', 'waitrose_Qty': '380ml', 'waitrose_discounted_price': '£4.50', 'waitrose_offer_desc': None, 'waitrose_url': 'https://www.waitrose.com/ecom/shop/browse/groceries/toiletries_health_and_beauty/hair_care/shampoo', 'waitrose_rating': None, 'waitrose_unit_price': '(£1.19/100ml)', 'waitrose_new_flag': None, 'waitrose_prod_name': 'Herbal Essences Aloe Hemp Shampoo 380ml', 'images': []}
DEBUG: Scraped from <200 https://www.waitrose.com/ecom/shop/browse/groceries/toiletries_health_and_beauty/hair_care/shampoo>
{'client': 'Waitrose', 'time': datetime.datetime(2020, 9, 11, 10, 9, 35, 813034), 'category': 'Shampoo', 'id': 'tPp547359-720175-720176', 'prod_name': 'Maui Moisture Bamboo Shampoo', 'waitrose_Qty': '385ml', 'waitrose_discounted_price': '£6.00', 'waitrose_offer_desc': 'Save 1/3.', 'waitrose_url': 'https://www.waitrose.com/ecom/shop/browse/groceries/toiletries_health_and_beauty/hair_care/shampoo', 'waitrose_rating': '5', 'waitrose_unit_price': '(£1.56/100ml)', 'waitrose_new_flag': None, 'waitrose_prod_name': 'Maui Moisture Bamboo Shampoo 385ml', 'images': []}
DEBUG: Scraped from <200 https://www.waitrose.com/ecom/shop/browse/groceries/toiletries_health_and_beauty/hair_care/shampoo>
{'client': 'Waitrose', 'time': datetime.datetime(2020, 9, 11, 10, 9, 35, 813034), 'category': 'Shampoo', 'id': 'tPp844892-695845-695846', 'prod_name': 'Head & Shoulders Colour Protect', 'waitrose_Qty': '400ml', 'waitrose_discounted_price': '£3.33', 'waitrose_offer_desc': 'Save 1/3.', 'waitrose_url': 'https://www.waitrose.com/ecom/shop/browse/groceries/toiletries_health_and_beauty/hair_care/shampoo', 'waitrose_rating': None, 'waitrose_unit_price': '(83.3p/100ml)', 'waitrose_new_flag': None, 'waitrose_prod_name': 'Head & Shoulders Colour Protect 400ml', 'images': []}
DEBUG: Scraped from <200 https://www.waitrose.com/ecom/shop/browse/groceries/toiletries_health_and_beauty/hair_care/shampoo>
{'client': 'Waitrose', 'time': datetime.datetime(2020, 9, 11, 10, 9, 35, 813034), 'category': 'Shampoo', 'id': 'tPp645178-695617-695618', 'prod_name': 'John Frieda Shampoo Weightless Wonder', 'waitrose_Qty': '250ml', 'waitrose_discounted_price': '£3.99', 'waitrose_offer_desc': 'Save 1/3.', 'waitrose_url': 'https://www.waitrose.com/ecom/shop/browse/groceries/toiletries_health_and_beauty/hair_care/shampoo', 'waitrose_rating': '4.6', 'waitrose_unit_price': '(£1.60/100ml)', 'waitrose_new_flag': None, 'waitrose_prod_name': 'John Frieda Shampoo Weightless Wonder 250ml', 'images': []}
DEBUG: Scraped from <200 https://www.waitrose.com/ecom/shop/browse/groceries/toiletries_health_and_beauty/hair_care/shampoo>
{'client': 'Waitrose', 'time': datetime.datetime(2020, 9, 11, 10, 9, 35, 813034), 'category': 'Shampoo', 'id': 'tPp757780-107799-107800', 'prod_name': 'Head & Shoulders 2in1 Classic Clean', 'waitrose_Qty': '450ml', 'waitrose_discounted_price': '£5.15', 'waitrose_offer_desc': None, 'waitrose_url': 'https://www.waitrose.com/ecom/shop/browse/groceries/toiletries_health_and_beauty/hair_care/shampoo', 'waitrose_rating': '4', 'waitrose_unit_price': '(£1.15/100ml)', 'waitrose_new_flag': None, 'waitrose_prod_name': 'Head & Shoulders 2in1 Classic Clean 450ml', 'images': []}
DEBUG: Scraped from <200 https://www.waitrose.com/ecom/shop/browse/groceries/toiletries_health_and_beauty/hair_care/shampoo>
{'client': 'Waitrose', 'time': datetime.datetime(2020, 9, 11, 10, 9, 35, 813034), 'category': 'Shampoo', 'id': 'tPp884562-720413-720414', 'prod_name': 'Maui Moisture Shea Butter Shampoo', 'waitrose_Qty': '385ml', 'waitrose_discounted_price': '£6.00', 'waitrose_offer_desc': 'Save 1/3.', 'waitrose_url': 'https://www.waitrose.com/ecom/shop/browse/groceries/toiletries_health_and_beauty/hair_care/shampoo', 'waitrose_rating': None, 'waitrose_unit_price': '(£1.56/100ml)', 'waitrose_new_flag': None, 'waitrose_prod_name': 'Maui Moisture Shea Butter Shampoo 385ml', 'images': []}
DEBUG: Scraped from <200 https://www.waitrose.com/ecom/shop/browse/groceries/toiletries_health_and_beauty/hair_care/shampoo>
{'client': 'Waitrose', 'time': datetime.datetime(2020, 9, 11, 10, 9, 35, 813034), 'category': 'Shampoo', 'id': 'tPp855140-216863-216864', 'prod_name': 'Ogx Coconut Milk Shampoo', 'waitrose_Qty': '385ml', 'waitrose_discounted_price': '£7.00', 'waitrose_offer_desc': None, 'waitrose_url': 'https://www.waitrose.com/ecom/shop/browse/groceries/toiletries_health_and_beauty/hair_care/shampoo', 'waitrose_rating': '5', 'waitrose_unit_price': '(£1.82/100ml)', 'waitrose_new_flag': None, 'waitrose_prod_name': 'Ogx Coconut Milk Shampoo 385ml', 'images': []}
DEBUG: Scraped from <200 https://www.waitrose.com/ecom/shop/browse/groceries/toiletries_health_and_beauty/hair_care/shampoo>
{'client': 'Waitrose', 'time': datetime.datetime(2020, 9, 11, 10, 9, 35, 813034), 'category': 'Shampoo', 'id': 'tPp062495-31737-31738', 'prod_name': 'Neutrogena T/Gel shampoo dry hair', 'waitrose_Qty': '125ml', 'waitrose_discounted_price': '£5.15', 'waitrose_offer_desc': None, 'waitrose_url': 'https://www.waitrose.com/ecom/shop/browse/groceries/toiletries_health_and_beauty/hair_care/shampoo', 'waitrose_rating': None, 'waitrose_unit_price': '(£4.12/100ml)', 'waitrose_new_flag': None, 'waitrose_prod_name': 'Neutrogena T/Gel shampoo dry hair 125ml', 'images': []}
DEBUG: Scraped from <200 https://www.waitrose.com/ecom/shop/browse/groceries/toiletries_health_and_beauty/hair_care/shampoo>
{'client': 'Waitrose', 'time': datetime.datetime(2020, 9, 11, 10, 9, 35, 813034), 'category': 'Shampoo', 'id': 'tPp464815-154487-154488', 'prod_name': 'Batiste original dry shampoo', 'waitrose_Qty': '200ml', 'waitrose_discounted_price': '£3.00', 'waitrose_offer_desc': None, 'waitrose_url': 'https://www.waitrose.com/ecom/shop/browse/groceries/toiletries_health_and_beauty/hair_care/shampoo', 'waitrose_rating': '5', 'waitrose_unit_price': '(£1.50/100ml)', 'waitrose_new_flag': None, 'waitrose_prod_name': 'Batiste original dry shampoo 200ml', 'images': []}
DEBUG: Scraped from <200 https://www.waitrose.com/ecom/shop/browse/groceries/toiletries_health_and_beauty/hair_care/shampoo>
{'client': 'Waitrose', 'time': datetime.datetime(2020, 9, 11, 10, 9, 35, 813034), 'category': 'Shampoo', 'id': 'tPp836753-694201-694202', 'prod_name': 'Pantene Volume & Body Shampoo', 'waitrose_Qty': '500ml', 'waitrose_discounted_price': '£5.15', 'waitrose_offer_desc': None, 'waitrose_url': 'https://www.waitrose.com/ecom/shop/browse/groceries/toiletries_health_and_beauty/hair_care/shampoo', 'waitrose_rating': None, 'waitrose_unit_price': '(£1.03/100ml)', 'waitrose_new_flag': None, 'waitrose_prod_name': 'Pantene Volume & Body Shampoo 500ml', 'images': []}
DEBUG: Scraped from <200 https://www.waitrose.com/ecom/shop/browse/groceries/toiletries_health_and_beauty/hair_care/shampoo>
{'client': 'Waitrose', 'time': datetime.datetime(2020, 9, 11, 10, 9, 35, 813034), 'category': 'Shampoo', 'id': 'tPp047805-23664-23665', 'prod_name': 'Avalon Organics tea tree shampoo', 'waitrose_Qty': '325ml', 'waitrose_discounted_price': '£7.00', 'waitrose_offer_desc': None, 'waitrose_url': 'https://www.waitrose.com/ecom/shop/browse/groceries/toiletries_health_and_beauty/hair_care/shampoo', 'waitrose_rating': '4.9', 'waitrose_unit_price': '(£2.16/100ml)', 'waitrose_new_flag': None, 'waitrose_prod_name': 'Avalon Organics tea tree shampoo 325ml', 'images': []}
DEBUG: Scraped from <200 https://www.waitrose.com/ecom/shop/browse/groceries/toiletries_health_and_beauty/hair_care/shampoo>
{'client': 'Waitrose', 'time': datetime.datetime(2020, 9, 11, 10, 9, 35, 813034), 'category': 'Shampoo', 'id': 'tPp657930-695639-695640', 'prod_name': 'Noughty Pumped Up Shampoo', 'waitrose_Qty': '250ml', 'waitrose_discounted_price': '£4.66', 'waitrose_offer_desc': 'Save 1/3.', 'waitrose_url': 'https://www.waitrose.com/ecom/shop/browse/groceries/toiletries_health_and_beauty/hair_care/shampoo', 'waitrose_rating': '5', 'waitrose_unit_price': '(£1.87/100ml)', 'waitrose_new_flag': None, 'waitrose_prod_name': 'Noughty Pumped Up Shampoo 250ml', 'images': []}
DEBUG: Scraped from <200 https://www.waitrose.com/ecom/shop/browse/groceries/toiletries_health_and_beauty/hair_care/shampoo>
{'client': 'Waitrose', 'time': datetime.datetime(2020, 9, 11, 10, 9, 35, 813034), 'category': 'Shampoo', 'id': 'tPp824583-694195-694196', 'prod_name': 'Pantene Repair & Protect Shampoo', 'waitrose_Qty': '500ml', 'waitrose_discounted_price': '£3.75', 'waitrose_offer_desc': None, 'waitrose_url': 'https://www.waitrose.com/ecom/shop/browse/groceries/toiletries_health_and_beauty/hair_care/shampoo', 'waitrose_rating': None, 'waitrose_unit_price': '(75p/100ml)', 'waitrose_new_flag': None, 'waitrose_prod_name': 'Pantene Repair & Protect Shampoo 500ml', 'images': []}
DEBUG: Scraped from <200 https://www.waitrose.com/ecom/shop/browse/groceries/toiletries_health_and_beauty/hair_care/shampoo>
{'client': 'Waitrose', 'time': datetime.datetime(2020, 9, 11, 10, 9, 35, 813034), 'category': 'Shampoo', 'id': 'tPp808436-720325-720326', 'prod_name': 'Hask Biotin Boost Shampoo', 'waitrose_Qty': '355ml', 'waitrose_discounted_price': '£4.66', 'waitrose_offer_desc': 'Save 1/3.', 'waitrose_url': 'https://www.waitrose.com/ecom/shop/browse/groceries/toiletries_health_and_beauty/hair_care/shampoo', 'waitrose_rating': None, 'waitrose_unit_price': '(£1.32/100ml)', 'waitrose_new_flag': None, 'waitrose_prod_name': 'Hask Biotin Boost Shampoo 355ml', 'images': []}
DEBUG: Scraped from <200 https://www.waitrose.com/ecom/shop/browse/groceries/toiletries_health_and_beauty/hair_care/shampoo>
{'client': 'Waitrose', 'time': datetime.datetime(2020, 9, 11, 10, 9, 35, 813034), 'category': 'Shampoo', 'id': 'tPp427668-591713-591714', 'prod_name': 'Herbal Essences Hydrate Shampoo', 'waitrose_Qty': '400ml', 'waitrose_discounted_price': '£4.50', 'waitrose_offer_desc': None, 'waitrose_url': 'https://www.waitrose.com/ecom/shop/browse/groceries/toiletries_health_and_beauty/hair_care/shampoo', 'waitrose_rating': '5', 'waitrose_unit_price': '(£1.13/100ml)', 'waitrose_new_flag': None, 'waitrose_prod_name': 'Herbal Essences Hydrate Shampoo 400ml', 'images': []}
DEBUG: Scraped from <200 https://www.waitrose.com/ecom/shop/browse/groceries/toiletries_health_and_beauty/hair_care/shampoo>
{'client': 'Waitrose', 'time': datetime.datetime(2020, 9, 11, 10, 9, 35, 813034), 'category': 'Shampoo', 'id': 'tPp839781-154875-154876', 'prod_name': 'Aussie miracle moist shampoo', 'waitrose_Qty': '500ml', 'waitrose_discounted_price': '£6.15', 'waitrose_offer_desc': None, 'waitrose_url': 'https://www.waitrose.com/ecom/shop/browse/groceries/toiletries_health_and_beauty/hair_care/shampoo', 'waitrose_rating': None, 'waitrose_unit_price': '(£1.23/100ml)', 'waitrose_new_flag': None, 'waitrose_prod_name': 'Aussie miracle moist shampoo 500ml', 'images': []}
DEBUG: Scraped from <200 https://www.waitrose.com/ecom/shop/browse/groceries/toiletries_health_and_beauty/hair_care/shampoo>
{'client': 'Waitrose', 'time': datetime.datetime(2020, 9, 11, 10, 9, 35, 813034), 'category': 'Shampoo', 'id': 'tPp735751-154731-154732', 'prod_name': 'Aussie aussome volume shampoo', 'waitrose_Qty': '500ml', 'waitrose_discounted_price': '£6.10', 'waitrose_offer_desc': None, 'waitrose_url': 'https://www.waitrose.com/ecom/shop/browse/groceries/toiletries_health_and_beauty/hair_care/shampoo', 'waitrose_rating': None, 'waitrose_unit_price': '(£1.22/100ml)', 'waitrose_new_flag': None, 'waitrose_prod_name': 'Aussie aussome volume shampoo 500ml', 'images': []}
DEBUG: Scraped from <200 https://www.waitrose.com/ecom/shop/browse/groceries/toiletries_health_and_beauty/hair_care/shampoo>
{'client': 'Waitrose', 'time': datetime.datetime(2020, 9, 11, 10, 9, 35, 813034), 'category': 'Shampoo', 'id': 'tPp649492-695625-695626', 'prod_name': 'Vosene Kids 2in1 Melon Shampoo', 'waitrose_Qty': '250ml', 'waitrose_discounted_price': '£1.33', 'waitrose_offer_desc': 'Save 1/3.', 'waitrose_url': 'https://www.waitrose.com/ecom/shop/browse/groceries/toiletries_health_and_beauty/hair_care/shampoo', 'waitrose_rating': None, 'waitrose_unit_price': '(53.2p/100ml)', 'waitrose_new_flag': None, 'waitrose_prod_name': 'Vosene Kids 2in1 Melon Shampoo 250ml', 'images': []}
DEBUG: Scraped from <200 https://www.waitrose.com/ecom/shop/browse/groceries/toiletries_health_and_beauty/hair_care/shampoo>
{'client': 'Waitrose', 'time': datetime.datetime(2020, 9, 11, 10, 9, 35, 813034), 'category': 'Shampoo', 'id': 'tPp631829-695597-695598', 'prod_name': 'Noughty Detox Dynamo Shampoo', 'waitrose_Qty': '250ml', 'waitrose_discounted_price': '£4.66', 'waitrose_offer_desc': 'Save 1/3.', 'waitrose_url': 'https://www.waitrose.com/ecom/shop/browse/groceries/toiletries_health_and_beauty/hair_care/shampoo', 'waitrose_rating': None, 'waitrose_unit_price': '(£1.87/100ml)', 'waitrose_new_flag': None, 'waitrose_prod_name': 'Noughty Detox Dynamo Shampoo 250ml', 'images': []}
DEBUG: Scraped from <200 https://www.waitrose.com/ecom/shop/browse/groceries/toiletries_health_and_beauty/hair_care/shampoo>
{'client': 'Waitrose', 'time': datetime.datetime(2020, 9, 11, 10, 9, 35, 813034), 'category': 'Shampoo', 'id': 'tPp581617-694173-694174', 'prod_name': 'Pantene Colour Protect Shampoo', 'waitrose_Qty': '500ml', 'waitrose_discounted_price': '£5.15', 'waitrose_offer_desc': None, 'waitrose_url': 'https://www.waitrose.com/ecom/shop/browse/groceries/toiletries_health_and_beauty/hair_care/shampoo', 'waitrose_rating': None, 'waitrose_unit_price': '(£1.03/100ml)', 'waitrose_new_flag': None, 'waitrose_prod_name': 'Pantene Colour Protect Shampoo 500ml', 'images': []}
DEBUG: Scraped from <200 https://www.waitrose.com/ecom/shop/browse/groceries/toiletries_health_and_beauty/hair_care/shampoo>
{'client': 'Waitrose', 'time': datetime.datetime(2020, 9, 11, 10, 9, 35, 813034), 'category': 'Shampoo', 'id': 'tPp711843-717497-717498', 'prod_name': "L'Oreal Elvive Colour Shampoo", 'waitrose_Qty': '400ml', 'waitrose_discounted_price': '£3.75', 'waitrose_offer_desc': None, 'waitrose_url': 'https://www.waitrose.com/ecom/shop/browse/groceries/toiletries_health_and_beauty/hair_care/shampoo', 'waitrose_rating': None, 'waitrose_unit_price': '(93.8p/100ml)', 'waitrose_new_flag': None, 'waitrose_prod_name': "L'Oreal Elvive Colour Shampoo 400ml", 'images': []}
DEBUG: Scraped from <200 https://www.waitrose.com/ecom/shop/browse/groceries/toiletries_health_and_beauty/hair_care/shampoo>
{'client': 'Waitrose', 'time': datetime.datetime(2020, 9, 11, 10, 9, 35, 813034), 'category': 'Shampoo', 'id': 'tPp853982-154925-154926', 'prod_name': 'Batiste blush dry shampoo', 'waitrose_Qty': '200ml', 'waitrose_discounted_price': '£3.00', 'waitrose_offer_desc': None, 'waitrose_url': 'https://www.waitrose.com/ecom/shop/browse/groceries/toiletries_health_and_beauty/hair_care/shampoo', 'waitrose_rating': '4', 'waitrose_unit_price': '(£1.50/100ml)', 'waitrose_new_flag': None, 'waitrose_prod_name': 'Batiste blush dry shampoo 200ml', 'images': []}
DEBUG: Scraped from <200 https://www.waitrose.com/ecom/shop/browse/groceries/toiletries_health_and_beauty/hair_care/shampoo>
{'client': 'Waitrose', 'time': datetime.datetime(2020, 9, 11, 10, 9, 35, 813034), 'category': 'Shampoo', 'id': 'tPp603087-695555-695556', 'prod_name': 'Noughty Colour Bomb Shampoo', 'waitrose_Qty': '250ml', 'waitrose_discounted_price': '£4.66', 'waitrose_offer_desc': 'Save 1/3.', 'waitrose_url': 'https://www.waitrose.com/ecom/shop/browse/groceries/toiletries_health_and_beauty/hair_care/shampoo', 'waitrose_rating': '3', 'waitrose_unit_price': '(£1.87/100ml)', 'waitrose_new_flag': None, 'waitrose_prod_name': 'Noughty Colour Bomb Shampoo 250ml', 'images': []}
DEBUG: Scraped from <200 https://www.waitrose.com/ecom/shop/browse/groceries/toiletries_health_and_beauty/hair_care/shampoo>
{'client': 'Waitrose', 'time': datetime.datetime(2020, 9, 11, 10, 9, 35, 813034), 'category': 'Shampoo', 'id': 'tPp810302-683828-683829', 'prod_name': 'Herbal Essences Deep Repair Shampoo', 'waitrose_Qty': '400ml', 'waitrose_discounted_price': '£4.50', 'waitrose_offer_desc': None, 'waitrose_url': 'https://www.waitrose.com/ecom/shop/browse/groceries/toiletries_health_and_beauty/hair_care/shampoo', 'waitrose_rating': None, 'waitrose_unit_price': '(£1.13/100ml)', 'waitrose_new_flag': None, 'waitrose_prod_name': 'Herbal Essences Deep Repair Shampoo 400ml', 'images': []}
DEBUG: Scraped from <200 https://www.waitrose.com/ecom/shop/browse/groceries/toiletries_health_and_beauty/hair_care/shampoo>
{'client': 'Waitrose', 'time': datetime.datetime(2020, 9, 11, 10, 9, 35, 813034), 'category': 'Shampoo', 'id': 'tPp807825-473364-473365', 'prod_name': 'SenSpa Deep Cleanse Shampoo', 'waitrose_Qty': '250ml', 'waitrose_discounted_price': '£4.00', 'waitrose_offer_desc': 'Save 1/3.', 'waitrose_url': 'https://www.waitrose.com/ecom/shop/browse/groceries/toiletries_health_and_beauty/hair_care/shampoo', 'waitrose_rating': '3.7', 'waitrose_unit_price': '(£1.60/100ml)', 'waitrose_new_flag': None, 'waitrose_prod_name': 'SenSpa Deep Cleanse Shampoo 250ml', 'images': []}
DEBUG: Scraped from <200 https://www.waitrose.com/ecom/shop/browse/groceries/toiletries_health_and_beauty/hair_care/shampoo>
{'client': 'Waitrose', 'time': datetime.datetime(2020, 9, 11, 10, 9, 35, 813034), 'category': 'Shampoo', 'id': 'tPp486943-68769-68770', 'prod_name': 'Head & Shoulders 2in1 classic clean', 'waitrose_Qty': '225ml', 'waitrose_discounted_price': '£3.00', 'waitrose_offer_desc': None, 'waitrose_url': 'https://www.waitrose.com/ecom/shop/browse/groceries/toiletries_health_and_beauty/hair_care/shampoo', 'waitrose_rating': '4', 'waitrose_unit_price': '(£1.34/100ml)', 'waitrose_new_flag': None, 'waitrose_prod_name': 'Head & Shoulders 2in1 classic clean 225ml', 'images': []}
DEBUG: Scraped from <200 https://www.waitrose.com/ecom/shop/browse/groceries/toiletries_health_and_beauty/hair_care/shampoo>
{'client': 'Waitrose', 'time': datetime.datetime(2020, 9, 11, 10, 9, 35, 813034), 'category': 'Shampoo', 'id': 'tPp756229-563906-563907', 'prod_name': 'Head & Shoulders 2 in 1 Total Care', 'waitrose_Qty': '225ml', 'waitrose_discounted_price': '£3.00', 'waitrose_offer_desc': None, 'waitrose_url': 'https://www.waitrose.com/ecom/shop/browse/groceries/toiletries_health_and_beauty/hair_care/shampoo', 'waitrose_rating': None, 'waitrose_unit_price': '(£1.34/100ml)', 'waitrose_new_flag': None, 'waitrose_prod_name': 'Head & Shoulders 2 in 1 Total Care 225ml', 'images': []}
DEBUG: Scraped from <200 https://www.waitrose.com/ecom/shop/browse/groceries/toiletries_health_and_beauty/hair_care/shampoo>
{'client': 'Waitrose', 'time': datetime.datetime(2020, 9, 11, 10, 9, 35, 813034), 'category': 'Shampoo', 'id': 'tPp686838-346630-346631', 'prod_name': 'Richard Ward argan antiageing shampoo', 'waitrose_Qty': '250ml', 'waitrose_discounted_price': '£6.00', 'waitrose_offer_desc': None, 'waitrose_url': 'https://www.waitrose.com/ecom/shop/browse/groceries/toiletries_health_and_beauty/hair_care/shampoo', 'waitrose_rating': '4.1', 'waitrose_unit_price': '(£2.40/100ml)', 'waitrose_new_flag': None, 'waitrose_prod_name': 'Richard Ward argan antiageing shampoo 250ml', 'images': []}
DEBUG: Scraped from <200 https://www.waitrose.com/ecom/shop/browse/groceries/toiletries_health_and_beauty/hair_care/shampoo>
{'client': 'Waitrose', 'time': datetime.datetime(2020, 9, 11, 10, 9, 35, 813034), 'category': 'Shampoo', 'id': 'tPp882824-154983-154984', 'prod_name': 'Head & Shoulders itchy scalp shampoo', 'waitrose_Qty': '500ml', 'waitrose_discounted_price': '£5.15', 'waitrose_offer_desc': None, 'waitrose_url': 'https://www.waitrose.com/ecom/shop/browse/groceries/toiletries_health_and_beauty/hair_care/shampoo', 'waitrose_rating': '5', 'waitrose_unit_price': '(£1.03/100ml)', 'waitrose_new_flag': None, 'waitrose_prod_name': 'Head & Shoulders itchy scalp shampoo 500ml', 'images': []}
DEBUG: Scraped from <200 https://www.waitrose.com/ecom/shop/browse/groceries/toiletries_health_and_beauty/hair_care/shampoo>
{'client': 'Waitrose', 'time': datetime.datetime(2020, 9, 11, 10, 9, 35, 813034), 'category': 'Shampoo', 'id': 'tPp492466-631281-631282', 'prod_name': 'Hask Keratin Protein Smoothing Shampoo', 'waitrose_Qty': '355ml', 'waitrose_discounted_price': '£4.66', 'waitrose_offer_desc': 'Save 1/3.', 'waitrose_url': 'https://www.waitrose.com/ecom/shop/browse/groceries/toiletries_health_and_beauty/hair_care/shampoo', 'waitrose_rating': None, 'waitrose_unit_price': '(£1.32/100ml)', 'waitrose_new_flag': None, 'waitrose_prod_name': 'Hask Keratin Protein Smoothing Shampoo 355ml', 'images': []}
DEBUG: Scraped from <200 https://www.waitrose.com/ecom/shop/browse/groceries/toiletries_health_and_beauty/hair_care/shampoo>
{'client': 'Waitrose', 'time': datetime.datetime(2020, 9, 11, 10, 9, 35, 813034), 'category': 'Shampoo', 'id': 'tPp586765-735804-735805', 'prod_name': "L'Oreal Elvive Restoring Shampoo", 'waitrose_Qty': '400ml', 'waitrose_discounted_price': '£3.75', 'waitrose_offer_desc': None, 'waitrose_url': 'https://www.waitrose.com/ecom/shop/browse/groceries/toiletries_health_and_beauty/hair_care/shampoo', 'waitrose_rating': None, 'waitrose_unit_price': '(93.8p/100ml)', 'waitrose_new_flag': 'NEW', 'waitrose_prod_name': "L'Oreal Elvive Restoring Shampoo 400ml", 'images': []}
DEBUG: Scraped from <200 https://www.waitrose.com/ecom/shop/browse/groceries/toiletries_health_and_beauty/hair_care/shampoo>
{'client': 'Waitrose', 'time': datetime.datetime(2020, 9, 11, 10, 9, 35, 813034), 'category': 'Shampoo', 'id': 'tPp527154-720165-720166', 'prod_name': 'Maui Moisture Hibiscus Water', 'waitrose_Qty': '385ml', 'waitrose_discounted_price': '£6.00', 'waitrose_offer_desc': 'Save 1/3.', 'waitrose_url': 'https://www.waitrose.com/ecom/shop/browse/groceries/toiletries_health_and_beauty/hair_care/shampoo', 'waitrose_rating': None, 'waitrose_unit_price': '(£1.56/100ml)', 'waitrose_new_flag': None, 'waitrose_prod_name': 'Maui Moisture Hibiscus Water 385ml', 'images': []}
DEBUG: Scraped from <200 https://www.waitrose.com/ecom/shop/browse/groceries/toiletries_health_and_beauty/hair_care/shampoo>
{'client': 'Waitrose', 'time': datetime.datetime(2020, 9, 11, 10, 9, 35, 813034), 'category': 'Shampoo', 'id': 'tPp453160-695433-695434', 'prod_name': 'Argan+ Long & Strong Shampoo', 'waitrose_Qty': '300ml', 'waitrose_discounted_price': '£4.00', 'waitrose_offer_desc': 'Save 1/3.', 'waitrose_url': 'https://www.waitrose.com/ecom/shop/browse/groceries/toiletries_health_and_beauty/hair_care/shampoo', 'waitrose_rating': None, 'waitrose_unit_price': '(£1.34/100ml)', 'waitrose_new_flag': None, 'waitrose_prod_name': 'Argan+ Long & Strong Shampoo 300ml', 'images': []}
DEBUG: Scraped from <200 https://www.waitrose.com/ecom/shop/browse/groceries/toiletries_health_and_beauty/hair_care/shampoo>
{'client': 'Waitrose', 'time': datetime.datetime(2020, 9, 11, 10, 9, 35, 813034), 'category': 'Shampoo', 'id': 'tPp752186-631541-631542', 'prod_name': 'Ogx Coconut OIl Shampoo', 'waitrose_Qty': '385ml', 'waitrose_discounted_price': '£7.00', 'waitrose_offer_desc': None, 'waitrose_url': 'https://www.waitrose.com/ecom/shop/browse/groceries/toiletries_health_and_beauty/hair_care/shampoo', 'waitrose_rating': None, 'waitrose_unit_price': '(£1.82/100ml)', 'waitrose_new_flag': None, 'waitrose_prod_name': 'Ogx Coconut OIl Shampoo 385ml', 'images': []}
DEBUG: Scraped from <200 https://www.waitrose.com/ecom/shop/browse/groceries/toiletries_health_and_beauty/hair_care/shampoo>
{'client': 'Waitrose', 'time': datetime.datetime(2020, 9, 11, 10, 9, 35, 813034), 'category': 'Shampoo', 'id': 'tPp816738-442231-442232', 'prod_name': 'SensSpa Nourishing Shampoo', 'waitrose_Qty': '250ml', 'waitrose_discounted_price': '£4.00', 'waitrose_offer_desc': 'Save 1/3.', 'waitrose_url': 'https://www.waitrose.com/ecom/shop/browse/groceries/toiletries_health_and_beauty/hair_care/shampoo', 'waitrose_rating': '2.6', 'waitrose_unit_price': '(£1.60/100ml)', 'waitrose_new_flag': None, 'waitrose_prod_name': 'SensSpa Nourishing Shampoo 250ml', 'images': []}
DEBUG: Scraped from <200 https://www.waitrose.com/ecom/shop/browse/groceries/toiletries_health_and_beauty/hair_care/shampoo>
{'client': 'Waitrose', 'time': datetime.datetime(2020, 9, 11, 10, 9, 35, 813034), 'category': 'Shampoo', 'id': 'tPp791725-375655-375656', 'prod_name': 'Ogx Kukuí Oil Shampoo', 'waitrose_Qty': '385ml', 'waitrose_discounted_price': '£7.00', 'waitrose_offer_desc': None, 'waitrose_url': 'https://www.waitrose.com/ecom/shop/browse/groceries/toiletries_health_and_beauty/hair_care/shampoo', 'waitrose_rating': '5', 'waitrose_unit_price': '(£1.82/100ml)', 'waitrose_new_flag': None, 'waitrose_prod_name': 'Ogx Kukuí Oil Shampoo 385ml', 'images': []}
DEBUG: Scraped from <200 https://www.waitrose.com/ecom/shop/browse/groceries/toiletries_health_and_beauty/hair_care/shampoo>
{'client': 'Waitrose', 'time': datetime.datetime(2020, 9, 11, 10, 9, 35, 813034), 'category': 'Shampoo', 'id': 'tPp886458-216893-216894', 'prod_name': 'Ogx Brazilian Keratin Shampoo', 'waitrose_Qty': '385ml', 'waitrose_discounted_price': '£7.00', 'waitrose_offer_desc': None, 'waitrose_url': 'https://www.waitrose.com/ecom/shop/browse/groceries/toiletries_health_and_beauty/hair_care/shampoo', 'waitrose_rating': '5', 'waitrose_unit_price': '(£1.82/100ml)', 'waitrose_new_flag': None, 'waitrose_prod_name': 'Ogx Brazilian Keratin Shampoo 385ml', 'images': []}
DEBUG: Scraped from <200 https://www.waitrose.com/ecom/shop/browse/groceries/toiletries_health_and_beauty/hair_care/shampoo>
{'client': 'Waitrose', 'time': datetime.datetime(2020, 9, 11, 10, 9, 35, 813034), 'category': 'Shampoo', 'id': 'tPp662395-154665-154666', 'prod_name': 'Aussie colour mate shampoo', 'waitrose_Qty': '500ml', 'waitrose_discounted_price': '£6.15', 'waitrose_offer_desc': None, 'waitrose_url': 'https://www.waitrose.com/ecom/shop/browse/groceries/toiletries_health_and_beauty/hair_care/shampoo', 'waitrose_rating': None, 'waitrose_unit_price': '(£1.23/100ml)', 'waitrose_new_flag': None, 'waitrose_prod_name': 'Aussie colour mate shampoo 500ml', 'images': []}
DEBUG: Scraped from <200 https://www.waitrose.com/ecom/shop/browse/groceries/toiletries_health_and_beauty/hair_care/shampoo>
{'client': 'Waitrose', 'time': datetime.datetime(2020, 9, 11, 10, 9, 35, 813034), 'category': 'Shampoo', 'id': 'tPp626001-88825-88826', 'prod_name': 'Head & Shoulders Shampoo Citrus Fresh', 'waitrose_Qty': '500ml', 'waitrose_discounted_price': '£5.15', 'waitrose_offer_desc': None, 'waitrose_url': 'https://www.waitrose.com/ecom/shop/browse/groceries/toiletries_health_and_beauty/hair_care/shampoo', 'waitrose_rating': None, 'waitrose_unit_price': '(£1.03/100ml)', 'waitrose_new_flag': None, 'waitrose_prod_name': 'Head & Shoulders Shampoo Citrus Fresh 500ml', 'images': []}
DEBUG: Scraped from <200 https://www.waitrose.com/ecom/shop/browse/groceries/toiletries_health_and_beauty/hair_care/shampoo>
{'client': 'Waitrose', 'time': datetime.datetime(2020, 9, 11, 10, 9, 35, 813034), 'category': 'Shampoo', 'id': 'tPp432893-216691-216692', 'prod_name': 'Head & Shoulders Shampoo Apple Fresh', 'waitrose_Qty': '500ml', 'waitrose_discounted_price': '£5.15', 'waitrose_offer_desc': None, 'waitrose_url': 'https://www.waitrose.com/ecom/shop/browse/groceries/toiletries_health_and_beauty/hair_care/shampoo', 'waitrose_rating': None, 'waitrose_unit_price': '(£1.03/100ml)', 'waitrose_new_flag': None, 'waitrose_prod_name': 'Head & Shoulders Shampoo Apple Fresh 500ml', 'images': []}
DEBUG: Scraped from <200 https://www.waitrose.com/ecom/shop/browse/groceries/toiletries_health_and_beauty/hair_care/shampoo>
{'client': 'Waitrose', 'time': datetime.datetime(2020, 9, 11, 10, 9, 35, 813034), 'category': 'Shampoo', 'id': 'tPp027940-13599-13600', 'prod_name': 'Avalon Organics lemon shampoo', 'waitrose_Qty': '325ml', 'waitrose_discounted_price': '£7.00', 'waitrose_offer_desc': None, 'waitrose_url': 'https://www.waitrose.com/ecom/shop/browse/groceries/toiletries_health_and_beauty/hair_care/shampoo', 'waitrose_rating': '3.6', 'waitrose_unit_price': '(£2.16/100ml)', 'waitrose_new_flag': None, 'waitrose_prod_name': 'Avalon Organics lemon shampoo 325ml', 'images': []}
DEBUG: Scraped from <200 https://www.waitrose.com/ecom/shop/browse/groceries/toiletries_health_and_beauty/hair_care/shampoo>
{'client': 'Waitrose', 'time': datetime.datetime(2020, 9, 11, 10, 9, 35, 813034), 'category': 'Shampoo', 'id': 'tPp868154-695990-695991', 'prod_name': 'Hair Biology Purple Shampoo', 'waitrose_Qty': '250ml', 'waitrose_discounted_price': '£4.50', 'waitrose_offer_desc': None, 'waitrose_url': 'https://www.waitrose.com/ecom/shop/browse/groceries/toiletries_health_and_beauty/hair_care/shampoo', 'waitrose_rating': None, 'waitrose_unit_price': '(£1.80/100ml)', 'waitrose_new_flag': None, 'waitrose_prod_name': 'Hair Biology Purple Shampoo 250ml', 'images': []}
DEBUG: Scraped from <200 https://www.waitrose.com/ecom/shop/browse/groceries/toiletries_health_and_beauty/hair_care/shampoo>
{'client': 'Waitrose', 'time': datetime.datetime(2020, 9, 11, 10, 9, 35, 813034), 'category': 'Shampoo', 'id': 'tPp852396-695857-695858', 'prod_name': 'BECO. Honey Blossom Shampoo Bar', 'waitrose_Qty': '90g', 'waitrose_discounted_price': '£4.00', 'waitrose_offer_desc': None, 'waitrose_url': 'https://www.waitrose.com/ecom/shop/browse/groceries/toiletries_health_and_beauty/hair_care/shampoo', 'waitrose_rating': '4.9', 'waitrose_unit_price': '(£4.45/100g)', 'waitrose_new_flag': None, 'waitrose_prod_name': 'BECO. Honey Blossom Shampoo Bar 90g', 'images': []}
DEBUG: Scraped from <200 https://www.waitrose.com/ecom/shop/browse/groceries/toiletries_health_and_beauty/hair_care/shampoo>
{'client': 'Waitrose', 'time': datetime.datetime(2020, 9, 11, 10, 9, 35, 813034), 'category': 'Shampoo', 'id': 'tPp821139-694191-694192', 'prod_name': 'Pantene Smooth & Sleek Shampoo', 'waitrose_Qty': '500ml', 'waitrose_discounted_price': '£5.15', 'waitrose_offer_desc': None, 'waitrose_url': 'https://www.waitrose.com/ecom/shop/browse/groceries/toiletries_health_and_beauty/hair_care/shampoo', 'waitrose_rating': None, 'waitrose_unit_price': '(£1.03/100ml)', 'waitrose_new_flag': None, 'waitrose_prod_name': 'Pantene Smooth & Sleek Shampoo 500ml', 'images': []}
DEBUG: Scraped from <200 https://www.waitrose.com/ecom/shop/browse/groceries/toiletries_health_and_beauty/hair_care/shampoo>
{'client': 'Waitrose', 'time': datetime.datetime(2020, 9, 11, 10, 9, 35, 813034), 'category': 'Shampoo', 'id': 'tPp790782-694215-694216', 'prod_name': 'Pantene 3in1 Smooth & Sleek', 'waitrose_Qty': '450ml', 'waitrose_discounted_price': '£3.75', 'waitrose_offer_desc': None, 'waitrose_url': 'https://www.waitrose.com/ecom/shop/browse/groceries/toiletries_health_and_beauty/hair_care/shampoo', 'waitrose_rating': None, 'waitrose_unit_price': '(83.3p/100ml)', 'waitrose_new_flag': None, 'waitrose_prod_name': 'Pantene 3in1 Smooth & Sleek 450ml', 'images': []}
DEBUG: Scraped from <200 https://www.waitrose.com/ecom/shop/browse/groceries/toiletries_health_and_beauty/hair_care/shampoo>
{'client': 'Waitrose', 'time': datetime.datetime(2020, 9, 11, 10, 9, 35, 813034), 'category': 'Shampoo', 'id': 'tPp829437-695831-695832', 'prod_name': 'Umberto Giannini Grow Long Shampoo', 'waitrose_Qty': '250ml', 'waitrose_discounted_price': '£8.00', 'waitrose_offer_desc': 'Mix & Match Add 3 for 2 Cheapest Item Free', 'waitrose_url': 'https://www.waitrose.com/ecom/shop/browse/groceries/toiletries_health_and_beauty/hair_care/shampoo', 'waitrose_rating': '5', 'waitrose_unit_price': '(£3.20/100ml)', 'waitrose_new_flag': None, 'waitrose_prod_name': 'Umberto Giannini Grow Long Shampoo 250ml', 'images': []}
DEBUG: Scraped from <200 https://www.waitrose.com/ecom/shop/browse/groceries/toiletries_health_and_beauty/hair_care/shampoo>
{'client': 'Waitrose', 'time': datetime.datetime(2020, 9, 11, 10, 9, 35, 813034), 'category': 'Shampoo', 'id': 'tPp502050-631293-631294', 'prod_name': 'Hask Argan Oil Repairing Shampoo', 'waitrose_Qty': '355ml', 'waitrose_discounted_price': '£4.66', 'waitrose_offer_desc': 'Save 1/3.', 'waitrose_url': 'https://www.waitrose.com/ecom/shop/browse/groceries/toiletries_health_and_beauty/hair_care/shampoo', 'waitrose_rating': '3.7', 'waitrose_unit_price': '(£1.32/100ml)', 'waitrose_new_flag': None, 'waitrose_prod_name': 'Hask Argan Oil Repairing Shampoo 355ml', 'images': []}
DEBUG: Scraped from <200 https://www.waitrose.com/ecom/shop/browse/groceries/toiletries_health_and_beauty/hair_care/shampoo>
{'client': 'Waitrose', 'time': datetime.datetime(2020, 9, 11, 10, 9, 35, 813034), 'category': 'Shampoo', 'id': 'tPp480728-631267-631268', 'prod_name': 'Ogx Orchid Oil Shampoo', 'waitrose_Qty': '385ml', 'waitrose_discounted_price': '£7.00', 'waitrose_offer_desc': None, 'waitrose_url': 'https://www.waitrose.com/ecom/shop/browse/groceries/toiletries_health_and_beauty/hair_care/shampoo', 'waitrose_rating': '5', 'waitrose_unit_price': '(£1.82/100ml)', 'waitrose_new_flag': None, 'waitrose_prod_name': 'Ogx Orchid Oil Shampoo 385ml', 'images': []}
DEBUG: Scraped from <200 https://www.waitrose.com/ecom/shop/browse/groceries/toiletries_health_and_beauty/hair_care/shampoo>
{'client': 'Waitrose', 'time': datetime.datetime(2020, 9, 11, 10, 9, 35, 813034), 'category': 'Shampoo', 'id': 'tPp627460-154629-154630', 'prod_name': 'Aussie mega shampoo', 'waitrose_Qty': '500ml', 'waitrose_discounted_price': '£6.15', 'waitrose_offer_desc': None, 'waitrose_url': 'https://www.waitrose.com/ecom/shop/browse/groceries/toiletries_health_and_beauty/hair_care/shampoo', 'waitrose_rating': '3.8', 'waitrose_unit_price': '(£1.23/100ml)', 'waitrose_new_flag': None, 'waitrose_prod_name': 'Aussie mega shampoo 500ml', 'images': []}
DEBUG: Scraped from <200 https://www.waitrose.com/ecom/shop/browse/groceries/toiletries_health_and_beauty/hair_care/shampoo>
{'client': 'Waitrose', 'time': datetime.datetime(2020, 9, 11, 10, 9, 35, 813034), 'category': 'Shampoo', 'id': 'tPp867514-720387-720388', 'prod_name': 'Head & Shoulders Coconut Shampoo', 'waitrose_Qty': '500ml', 'waitrose_discounted_price': '£5.00', 'waitrose_offer_desc': None, 'waitrose_url': 'https://www.waitrose.com/ecom/shop/browse/groceries/toiletries_health_and_beauty/hair_care/shampoo', 'waitrose_rating': None, 'waitrose_unit_price': '(£1/100ml)', 'waitrose_new_flag': None, 'waitrose_prod_name': 'Head & Shoulders Coconut Shampoo 500ml', 'images': []}
DEBUG: Scraped from <200 https://www.waitrose.com/ecom/shop/browse/groceries/toiletries_health_and_beauty/hair_care/shampoo>
{'client': 'Waitrose', 'time': datetime.datetime(2020, 9, 11, 10, 9, 35, 813034), 'category': 'Shampoo', 'id': 'tPp778297-720309-720310', 'prod_name': 'Pantene Grow Strong Shampoo', 'waitrose_Qty': '400ml', 'waitrose_discounted_price': '£3.75', 'waitrose_offer_desc': None, 'waitrose_url': 'https://www.waitrose.com/ecom/shop/browse/groceries/toiletries_health_and_beauty/hair_care/shampoo', 'waitrose_rating': None, 'waitrose_unit_price': '(93.8p/100ml)', 'waitrose_new_flag': None, 'waitrose_prod_name': 'Pantene Grow Strong Shampoo 400ml', 'images': []}
DEBUG: Scraped from <200 https://www.waitrose.com/ecom/shop/browse/groceries/toiletries_health_and_beauty/hair_care/shampoo>
{'client': 'Waitrose', 'time': datetime.datetime(2020, 9, 11, 10, 9, 35, 813034), 'category': 'Shampoo', 'id': 'tPp484035-715885-715886', 'prod_name': "L'Oreal Elvive Oil Nourishing Shampoo", 'waitrose_Qty': '400ml', 'waitrose_discounted_price': '£3.75', 'waitrose_offer_desc': None, 'waitrose_url': 'https://www.waitrose.com/ecom/shop/browse/groceries/toiletries_health_and_beauty/hair_care/shampoo', 'waitrose_rating': None, 'waitrose_unit_price': '(93.8p/100ml)', 'waitrose_new_flag': None, 'waitrose_prod_name': "L'Oreal Elvive Oil Nourishing Shampoo 400ml", 'images': []}
DEBUG: Scraped from <200 https://www.waitrose.com/ecom/shop/browse/groceries/toiletries_health_and_beauty/hair_care/shampoo>
{'client': 'Waitrose', 'time': datetime.datetime(2020, 9, 11, 10, 9, 35, 813034), 'category': 'Shampoo', 'id': 'tPp032765-16025-16026', 'prod_name': "L'Oréal kids shampoo berry strawberry", 'waitrose_Qty': '250ml', 'waitrose_discounted_price': '£2.00', 'waitrose_offer_desc': None, 'waitrose_url': 'https://www.waitrose.com/ecom/shop/browse/groceries/toiletries_health_and_beauty/hair_care/shampoo', 'waitrose_rating': None, 'waitrose_unit_price': '(80p/100ml)', 'waitrose_new_flag': None, 'waitrose_prod_name': "L'Oréal kids shampoo berry strawberry 250ml", 'images': []}
DEBUG: Scraped from <200 https://www.waitrose.com/ecom/shop/browse/groceries/toiletries_health_and_beauty/hair_care/shampoo>
{'client': 'Waitrose', 'time': datetime.datetime(2020, 9, 11, 10, 9, 35, 813034), 'category': 'Shampoo', 'id': 'tPp554742-695503-695504', 'prod_name': 'Umberto Giannini Violet Shampoo', 'waitrose_Qty': '250ml', 'waitrose_discounted_price': '£8.00', 'waitrose_offer_desc': 'Mix & Match Add 3 for 2 Cheapest Item Free', 'waitrose_url': 'https://www.waitrose.com/ecom/shop/browse/groceries/toiletries_health_and_beauty/hair_care/shampoo', 'waitrose_rating': None, 'waitrose_unit_price': '(£3.20/100ml)', 'waitrose_new_flag': None, 'waitrose_prod_name': 'Umberto Giannini Violet Shampoo 250ml', 'images': []}
DEBUG: Scraped from <200 https://www.waitrose.com/ecom/shop/browse/groceries/toiletries_health_and_beauty/hair_care/shampoo>
{'client': 'Waitrose', 'time': datetime.datetime(2020, 9, 11, 10, 9, 35, 813034), 'category': 'Shampoo', 'id': 'tPp567427-683666-683667', 'prod_name': 'Ogx Charcoal Detox Shampoo', 'waitrose_Qty': '385ml', 'waitrose_discounted_price': '£7.00', 'waitrose_offer_desc': None, 'waitrose_url': 'https://www.waitrose.com/ecom/shop/browse/groceries/toiletries_health_and_beauty/hair_care/shampoo', 'waitrose_rating': None, 'waitrose_unit_price': '(£1.82/100ml)', 'waitrose_new_flag': None, 'waitrose_prod_name': 'Ogx Charcoal Detox Shampoo 385ml', 'images': []}
DEBUG: Scraped from <200 https://www.waitrose.com/ecom/shop/browse/groceries/toiletries_health_and_beauty/hair_care/shampoo>
{'client': 'Waitrose', 'time': datetime.datetime(2020, 9, 11, 10, 9, 35, 813034), 'category': 'Shampoo', 'id': 'tPp076232-38732-38733', 'prod_name': 'AOrganic Lavender Shampoo', 'waitrose_Qty': '325ml', 'waitrose_discounted_price': '£7.00', 'waitrose_offer_desc': None, 'waitrose_url': 'https://www.waitrose.com/ecom/shop/browse/groceries/toiletries_health_and_beauty/hair_care/shampoo', 'waitrose_rating': '3.8', 'waitrose_unit_price': '(£2.16/100ml)', 'waitrose_new_flag': None, 'waitrose_prod_name': 'AOrganic Lavender Shampoo 325ml', 'images': []}
DEBUG: Scraped from <200 https://www.waitrose.com/ecom/shop/browse/groceries/toiletries_health_and_beauty/hair_care/shampoo>
{'client': 'Waitrose', 'time': datetime.datetime(2020, 9, 11, 10, 9, 35, 813034), 'category': 'Shampoo', 'id': 'tPp698673-735854-735855', 'prod_name': 'Pantene Pro V Rose Water Shampoo', 'waitrose_Qty': '225ml', 'waitrose_discounted_price': '£3.75', 'waitrose_offer_desc': None, 'waitrose_url': 'https://www.waitrose.com/ecom/shop/browse/groceries/toiletries_health_and_beauty/hair_care/shampoo', 'waitrose_rating': None, 'waitrose_unit_price': '(£1.67/100ml)', 'waitrose_new_flag': 'NEW', 'waitrose_prod_name': 'Pantene Pro V Rose Water Shampoo 225ml', 'images': []}
DEBUG: Scraped from <200 https://www.waitrose.com/ecom/shop/browse/groceries/toiletries_health_and_beauty/hair_care/shampoo>
{'client': 'Waitrose', 'time': datetime.datetime(2020, 9, 11, 10, 9, 35, 813034), 'category': 'Shampoo', 'id': 'tPp812614-707138-707139', 'prod_name': 'Beco Spring Meadow Shampoo Bar', 'waitrose_Qty': '90g', 'waitrose_discounted_price': '£4.00', 'waitrose_offer_desc': None, 'waitrose_url': 'https://www.waitrose.com/ecom/shop/browse/groceries/toiletries_health_and_beauty/hair_care/shampoo', 'waitrose_rating': '3.3', 'waitrose_unit_price': '(£4.45/100g)', 'waitrose_new_flag': None, 'waitrose_prod_name': 'Beco Spring Meadow Shampoo Bar 90g', 'images': []}
DEBUG: Scraped from <200 https://www.waitrose.com/ecom/shop/browse/groceries/toiletries_health_and_beauty/hair_care/shampoo>
{'client': 'Waitrose', 'time': datetime.datetime(2020, 9, 11, 10, 9, 35, 813034), 'category': 'Shampoo', 'id': 'tPp724972-694185-694186', 'prod_name': 'Pantene 3in1 Repair & Protect', 'waitrose_Qty': '450ml', 'waitrose_discounted_price': '£3.75', 'waitrose_offer_desc': None, 'waitrose_url': 'https://www.waitrose.com/ecom/shop/browse/groceries/toiletries_health_and_beauty/hair_care/shampoo', 'waitrose_rating': None, 'waitrose_unit_price': '(83.3p/100ml)', 'waitrose_new_flag': None, 'waitrose_prod_name': 'Pantene 3in1 Repair & Protect 450ml', 'images': []}
DEBUG: Scraped from <200 https://www.waitrose.com/ecom/shop/browse/groceries/toiletries_health_and_beauty/hair_care/shampoo>
{'client': 'Waitrose', 'time': datetime.datetime(2020, 9, 11, 10, 9, 35, 813034), 'category': 'Shampoo', 'id': 'tPp714629-729752-729753', 'prod_name': 'OGX Keratin Oil Shampoo', 'waitrose_Qty': '385ml', 'waitrose_discounted_price': '£7.00', 'waitrose_offer_desc': None, 'waitrose_url': 'https://www.waitrose.com/ecom/shop/browse/groceries/toiletries_health_and_beauty/hair_care/shampoo', 'waitrose_rating': None, 'waitrose_unit_price': '(£1.82/100ml)', 'waitrose_new_flag': None, 'waitrose_prod_name': 'OGX Keratin Oil Shampoo 385ml', 'images': []}
DEBUG: Scraped from <200 https://www.waitrose.com/ecom/shop/browse/groceries/toiletries_health_and_beauty/hair_care/shampoo>
{'client': 'Waitrose', 'time': datetime.datetime(2020, 9, 11, 10, 9, 35, 813034), 'category': 'Shampoo', 'id': 'tPp721134-337091-337092', 'prod_name': 'Aussie miracle shine shampoo', 'waitrose_Qty': '500ml', 'waitrose_discounted_price': '£6.00', 'waitrose_offer_desc': None, 'waitrose_url': 'https://www.waitrose.com/ecom/shop/browse/groceries/toiletries_health_and_beauty/hair_care/shampoo', 'waitrose_rating': None, 'waitrose_unit_price': '(£1.20/100ml)', 'waitrose_new_flag': None, 'waitrose_prod_name': 'Aussie miracle shine shampoo 500ml', 'images': []}
DEBUG: Scraped from <200 https://www.waitrose.com/ecom/shop/browse/groceries/toiletries_health_and_beauty/hair_care/shampoo>
{'client': 'Waitrose', 'time': datetime.datetime(2020, 9, 11, 10, 9, 35, 813034), 'category': 'Shampoo', 'id': 'tPp567481-719558-719559', 'prod_name': 'Fit Kit Gentle Shampoo &Conditioner', 'waitrose_Qty': '200ml', 'waitrose_discounted_price': '£4.00', 'waitrose_offer_desc': None, 'waitrose_url': 'https://www.waitrose.com/ecom/shop/browse/groceries/toiletries_health_and_beauty/hair_care/shampoo', 'waitrose_rating': '5', 'waitrose_unit_price': '(£2/100ml)', 'waitrose_new_flag': None, 'waitrose_prod_name': 'Fit Kit Gentle Shampoo &Conditioner 200ml', 'images': []}
DEBUG: Scraped from <200 https://www.waitrose.com/ecom/shop/browse/groceries/toiletries_health_and_beauty/hair_care/shampoo>
{'client': 'Waitrose', 'time': datetime.datetime(2020, 9, 11, 10, 9, 35, 813034), 'category': 'Shampoo', 'id': 'tPp888765-695909-695910', 'prod_name': 'Umberto Giannini Curl Jelly Wash', 'waitrose_Qty': '250ml', 'waitrose_discounted_price': '£8.00', 'waitrose_offer_desc': 'Mix & Match Add 3 for 2 Cheapest Item Free', 'waitrose_url': 'https://www.waitrose.com/ecom/shop/browse/groceries/toiletries_health_and_beauty/hair_care/shampoo', 'waitrose_rating': '2.5', 'waitrose_unit_price': '(£3.20/100ml)', 'waitrose_new_flag': None, 'waitrose_prod_name': 'Umberto Giannini Curl Jelly Wash 250ml', 'images': []}
DEBUG: Scraped from <200 https://www.waitrose.com/ecom/shop/browse/groceries/toiletries_health_and_beauty/hair_care/shampoo>
{'client': 'Waitrose', 'time': datetime.datetime(2020, 9, 11, 10, 9, 35, 813034), 'category': 'Shampoo', 'id': 'tPp492090-729670-729671', 'prod_name': 'Percy & Reed Volumising Shampoo', 'waitrose_Qty': '250ml', 'waitrose_discounted_price': '£18.00', 'waitrose_offer_desc': None, 'waitrose_url': 'https://www.waitrose.com/ecom/shop/browse/groceries/toiletries_health_and_beauty/hair_care/shampoo', 'waitrose_rating': None, 'waitrose_unit_price': '(£7.20/100ml)', 'waitrose_new_flag': None, 'waitrose_prod_name': 'Percy & Reed Volumising Shampoo 250ml', 'images': []}
DEBUG: Scraped from <200 https://www.waitrose.com/ecom/shop/browse/groceries/toiletries_health_and_beauty/hair_care/shampoo>
{'client': 'Waitrose', 'time': datetime.datetime(2020, 9, 11, 10, 9, 35, 813034), 'category': 'Shampoo', 'id': 'tPp405353-729640-729641', 'prod_name': 'Percy & Reed No-Fuss Dry Shampoo', 'waitrose_Qty': '200ml', 'waitrose_discounted_price': '£15.00', 'waitrose_offer_desc': None, 'waitrose_url': 'https://www.waitrose.com/ecom/shop/browse/groceries/toiletries_health_and_beauty/hair_care/shampoo', 'waitrose_rating': '3.8', 'waitrose_unit_price': '(£7.50/100ml)', 'waitrose_new_flag': None, 'waitrose_prod_name': 'Percy & Reed No-Fuss Dry Shampoo 200ml', 'images': []}
DEBUG: Scraped from <200 https://www.waitrose.com/ecom/shop/browse/groceries/toiletries_health_and_beauty/hair_care/shampoo>
{'client': 'Waitrose', 'time': datetime.datetime(2020, 9, 11, 10, 9, 35, 813034), 'category': 'Shampoo', 'id': 'tPp820157-724089-724090', 'prod_name': 'Eco Warrior Shampoo Bar', 'waitrose_Qty': '100g', 'waitrose_discounted_price': '£4.50', 'waitrose_offer_desc': None, 'waitrose_url': 'https://www.waitrose.com/ecom/shop/browse/groceries/toiletries_health_and_beauty/hair_care/shampoo', 'waitrose_rating': None, 'waitrose_unit_price': '(£4.50/100g)', 'waitrose_new_flag': None, 'waitrose_prod_name': 'Eco Warrior Shampoo Bar 100g', 'images': []}
DEBUG: Scraped from <200 https://www.waitrose.com/ecom/shop/browse/groceries/toiletries_health_and_beauty/hair_care/shampoo>
{'client': 'Waitrose', 'time': datetime.datetime(2020, 9, 11, 10, 9, 35, 813034), 'category': 'Shampoo', 'id': 'tPp426973-298983-298984', 'prod_name': 'Head & Shoulders 2in1 Apple Fresh', 'waitrose_Qty': '450ml', 'waitrose_discounted_price': '£5.00', 'waitrose_offer_desc': None, 'waitrose_url': 'https://www.waitrose.com/ecom/shop/browse/groceries/toiletries_health_and_beauty/hair_care/shampoo', 'waitrose_rating': None, 'waitrose_unit_price': '(£1.12/100ml)', 'waitrose_new_flag': None, 'waitrose_prod_name': 'Head & Shoulders 2in1 Apple Fresh 450ml', 'images': []}
DEBUG: Scraped from <200 https://www.waitrose.com/ecom/shop/browse/groceries/toiletries_health_and_beauty/hair_care/shampoo>
{'client': 'Waitrose', 'time': datetime.datetime(2020, 9, 11, 10, 9, 35, 813034), 'category': 'Shampoo', 'id': 'tPp889100-330444-330445', 'prod_name': 'AOrganic Rosemary Shampoo', 'waitrose_Qty': '325ml', 'waitrose_discounted_price': '£7.00', 'waitrose_offer_desc': None, 'waitrose_url': 'https://www.waitrose.com/ecom/shop/browse/groceries/toiletries_health_and_beauty/hair_care/shampoo', 'waitrose_rating': '2.5', 'waitrose_unit_price': '(£2.16/100ml)', 'waitrose_new_flag': None, 'waitrose_prod_name': 'AOrganic Rosemary Shampoo 325ml', 'images': []}
DEBUG: Scraped from <200 https://www.waitrose.com/ecom/shop/browse/groceries/toiletries_health_and_beauty/hair_care/shampoo>
{'client': 'Waitrose', 'time': datetime.datetime(2020, 9, 11, 10, 9, 35, 813034), 'category': 'Shampoo', 'id': 'tPp480888-154495-154496', 'prod_name': 'Head & Shoulders Smooth Shampoo', 'waitrose_Qty': '500ml', 'waitrose_discounted_price': '£5.15', 'waitrose_offer_desc': None, 'waitrose_url': 'https://www.waitrose.com/ecom/shop/browse/groceries/toiletries_health_and_beauty/hair_care/shampoo', 'waitrose_rating': '5', 'waitrose_unit_price': '(£1.03/100ml)', 'waitrose_new_flag': None, 'waitrose_prod_name': 'Head & Shoulders Smooth Shampoo 500ml', 'images': []}
DEBUG: Scraped from <200 https://www.waitrose.com/ecom/shop/browse/groceries/toiletries_health_and_beauty/hair_care/shampoo>
{'client': 'Waitrose', 'time': datetime.datetime(2020, 9, 11, 10, 9, 35, 813034), 'category': 'Shampoo', 'id': 'tPp694392-98595-98596', 'prod_name': 'Head & Shoulders Shampoo Cool Menthol', 'waitrose_Qty': '500ml', 'waitrose_discounted_price': '£5.15', 'waitrose_offer_desc': None, 'waitrose_url': 'https://www.waitrose.com/ecom/shop/browse/groceries/toiletries_health_and_beauty/hair_care/shampoo', 'waitrose_rating': None, 'waitrose_unit_price': '(£1.03/100ml)', 'waitrose_new_flag': None, 'waitrose_prod_name': 'Head & Shoulders Shampoo Cool Menthol 500ml', 'images': []}
DEBUG: Scraped from <200 https://www.waitrose.com/ecom/shop/browse/groceries/toiletries_health_and_beauty/hair_care/shampoo>
{'client': 'Waitrose', 'time': datetime.datetime(2020, 9, 11, 10, 9, 35, 813034), 'category': 'Shampoo', 'id': 'tPp567431-729696-729697', 'prod_name': 'Batiste Dry Shampoo for Blondes', 'waitrose_Qty': '200ml', 'waitrose_discounted_price': '£4.00', 'waitrose_offer_desc': None, 'waitrose_url': 'https://www.waitrose.com/ecom/shop/browse/groceries/toiletries_health_and_beauty/hair_care/shampoo', 'waitrose_rating': None, 'waitrose_unit_price': '(£2/100ml)', 'waitrose_new_flag': None, 'waitrose_prod_name': 'Batiste Dry Shampoo for Blondes 200ml', 'images': []}
DEBUG: Scraped from <200 https://www.waitrose.com/ecom/shop/browse/groceries/toiletries_health_and_beauty/hair_care/shampoo>
{'client': 'Waitrose', 'time': datetime.datetime(2020, 9, 11, 10, 9, 35, 813034), 'category': 'Shampoo', 'id': 'tPp407272-440973-440974', 'prod_name': 'Richard Ward Chelsea Cleanse & Condition', 'waitrose_Qty': '250ml', 'waitrose_discounted_price': '£6.00', 'waitrose_offer_desc': None, 'waitrose_url': 'https://www.waitrose.com/ecom/shop/browse/groceries/toiletries_health_and_beauty/hair_care/shampoo', 'waitrose_rating': '3.9', 'waitrose_unit_price': '(£2.40/100ml)', 'waitrose_new_flag': None, 'waitrose_prod_name': 'Richard Ward Chelsea Cleanse & Condition 250ml', 'images': []}
DEBUG: Scraped from <200 https://www.waitrose.com/ecom/shop/browse/groceries/toiletries_health_and_beauty/hair_care/shampoo>
{'client': 'Waitrose', 'time': datetime.datetime(2020, 9, 11, 10, 9, 35, 813034), 'category': 'Shampoo', 'id': 'tPp803275-329016-329017', 'prod_name': 'AOrganic Peppermint Shampoo', 'waitrose_Qty': '325ml', 'waitrose_discounted_price': '£7.00', 'waitrose_offer_desc': None, 'waitrose_url': 'https://www.waitrose.com/ecom/shop/browse/groceries/toiletries_health_and_beauty/hair_care/shampoo', 'waitrose_rating': '4', 'waitrose_unit_price': '(£2.16/100ml)', 'waitrose_new_flag': None, 'waitrose_prod_name': 'AOrganic Peppermint Shampoo 325ml', 'images': []}
DEBUG: Scraped from <200 https://www.waitrose.com/ecom/shop/browse/groceries/toiletries_health_and_beauty/hair_care/shampoo>
{'client': 'Waitrose', 'time': datetime.datetime(2020, 9, 11, 10, 9, 35, 813034), 'category': 'Shampoo', 'id': 'tPp836383-271490-271491', 'prod_name': 'Head & Shoulders 2in1 citrus care', 'waitrose_Qty': '450ml', 'waitrose_discounted_price': '£5.15', 'waitrose_offer_desc': None, 'waitrose_url': 'https://www.waitrose.com/ecom/shop/browse/groceries/toiletries_health_and_beauty/hair_care/shampoo', 'waitrose_rating': None, 'waitrose_unit_price': '(£1.15/100ml)', 'waitrose_new_flag': None, 'waitrose_prod_name': 'Head & Shoulders 2in1 citrus care 450ml', 'images': []}
DEBUG: Scraped from <200 https://www.waitrose.com/ecom/shop/browse/groceries/toiletries_health_and_beauty/hair_care/shampoo>
{'client': 'Waitrose', 'time': datetime.datetime(2020, 9, 11, 10, 9, 35, 813034), 'category': 'Shampoo', 'id': 'tPp861587-154949-154950', 'prod_name': 'Batiste dark & deep brown dry shampoo', 'waitrose_Qty': '200ml', 'waitrose_discounted_price': '£4.00', 'waitrose_offer_desc': None, 'waitrose_url': 'https://www.waitrose.com/ecom/shop/browse/groceries/toiletries_health_and_beauty/hair_care/shampoo', 'waitrose_rating': None, 'waitrose_unit_price': '(£2/100ml)', 'waitrose_new_flag': None, 'waitrose_prod_name': 'Batiste dark & deep brown dry shampoo 200ml', 'images': []}
DEBUG: Scraped from <200 https://www.waitrose.com/ecom/shop/browse/groceries/toiletries_health_and_beauty/hair_care/shampoo>
{'client': 'Waitrose', 'time': datetime.datetime(2020, 9, 11, 10, 9, 35, 813034), 'category': 'Shampoo', 'id': 'tPp863078-695988-695989', 'prod_name': 'Pantene Hair Biology Full & Vibrant', 'waitrose_Qty': '250ml', 'waitrose_discounted_price': '£4.50', 'waitrose_offer_desc': None, 'waitrose_url': 'https://www.waitrose.com/ecom/shop/browse/groceries/toiletries_health_and_beauty/hair_care/shampoo', 'waitrose_rating': None, 'waitrose_unit_price': '(£1.80/100ml)', 'waitrose_new_flag': None, 'waitrose_prod_name': 'Pantene Hair Biology Full & Vibrant 250ml', 'images': []}
DEBUG: Scraped from <200 https://www.waitrose.com/ecom/shop/browse/groceries/toiletries_health_and_beauty/hair_care/shampoo>
{'client': 'Waitrose', 'time': datetime.datetime(2020, 9, 11, 10, 9, 35, 813034), 'category': 'Shampoo', 'id': 'tPp584599-695531-695532', 'prod_name': 'Batiste Dry Shampoo Volume', 'waitrose_Qty': '200ml', 'waitrose_discounted_price': '£4.25', 'waitrose_offer_desc': None, 'waitrose_url': 'https://www.waitrose.com/ecom/shop/browse/groceries/toiletries_health_and_beauty/hair_care/shampoo', 'waitrose_rating': None, 'waitrose_unit_price': '(£2.13/100ml)', 'waitrose_new_flag': None, 'waitrose_prod_name': 'Batiste Dry Shampoo Volume 200ml', 'images': []}
DEBUG: Scraped from <200 https://www.waitrose.com/ecom/shop/browse/groceries/toiletries_health_and_beauty/hair_care/shampoo>
{'client': 'Waitrose', 'time': datetime.datetime(2020, 9, 11, 10, 9, 35, 813034), 'category': 'Shampoo', 'id': 'tPp401660-588303-588304', 'prod_name': 'Richard Ward Brunette Shampoo', 'waitrose_Qty': '250ml', 'waitrose_discounted_price': '£6.00', 'waitrose_offer_desc': None, 'waitrose_url': 'https://www.waitrose.com/ecom/shop/browse/groceries/toiletries_health_and_beauty/hair_care/shampoo', 'waitrose_rating': '5', 'waitrose_unit_price': '(£2.40/100ml)', 'waitrose_new_flag': None, 'waitrose_prod_name': 'Richard Ward Brunette Shampoo 250ml', 'images': []}
DEBUG: Scraped from <200 https://www.waitrose.com/ecom/shop/browse/groceries/toiletries_health_and_beauty/hair_care/shampoo>
{'client': 'Waitrose', 'time': datetime.datetime(2020, 9, 11, 10, 9, 35, 813034), 'category': 'Shampoo', 'id': 'tPp581644-729702-729703', 'prod_name': 'Percy & Reed Hydrating Shampoo', 'waitrose_Qty': '250ml', 'waitrose_discounted_price': '£18.00', 'waitrose_offer_desc': None, 'waitrose_url': 'https://www.waitrose.com/ecom/shop/browse/groceries/toiletries_health_and_beauty/hair_care/shampoo', 'waitrose_rating': None, 'waitrose_unit_price': '(£7.20/100ml)', 'waitrose_new_flag': None, 'waitrose_prod_name': 'Percy & Reed Hydrating Shampoo 250ml', 'images': []}
DEBUG: Scraped from <200 https://www.waitrose.com/ecom/shop/browse/groceries/toiletries_health_and_beauty/hair_care/shampoo>
{'client': 'Waitrose', 'time': datetime.datetime(2020, 9, 11, 10, 9, 35, 813034), 'category': 'Shampoo', 'id': 'tPp855732-695986-695987', 'prod_name': 'Hair Biology De-Frizz Shampoo', 'waitrose_Qty': '250ml', 'waitrose_discounted_price': '£4.50', 'waitrose_offer_desc': None, 'waitrose_url': 'https://www.waitrose.com/ecom/shop/browse/groceries/toiletries_health_and_beauty/hair_care/shampoo', 'waitrose_rating': None, 'waitrose_unit_price': '(£1.80/100ml)', 'waitrose_new_flag': None, 'waitrose_prod_name': 'Hair Biology De-Frizz Shampoo 250ml', 'images': []}
DEBUG: Scraped from <200 https://www.waitrose.com/ecom/shop/browse/groceries/toiletries_health_and_beauty/hair_care/shampoo>
{'client': 'Waitrose', 'time': datetime.datetime(2020, 9, 11, 10, 9, 35, 813034), 'category': 'Shampoo', 'id': 'tPp734002-695705-695706', 'prod_name': 'Percy & Reed Wonder Wash Shampoo', 'waitrose_Qty': '250ml', 'waitrose_discounted_price': '£18.00', 'waitrose_offer_desc': None, 'waitrose_url': 'https://www.waitrose.com/ecom/shop/browse/groceries/toiletries_health_and_beauty/hair_care/shampoo', 'waitrose_rating': '4.1', 'waitrose_unit_price': '(£7.20/100ml)', 'waitrose_new_flag': None, 'waitrose_prod_name': 'Percy & Reed Wonder Wash Shampoo 250ml', 'images': []}
DEBUG: Scraped from <200 https://www.waitrose.com/ecom/shop/browse/groceries/toiletries_health_and_beauty/hair_care/shampoo>
{'client': 'Waitrose', 'time': datetime.datetime(2020, 9, 11, 10, 9, 35, 813034), 'category': 'Shampoo', 'id': 'tPp591666-681031-681032', 'prod_name': 'Pure Grace Shower Gel', 'waitrose_Qty': '480ml', 'waitrose_discounted_price': '£19.50', 'waitrose_offer_desc': None, 'waitrose_url': 'https://www.waitrose.com/ecom/shop/browse/groceries/toiletries_health_and_beauty/hair_care/shampoo', 'waitrose_rating': None, 'waitrose_unit_price': '(£4.07/100ml)', 'waitrose_new_flag': None, 'waitrose_prod_name': 'Pure Grace Shower Gel 480ml', 'images': []}
DEBUG: Scraped from <200 https://www.waitrose.com/ecom/shop/browse/groceries/toiletries_health_and_beauty/hair_care/shampoo>
{'client': 'Waitrose', 'time': datetime.datetime(2020, 9, 11, 10, 9, 35, 813034), 'category': 'Shampoo', 'id': 'tPp809690-337194-337195', 'prod_name': 'Head & Shoulders 2in1 Itchy Scalp', 'waitrose_Qty': '450ml', 'waitrose_discounted_price': '£5.15', 'waitrose_offer_desc': None, 'waitrose_url': 'https://www.waitrose.com/ecom/shop/browse/groceries/toiletries_health_and_beauty/hair_care/shampoo', 'waitrose_rating': '5', 'waitrose_unit_price': '(£1.15/100ml)', 'waitrose_new_flag': None, 'waitrose_prod_name': 'Head & Shoulders 2in1 Itchy Scalp 450ml', 'images': []}
DEBUG: Scraped from <200 https://www.waitrose.com/ecom/shop/browse/groceries/toiletries_health_and_beauty/hair_care/shampoo>
{'client': 'Waitrose', 'time': datetime.datetime(2020, 9, 11, 10, 9, 35, 813034), 'category': 'Shampoo', 'id': 'tPp834106-299691-299692', 'prod_name': 'Head & Shoulders 2in1 smooth & silky', 'waitrose_Qty': '450ml', 'waitrose_discounted_price': '£5.00', 'waitrose_offer_desc': None, 'waitrose_url': 'https://www.waitrose.com/ecom/shop/browse/groceries/toiletries_health_and_beauty/hair_care/shampoo', 'waitrose_rating': None, 'waitrose_unit_price': '(£1.12/100ml)', 'waitrose_new_flag': None, 'waitrose_prod_name': 'Head & Shoulders 2in1 smooth & silky 450ml', 'images': []}
INFO: Closing spider (finished)
INFO: Stored json feed (138 items) in: waitrose_091120.json
INFO: Dumping Scrapy stats:
{'downloader/request_bytes': 2588,
 'downloader/request_count': 1,
 'downloader/request_method_count/POST': 1,
 'downloader/response_bytes': 1679550,
 'downloader/response_count': 1,
 'downloader/response_status_count/200': 1,
 'finish_reason': 'finished',
 'finish_time': datetime.datetime(2020, 9, 11, 4, 40, 55, 160113),
 'item_scraped_count': 138,
 'log_count/DEBUG': 139,
 'log_count/INFO': 11,
 'log_count/WARNING': 1,
 'response_received_count': 1,
 'scheduler/dequeued': 2,
 'scheduler/dequeued/memory': 2,
 'scheduler/enqueued': 2,
 'scheduler/enqueued/memory': 2,
 'splash/execute/request_count': 1,
 'splash/execute/response_count/200': 1,
 'start_time': datetime.datetime(2020, 9, 11, 4, 39, 36, 198550)}
INFO: Spider closed (finished)
INFO: Scrapy 1.6.0 started (bot: waitrose)
INFO: Versions: lxml 4.5.1.0, libxml2 2.9.10, cssselect 1.1.0, parsel 1.6.0, w3lib 1.22.0, Twisted 20.3.0, Python 3.7.7 (default, May  6 2020, 11:45:54) [MSC v.1916 64 bit (AMD64)], pyOpenSSL 19.1.0 (OpenSSL 1.1.1g  21 Apr 2020), cryptography 2.9.2, Platform Windows-10-10.0.18362-SP0
INFO: Overridden settings: {'BOT_NAME': 'waitrose', 'DOWNLOAD_TIMEOUT': 1200, 'DUPEFILTER_CLASS': 'scrapy_splash.SplashAwareDupeFilter', 'FEED_EXPORT_ENCODING': 'utf-8', 'FEED_FORMAT': 'json', 'FEED_URI': 'waitrose_091320.json', 'NEWSPIDER_MODULE': 'waitrose.spiders', 'SPIDER_MODULES': ['waitrose.spiders']}
INFO: Telnet Password: dd7588843a8a2833
INFO: Enabled extensions:
['scrapy.extensions.corestats.CoreStats',
 'scrapy.extensions.telnet.TelnetConsole',
 'scrapy.extensions.feedexport.FeedExporter',
 'scrapy.extensions.logstats.LogStats']
INFO: Enabled downloader middlewares:
['scrapy.downloadermiddlewares.httpauth.HttpAuthMiddleware',
 'scrapy.downloadermiddlewares.downloadtimeout.DownloadTimeoutMiddleware',
 'scrapy.downloadermiddlewares.defaultheaders.DefaultHeadersMiddleware',
 'scrapy.downloadermiddlewares.useragent.UserAgentMiddleware',
 'scrapy.downloadermiddlewares.retry.RetryMiddleware',
 'scrapy.downloadermiddlewares.redirect.MetaRefreshMiddleware',
 'scrapy.downloadermiddlewares.redirect.RedirectMiddleware',
 'scrapy.downloadermiddlewares.cookies.CookiesMiddleware',
 'scrapy_splash.SplashCookiesMiddleware',
 'scrapy_splash.SplashMiddleware',
 'scrapy.downloadermiddlewares.httpproxy.HttpProxyMiddleware',
 'scrapy.downloadermiddlewares.httpcompression.HttpCompressionMiddleware',
 'scrapy.downloadermiddlewares.stats.DownloaderStats']
INFO: Enabled spider middlewares:
['scrapy.spidermiddlewares.httperror.HttpErrorMiddleware',
 'scrapy_splash.SplashDeduplicateArgsMiddleware',
 'scrapy.spidermiddlewares.offsite.OffsiteMiddleware',
 'scrapy.spidermiddlewares.referer.RefererMiddleware',
 'scrapy.spidermiddlewares.urllength.UrlLengthMiddleware',
 'scrapy.spidermiddlewares.depth.DepthMiddleware']
INFO: Enabled item pipelines:
['waitrose.pipelines.ImageDownloaderPipeline',
 'waitrose.pipelines.SQLlitePipeline']
INFO: Spider opened
INFO: Crawled 0 pages (at 0 pages/min), scraped 0 items (at 0 items/min)
WARNING: C:\Users\sujithk\AppData\Local\Continuum\anaconda3\envs\Virtual_Env\lib\site-packages\scrapy\spidermiddlewares\offsite.py:61: URLWarning: allowed_domains accepts only domains, not URLs. Ignoring URL entry https://www.waitrose.com/ in allowed_domains.
  warnings.warn(message, URLWarning)

INFO: Telnet console listening on 127.0.0.1:6025
INFO: Crawled 0 pages (at 0 pages/min), scraped 0 items (at 0 items/min)
DEBUG: Crawled (200) <GET https://www.waitrose.com/ecom/shop/browse/groceries/toiletries_health_and_beauty/hair_care/shampoo via http://192.168.1.7:8050/execute> (referer: None)
DEBUG: Scraped from <200 https://www.waitrose.com/ecom/shop/browse/groceries/toiletries_health_and_beauty/hair_care/shampoo>
{'client': 'Waitrose', 'time': datetime.datetime(2020, 9, 13, 22, 23, 31, 169458), 'category': 'Shampoo', 'id': 'tPp096508-49364-49365', 'prod_name': 'Aussie Miracle Moist Shampoo', 'waitrose_Qty': '300ml', 'waitrose_discounted_price': '£2.05', 'waitrose_offer_desc': 'Half Price.', 'waitrose_url': 'https://www.waitrose.com/ecom/shop/browse/groceries/toiletries_health_and_beauty/hair_care/shampoo', 'waitrose_rating': '3.7', 'waitrose_unit_price': '(68.3p/100ml)', 'waitrose_new_flag': None, 'waitrose_prod_name': 'Aussie Miracle Moist Shampoo 300ml', 'images': []}
DEBUG: Scraped from <200 https://www.waitrose.com/ecom/shop/browse/groceries/toiletries_health_and_beauty/hair_care/shampoo>
{'client': 'Waitrose', 'time': datetime.datetime(2020, 9, 13, 22, 23, 31, 169458), 'category': 'Shampoo', 'id': 'tPp059421-29947-29948', 'prod_name': 'Aussie Aussome Volume Shampoo', 'waitrose_Qty': '300ml', 'waitrose_discounted_price': '£2.00', 'waitrose_offer_desc': 'Half Price.', 'waitrose_url': 'https://www.waitrose.com/ecom/shop/browse/groceries/toiletries_health_and_beauty/hair_care/shampoo', 'waitrose_rating': '5', 'waitrose_unit_price': '(66.7p/100ml)', 'waitrose_new_flag': None, 'waitrose_prod_name': 'Aussie Aussome Volume Shampoo 300ml', 'images': []}
DEBUG: Scraped from <200 https://www.waitrose.com/ecom/shop/browse/groceries/toiletries_health_and_beauty/hair_care/shampoo>
{'client': 'Waitrose', 'time': datetime.datetime(2020, 9, 13, 22, 23, 31, 169458), 'category': 'Shampoo', 'id': 'tPp096232-49248-49249', 'prod_name': 'Aussie Mega Shampoo', 'waitrose_Qty': '300ml', 'waitrose_discounted_price': '£2.05', 'waitrose_offer_desc': 'Half Price.', 'waitrose_url': 'https://www.waitrose.com/ecom/shop/browse/groceries/toiletries_health_and_beauty/hair_care/shampoo', 'waitrose_rating': '2.5', 'waitrose_unit_price': '(68.3p/100ml)', 'waitrose_new_flag': None, 'waitrose_prod_name': 'Aussie Mega Shampoo 300ml', 'images': []}
DEBUG: Scraped from <200 https://www.waitrose.com/ecom/shop/browse/groceries/toiletries_health_and_beauty/hair_care/shampoo>
{'client': 'Waitrose', 'time': datetime.datetime(2020, 9, 13, 22, 23, 31, 169458), 'category': 'Shampoo', 'id': 'tPp092708-47659-47660', 'prod_name': 'Vosene Original Shampoo', 'waitrose_Qty': '250ml', 'waitrose_discounted_price': '£1.36', 'waitrose_offer_desc': 'Save 1/3.', 'waitrose_url': 'https://www.waitrose.com/ecom/shop/browse/groceries/toiletries_health_and_beauty/hair_care/shampoo', 'waitrose_rating': '5', 'waitrose_unit_price': '(54.4p/100ml)', 'waitrose_new_flag': None, 'waitrose_prod_name': 'Vosene Original Shampoo 250ml', 'images': []}
DEBUG: Scraped from <200 https://www.waitrose.com/ecom/shop/browse/groceries/toiletries_health_and_beauty/hair_care/shampoo>
{'client': 'Waitrose', 'time': datetime.datetime(2020, 9, 13, 22, 23, 31, 169458), 'category': 'Shampoo', 'id': 'tPp092708-47659-47660', 'prod_name': 'Vosene Original Shampoo', 'waitrose_Qty': '250ml', 'waitrose_discounted_price': '£1.36', 'waitrose_offer_desc': 'Save 1/3.', 'waitrose_url': 'https://www.waitrose.com/ecom/shop/browse/groceries/toiletries_health_and_beauty/hair_care/shampoo', 'waitrose_rating': '5', 'waitrose_unit_price': '(54.4p/100ml)', 'waitrose_new_flag': None, 'waitrose_prod_name': 'Vosene Original Shampoo 250ml', 'images': []}
DEBUG: Scraped from <200 https://www.waitrose.com/ecom/shop/browse/groceries/toiletries_health_and_beauty/hair_care/shampoo>
{'client': 'Waitrose', 'time': datetime.datetime(2020, 9, 13, 22, 23, 31, 169458), 'category': 'Shampoo', 'id': 'tPp799806-683814-683815', 'prod_name': 'Tresemmé Shampoo Moisture Rich', 'waitrose_Qty': '800ml', 'waitrose_discounted_price': '£2.75', 'waitrose_offer_desc': 'Half Price.', 'waitrose_url': 'https://www.waitrose.com/ecom/shop/browse/groceries/toiletries_health_and_beauty/hair_care/shampoo', 'waitrose_rating': None, 'waitrose_unit_price': '(34.4p/100ml)', 'waitrose_new_flag': None, 'waitrose_prod_name': 'Tresemmé Shampoo Moisture Rich 800ml', 'images': []}
DEBUG: Scraped from <200 https://www.waitrose.com/ecom/shop/browse/groceries/toiletries_health_and_beauty/hair_care/shampoo>
{'client': 'Waitrose', 'time': datetime.datetime(2020, 9, 13, 22, 23, 31, 169458), 'category': 'Shampoo', 'id': 'tPp639145-337007-337008', 'prod_name': 'Tresemmé Shampoo Deep Cleansing', 'waitrose_Qty': '800ml', 'waitrose_discounted_price': '£2.75', 'waitrose_offer_desc': 'Half Price.', 'waitrose_url': 'https://www.waitrose.com/ecom/shop/browse/groceries/toiletries_health_and_beauty/hair_care/shampoo', 'waitrose_rating': '5', 'waitrose_unit_price': '(34.4p/100ml)', 'waitrose_new_flag': None, 'waitrose_prod_name': 'Tresemmé Shampoo Deep Cleansing 800ml', 'images': []}
DEBUG: Scraped from <200 https://www.waitrose.com/ecom/shop/browse/groceries/toiletries_health_and_beauty/hair_care/shampoo>
{'client': 'Waitrose', 'time': datetime.datetime(2020, 9, 13, 22, 23, 31, 169458), 'category': 'Shampoo', 'id': 'tPp083596-42439-42440', 'prod_name': 'Aussie Colour Mate Shampoo', 'waitrose_Qty': '300ml', 'waitrose_discounted_price': '£2.05', 'waitrose_offer_desc': 'Half Price.', 'waitrose_url': 'https://www.waitrose.com/ecom/shop/browse/groceries/toiletries_health_and_beauty/hair_care/shampoo', 'waitrose_rating': '5', 'waitrose_unit_price': '(68.3p/100ml)', 'waitrose_new_flag': None, 'waitrose_prod_name': 'Aussie Colour Mate Shampoo 300ml', 'images': []}
DEBUG: Scraped from <200 https://www.waitrose.com/ecom/shop/browse/groceries/toiletries_health_and_beauty/hair_care/shampoo>
{'client': 'Waitrose', 'time': datetime.datetime(2020, 9, 13, 22, 23, 31, 169458), 'category': 'Shampoo', 'id': 'tPp364793-255761-255762', 'prod_name': 'Aussie Miracle Shine Shampoo', 'waitrose_Qty': '300ml', 'waitrose_discounted_price': '£2.00', 'waitrose_offer_desc': 'Half Price.', 'waitrose_url': 'https://www.waitrose.com/ecom/shop/browse/groceries/toiletries_health_and_beauty/hair_care/shampoo', 'waitrose_rating': None, 'waitrose_unit_price': '(66.7p/100ml)', 'waitrose_new_flag': None, 'waitrose_prod_name': 'Aussie Miracle Shine Shampoo 300ml', 'images': []}
DEBUG: Scraped from <200 https://www.waitrose.com/ecom/shop/browse/groceries/toiletries_health_and_beauty/hair_care/shampoo>
{'client': 'Waitrose', 'time': datetime.datetime(2020, 9, 13, 22, 23, 31, 169458), 'category': 'Shampoo', 'id': 'tPp819563-729788-729789', 'prod_name': 'Aussie Blonde Purple Shampoo', 'waitrose_Qty': '290ml', 'waitrose_discounted_price': '£2.99', 'waitrose_offer_desc': 'Half Price.', 'waitrose_url': 'https://www.waitrose.com/ecom/shop/browse/groceries/toiletries_health_and_beauty/hair_care/shampoo', 'waitrose_rating': None, 'waitrose_unit_price': '(£1.04/100ml)', 'waitrose_new_flag': None, 'waitrose_prod_name': 'Aussie Blonde Purple Shampoo 290ml', 'images': []}
DEBUG: Scraped from <200 https://www.waitrose.com/ecom/shop/browse/groceries/toiletries_health_and_beauty/hair_care/shampoo>
{'client': 'Waitrose', 'time': datetime.datetime(2020, 9, 13, 22, 23, 31, 169458), 'category': 'Shampoo', 'id': 'tPp819340-720339-720340', 'prod_name': 'Head & Shoulders Supreme Shampoo', 'waitrose_Qty': '400ml', 'waitrose_discounted_price': '£3.33', 'waitrose_offer_desc': 'Save 1/3.', 'waitrose_url': 'https://www.waitrose.com/ecom/shop/browse/groceries/toiletries_health_and_beauty/hair_care/shampoo', 'waitrose_rating': None, 'waitrose_unit_price': '(83.3p/100ml)', 'waitrose_new_flag': None, 'waitrose_prod_name': 'Head & Shoulders Supreme Shampoo 400ml', 'images': []}
DEBUG: Scraped from <200 https://www.waitrose.com/ecom/shop/browse/groceries/toiletries_health_and_beauty/hair_care/shampoo>
{'client': 'Waitrose', 'time': datetime.datetime(2020, 9, 13, 22, 23, 31, 169458), 'category': 'Shampoo', 'id': 'tPp610920-86669-86670', 'prod_name': 'Sheer Blonde Go Blonder Shampoo', 'waitrose_Qty': '250ml', 'waitrose_discounted_price': '£3.99', 'waitrose_offer_desc': 'Save 1/3.', 'waitrose_url': 'https://www.waitrose.com/ecom/shop/browse/groceries/toiletries_health_and_beauty/hair_care/shampoo', 'waitrose_rating': '3.5', 'waitrose_unit_price': '(£1.60/100ml)', 'waitrose_new_flag': None, 'waitrose_prod_name': 'Sheer Blonde Go Blonder Shampoo 250ml', 'images': []}
DEBUG: Scraped from <200 https://www.waitrose.com/ecom/shop/browse/groceries/toiletries_health_and_beauty/hair_care/shampoo>
{'client': 'Waitrose', 'time': datetime.datetime(2020, 9, 13, 22, 23, 31, 169458), 'category': 'Shampoo', 'id': 'tPp011495-5706-5707', 'prod_name': 'John Frieda Shampoo Touchably Full', 'waitrose_Qty': '250ml', 'waitrose_discounted_price': '£3.99', 'waitrose_offer_desc': 'Save 1/3.', 'waitrose_url': 'https://www.waitrose.com/ecom/shop/browse/groceries/toiletries_health_and_beauty/hair_care/shampoo', 'waitrose_rating': '4', 'waitrose_unit_price': '(£1.60/100ml)', 'waitrose_new_flag': None, 'waitrose_prod_name': 'John Frieda Shampoo Touchably Full 250ml', 'images': []}
DEBUG: Scraped from <200 https://www.waitrose.com/ecom/shop/browse/groceries/toiletries_health_and_beauty/hair_care/shampoo>
{'client': 'Waitrose', 'time': datetime.datetime(2020, 9, 13, 22, 23, 31, 169458), 'category': 'Shampoo', 'id': 'tPp433216-720111-720112', 'prod_name': 'John Frieda Hydrate & Recharge Shampoo', 'waitrose_Qty': '250ml', 'waitrose_discounted_price': '£3.99', 'waitrose_offer_desc': 'Save 1/3.', 'waitrose_url': 'https://www.waitrose.com/ecom/shop/browse/groceries/toiletries_health_and_beauty/hair_care/shampoo', 'waitrose_rating': None, 'waitrose_unit_price': '(£1.60/100ml)', 'waitrose_new_flag': None, 'waitrose_prod_name': 'John Frieda Hydrate & Recharge Shampoo 250ml', 'images': []}
DEBUG: Scraped from <200 https://www.waitrose.com/ecom/shop/browse/groceries/toiletries_health_and_beauty/hair_care/shampoo>
{'client': 'Waitrose', 'time': datetime.datetime(2020, 9, 13, 22, 23, 31, 169458), 'category': 'Shampoo', 'id': 'tPp775870-724036-724037', 'prod_name': 'Faith in Nature Wild Rose Shampoo', 'waitrose_Qty': '400ml', 'waitrose_discounted_price': '£3.86', 'waitrose_offer_desc': 'Save 1/3.', 'waitrose_url': 'https://www.waitrose.com/ecom/shop/browse/groceries/toiletries_health_and_beauty/hair_care/shampoo', 'waitrose_rating': '5', 'waitrose_unit_price': '(96.5p/100ml)', 'waitrose_new_flag': None, 'waitrose_prod_name': 'Faith in Nature Wild Rose Shampoo 400ml', 'images': []}
DEBUG: Scraped from <200 https://www.waitrose.com/ecom/shop/browse/groceries/toiletries_health_and_beauty/hair_care/shampoo>
{'client': 'Waitrose', 'time': datetime.datetime(2020, 9, 13, 22, 23, 31, 169458), 'category': 'Shampoo', 'id': 'tPp494340-69860-69861', 'prod_name': "Neal's Yard Rose Shampoo", 'waitrose_Qty': '200ml', 'waitrose_discounted_price': '£7.66', 'waitrose_offer_desc': 'Save 1/3.', 'waitrose_url': 'https://www.waitrose.com/ecom/shop/browse/groceries/toiletries_health_and_beauty/hair_care/shampoo', 'waitrose_rating': '3.1', 'waitrose_unit_price': '(£3.83/100ml)', 'waitrose_new_flag': None, 'waitrose_prod_name': "Neal's Yard Rose Shampoo 200ml", 'images': []}
DEBUG: Scraped from <200 https://www.waitrose.com/ecom/shop/browse/groceries/toiletries_health_and_beauty/hair_care/shampoo>
{'client': 'Waitrose', 'time': datetime.datetime(2020, 9, 13, 22, 23, 31, 169458), 'category': 'Shampoo', 'id': 'tPp502437-720153-720154', 'prod_name': 'Aussie Calm The Frizz Shampoo', 'waitrose_Qty': '300ml', 'waitrose_discounted_price': '£2.00', 'waitrose_offer_desc': 'Half Price.', 'waitrose_url': 'https://www.waitrose.com/ecom/shop/browse/groceries/toiletries_health_and_beauty/hair_care/shampoo', 'waitrose_rating': None, 'waitrose_unit_price': '(66.7p/100ml)', 'waitrose_new_flag': None, 'waitrose_prod_name': 'Aussie Calm The Frizz Shampoo 300ml', 'images': []}
DEBUG: Scraped from <200 https://www.waitrose.com/ecom/shop/browse/groceries/toiletries_health_and_beauty/hair_care/shampoo>
{'client': 'Waitrose', 'time': datetime.datetime(2020, 9, 13, 22, 23, 31, 169458), 'category': 'Shampoo', 'id': 'tPp595050-720203-720204', 'prod_name': 'Herbal Essences Coconut Shampoo', 'waitrose_Qty': '250ml', 'waitrose_discounted_price': '£2.00', 'waitrose_offer_desc': 'Save 1/3.', 'waitrose_url': 'https://www.waitrose.com/ecom/shop/browse/groceries/toiletries_health_and_beauty/hair_care/shampoo', 'waitrose_rating': None, 'waitrose_unit_price': '(80p/100ml)', 'waitrose_new_flag': None, 'waitrose_prod_name': 'Herbal Essences Coconut Shampoo 250ml', 'images': []}
DEBUG: Scraped from <200 https://www.waitrose.com/ecom/shop/browse/groceries/toiletries_health_and_beauty/hair_care/shampoo>
{'client': 'Waitrose', 'time': datetime.datetime(2020, 9, 13, 22, 23, 31, 169458), 'category': 'Shampoo', 'id': 'tPp455905-591789-591790', 'prod_name': 'Herbal Essences clean Shampoo', 'waitrose_Qty': '400ml', 'waitrose_discounted_price': '£4.50', 'waitrose_offer_desc': None, 'waitrose_url': 'https://www.waitrose.com/ecom/shop/browse/groceries/toiletries_health_and_beauty/hair_care/shampoo', 'waitrose_rating': None, 'waitrose_unit_price': '(£1.13/100ml)', 'waitrose_new_flag': None, 'waitrose_prod_name': 'Herbal Essences clean Shampoo 400ml', 'images': []}
DEBUG: Scraped from <200 https://www.waitrose.com/ecom/shop/browse/groceries/toiletries_health_and_beauty/hair_care/shampoo>
{'client': 'Waitrose', 'time': datetime.datetime(2020, 9, 13, 22, 23, 31, 169458), 'category': 'Shampoo', 'id': 'tPp833802-337290-337291', 'prod_name': 'Aussie Miracle Moist Spray', 'waitrose_Qty': '250ml', 'waitrose_discounted_price': '£2.57', 'waitrose_offer_desc': 'Half Price.', 'waitrose_url': 'https://www.waitrose.com/ecom/shop/browse/groceries/toiletries_health_and_beauty/hair_care/shampoo', 'waitrose_rating': None, 'waitrose_unit_price': '(£1.03/100ml)', 'waitrose_new_flag': None, 'waitrose_prod_name': 'Aussie Miracle Moist Spray 250ml', 'images': []}
DEBUG: Scraped from <200 https://www.waitrose.com/ecom/shop/browse/groceries/toiletries_health_and_beauty/hair_care/shampoo>
{'client': 'Waitrose', 'time': datetime.datetime(2020, 9, 13, 22, 23, 31, 169458), 'category': 'Shampoo', 'id': 'tPp538896-720173-720174', 'prod_name': 'Herbal Essences Argan Oil Shampoo', 'waitrose_Qty': '250ml', 'waitrose_discounted_price': '£2.00', 'waitrose_offer_desc': 'Save 1/3.', 'waitrose_url': 'https://www.waitrose.com/ecom/shop/browse/groceries/toiletries_health_and_beauty/hair_care/shampoo', 'waitrose_rating': None, 'waitrose_unit_price': '(80p/100ml)', 'waitrose_new_flag': None, 'waitrose_prod_name': 'Herbal Essences Argan Oil Shampoo 250ml', 'images': []}
DEBUG: Scraped from <200 https://www.waitrose.com/ecom/shop/browse/groceries/toiletries_health_and_beauty/hair_care/shampoo>
{'client': 'Waitrose', 'time': datetime.datetime(2020, 9, 13, 22, 23, 31, 169458), 'category': 'Shampoo', 'id': 'tPp747801-683764-683765', 'prod_name': 'Aussie Shampoo Scent-sational', 'waitrose_Qty': '300ml', 'waitrose_discounted_price': '£2.00', 'waitrose_offer_desc': 'Half Price.', 'waitrose_url': 'https://www.waitrose.com/ecom/shop/browse/groceries/toiletries_health_and_beauty/hair_care/shampoo', 'waitrose_rating': '5', 'waitrose_unit_price': '(66.7p/100ml)', 'waitrose_new_flag': None, 'waitrose_prod_name': 'Aussie Shampoo Scent-sational 300ml', 'images': []}
DEBUG: Scraped from <200 https://www.waitrose.com/ecom/shop/browse/groceries/toiletries_health_and_beauty/hair_care/shampoo>
{'client': 'Waitrose', 'time': datetime.datetime(2020, 9, 13, 22, 23, 31, 169458), 'category': 'Shampoo', 'id': 'tPp847454-724141-724142', 'prod_name': 'Faith in Nature Grapefruit Shampoo', 'waitrose_Qty': '400ml', 'waitrose_discounted_price': '£3.86', 'waitrose_offer_desc': 'Save 1/3.', 'waitrose_url': 'https://www.waitrose.com/ecom/shop/browse/groceries/toiletries_health_and_beauty/hair_care/shampoo', 'waitrose_rating': '5', 'waitrose_unit_price': '(96.5p/100ml)', 'waitrose_new_flag': None, 'waitrose_prod_name': 'Faith in Nature Grapefruit Shampoo 400ml', 'images': []}
DEBUG: Scraped from <200 https://www.waitrose.com/ecom/shop/browse/groceries/toiletries_health_and_beauty/hair_care/shampoo>
{'client': 'Waitrose', 'time': datetime.datetime(2020, 9, 13, 22, 23, 31, 169458), 'category': 'Shampoo', 'id': 'tPp583946-82773-82774', 'prod_name': "Neal's Yard Lavender Shampoo", 'waitrose_Qty': '200ml', 'waitrose_discounted_price': '£7.66', 'waitrose_offer_desc': 'Save 1/3.', 'waitrose_url': 'https://www.waitrose.com/ecom/shop/browse/groceries/toiletries_health_and_beauty/hair_care/shampoo', 'waitrose_rating': '2.3', 'waitrose_unit_price': '(£3.83/100ml)', 'waitrose_new_flag': None, 'waitrose_prod_name': "Neal's Yard Lavender Shampoo 200ml", 'images': []}
DEBUG: Scraped from <200 https://www.waitrose.com/ecom/shop/browse/groceries/toiletries_health_and_beauty/hair_care/shampoo>
{'client': 'Waitrose', 'time': datetime.datetime(2020, 9, 13, 22, 23, 31, 169458), 'category': 'Shampoo', 'id': 'tPp702159-494964-494965', 'prod_name': 'DGJ Argan Oil Shampoo', 'waitrose_Qty': '250ml', 'waitrose_discounted_price': '£2.50', 'waitrose_offer_desc': 'Half Price.', 'waitrose_url': 'https://www.waitrose.com/ecom/shop/browse/groceries/toiletries_health_and_beauty/hair_care/shampoo', 'waitrose_rating': None, 'waitrose_unit_price': '(£1/100ml)', 'waitrose_new_flag': None, 'waitrose_prod_name': 'DGJ Argan Oil Shampoo 250ml', 'images': []}
DEBUG: Scraped from <200 https://www.waitrose.com/ecom/shop/browse/groceries/toiletries_health_and_beauty/hair_care/shampoo>
{'client': 'Waitrose', 'time': datetime.datetime(2020, 9, 13, 22, 23, 31, 169458), 'category': 'Shampoo', 'id': 'tPp735040-695707-695708', 'prod_name': 'Vosene Kids 3in1 Tea Tree Shampoo', 'waitrose_Qty': '250ml', 'waitrose_discounted_price': '£1.66', 'waitrose_offer_desc': 'Save 1/3.', 'waitrose_url': 'https://www.waitrose.com/ecom/shop/browse/groceries/toiletries_health_and_beauty/hair_care/shampoo', 'waitrose_rating': None, 'waitrose_unit_price': '(66.4p/100ml)', 'waitrose_new_flag': None, 'waitrose_prod_name': 'Vosene Kids 3in1 Tea Tree Shampoo 250ml', 'images': []}
DEBUG: Scraped from <200 https://www.waitrose.com/ecom/shop/browse/groceries/toiletries_health_and_beauty/hair_care/shampoo>
{'client': 'Waitrose', 'time': datetime.datetime(2020, 9, 13, 22, 23, 31, 169458), 'category': 'Shampoo', 'id': 'tPp425124-59787-59788', 'prod_name': 'Brilliant Brunette Protecting Shampoo', 'waitrose_Qty': '250ml', 'waitrose_discounted_price': '£3.99', 'waitrose_offer_desc': 'Save 1/3.', 'waitrose_url': 'https://www.waitrose.com/ecom/shop/browse/groceries/toiletries_health_and_beauty/hair_care/shampoo', 'waitrose_rating': None, 'waitrose_unit_price': '(£1.60/100ml)', 'waitrose_new_flag': None, 'waitrose_prod_name': 'Brilliant Brunette Protecting Shampoo 250ml', 'images': []}
DEBUG: Scraped from <200 https://www.waitrose.com/ecom/shop/browse/groceries/toiletries_health_and_beauty/hair_care/shampoo>
{'client': 'Waitrose', 'time': datetime.datetime(2020, 9, 13, 22, 23, 31, 169458), 'category': 'Shampoo', 'id': 'tPp425163-526469-526470', 'prod_name': 'Frizz Ease Shampoo Miraculous Recovery', 'waitrose_Qty': '250ml', 'waitrose_discounted_price': '£3.99', 'waitrose_offer_desc': 'Save 1/3.', 'waitrose_url': 'https://www.waitrose.com/ecom/shop/browse/groceries/toiletries_health_and_beauty/hair_care/shampoo', 'waitrose_rating': None, 'waitrose_unit_price': '(£1.60/100ml)', 'waitrose_new_flag': None, 'waitrose_prod_name': 'Frizz Ease Shampoo Miraculous Recovery 250ml', 'images': []}
DEBUG: Scraped from <200 https://www.waitrose.com/ecom/shop/browse/groceries/toiletries_health_and_beauty/hair_care/shampoo>
{'client': 'Waitrose', 'time': datetime.datetime(2020, 9, 13, 22, 23, 31, 169458), 'category': 'Shampoo', 'id': 'tPp701301-99532-99533', 'prod_name': 'Essential Daily Care Shampoo', 'waitrose_Qty': '300ml', 'waitrose_discounted_price': '80p', 'waitrose_offer_desc': None, 'waitrose_url': 'https://www.waitrose.com/ecom/shop/browse/groceries/toiletries_health_and_beauty/hair_care/shampoo', 'waitrose_rating': '4.1', 'waitrose_unit_price': '(26.7p/100ml)', 'waitrose_new_flag': None, 'waitrose_prod_name': 'Essential Daily Care Shampoo 300ml', 'images': []}
DEBUG: Scraped from <200 https://www.waitrose.com/ecom/shop/browse/groceries/toiletries_health_and_beauty/hair_care/shampoo>
{'client': 'Waitrose', 'time': datetime.datetime(2020, 9, 13, 22, 23, 31, 169458), 'category': 'Shampoo', 'id': 'tPp725068-723986-723987', 'prod_name': 'Faith in Nature Lavender Shampoo', 'waitrose_Qty': '400ml', 'waitrose_discounted_price': '£3.86', 'waitrose_offer_desc': 'Save 1/3.', 'waitrose_url': 'https://www.waitrose.com/ecom/shop/browse/groceries/toiletries_health_and_beauty/hair_care/shampoo', 'waitrose_rating': None, 'waitrose_unit_price': '(96.5p/100ml)', 'waitrose_new_flag': None, 'waitrose_prod_name': 'Faith in Nature Lavender Shampoo 400ml', 'images': []}
DEBUG: Scraped from <200 https://www.waitrose.com/ecom/shop/browse/groceries/toiletries_health_and_beauty/hair_care/shampoo>
{'client': 'Waitrose', 'time': datetime.datetime(2020, 9, 13, 22, 23, 31, 169458), 'category': 'Shampoo', 'id': 'tPp865734-216867-216868', 'prod_name': 'Ogx Argan Oil of Morocco Shampoo', 'waitrose_Qty': '385ml', 'waitrose_discounted_price': '£7.00', 'waitrose_offer_desc': None, 'waitrose_url': 'https://www.waitrose.com/ecom/shop/browse/groceries/toiletries_health_and_beauty/hair_care/shampoo', 'waitrose_rating': '3.4', 'waitrose_unit_price': '(£1.82/100ml)', 'waitrose_new_flag': None, 'waitrose_prod_name': 'Ogx Argan Oil of Morocco Shampoo 385ml', 'images': []}
DEBUG: Scraped from <200 https://www.waitrose.com/ecom/shop/browse/groceries/toiletries_health_and_beauty/hair_care/shampoo>
{'client': 'Waitrose', 'time': datetime.datetime(2020, 9, 13, 22, 23, 31, 169458), 'category': 'Shampoo', 'id': 'tPp745828-495012-495013', 'prod_name': 'DGJ Kids Lice Repel Shampoo', 'waitrose_Qty': '250ml', 'waitrose_discounted_price': '£1.75', 'waitrose_offer_desc': 'Half Price.', 'waitrose_url': 'https://www.waitrose.com/ecom/shop/browse/groceries/toiletries_health_and_beauty/hair_care/shampoo', 'waitrose_rating': None, 'waitrose_unit_price': '(70p/100ml)', 'waitrose_new_flag': None, 'waitrose_prod_name': 'DGJ Kids Lice Repel Shampoo 250ml', 'images': []}
DEBUG: Scraped from <200 https://www.waitrose.com/ecom/shop/browse/groceries/toiletries_health_and_beauty/hair_care/shampoo>
{'client': 'Waitrose', 'time': datetime.datetime(2020, 9, 13, 22, 23, 31, 169458), 'category': 'Shampoo', 'id': 'tPp414862-695397-695398', 'prod_name': 'Noughty Wave Hello Shampoo', 'waitrose_Qty': '250ml', 'waitrose_discounted_price': '£4.66', 'waitrose_offer_desc': 'Save 1/3.', 'waitrose_url': 'https://www.waitrose.com/ecom/shop/browse/groceries/toiletries_health_and_beauty/hair_care/shampoo', 'waitrose_rating': None, 'waitrose_unit_price': '(£1.87/100ml)', 'waitrose_new_flag': None, 'waitrose_prod_name': 'Noughty Wave Hello Shampoo 250ml', 'images': []}
DEBUG: Scraped from <200 https://www.waitrose.com/ecom/shop/browse/groceries/toiletries_health_and_beauty/hair_care/shampoo>
{'client': 'Waitrose', 'time': datetime.datetime(2020, 9, 13, 22, 23, 31, 169458), 'category': 'Shampoo', 'id': 'tPp065299-33095-33096', 'prod_name': 'Frizz Ease Dream Curls Shampoo', 'waitrose_Qty': '250ml', 'waitrose_discounted_price': '£3.99', 'waitrose_offer_desc': 'Save 1/3.', 'waitrose_url': 'https://www.waitrose.com/ecom/shop/browse/groceries/toiletries_health_and_beauty/hair_care/shampoo', 'waitrose_rating': '5', 'waitrose_unit_price': '(£1.60/100ml)', 'waitrose_new_flag': None, 'waitrose_prod_name': 'Frizz Ease Dream Curls Shampoo 250ml', 'images': []}
DEBUG: Scraped from <200 https://www.waitrose.com/ecom/shop/browse/groceries/toiletries_health_and_beauty/hair_care/shampoo>
{'client': 'Waitrose', 'time': datetime.datetime(2020, 9, 13, 22, 23, 31, 169458), 'category': 'Shampoo', 'id': 'tPp639366-90822-90823', 'prod_name': 'Head & Shoulders Shampoo Classic', 'waitrose_Qty': '500ml', 'waitrose_discounted_price': '£5.15', 'waitrose_offer_desc': None, 'waitrose_url': 'https://www.waitrose.com/ecom/shop/browse/groceries/toiletries_health_and_beauty/hair_care/shampoo', 'waitrose_rating': '3.5', 'waitrose_unit_price': '(£1.03/100ml)', 'waitrose_new_flag': None, 'waitrose_prod_name': 'Head & Shoulders Shampoo Classic 500ml', 'images': []}
DEBUG: Scraped from <200 https://www.waitrose.com/ecom/shop/browse/groceries/toiletries_health_and_beauty/hair_care/shampoo>
{'client': 'Waitrose', 'time': datetime.datetime(2020, 9, 13, 22, 23, 31, 169458), 'category': 'Shampoo', 'id': 'tPp810201-352482-352483', 'prod_name': 'Essential Daily Care 2 in 1', 'waitrose_Qty': '300ml', 'waitrose_discounted_price': '80p', 'waitrose_offer_desc': None, 'waitrose_url': 'https://www.waitrose.com/ecom/shop/browse/groceries/toiletries_health_and_beauty/hair_care/shampoo', 'waitrose_rating': '4.3', 'waitrose_unit_price': '(26.7p/100ml)', 'waitrose_new_flag': None, 'waitrose_prod_name': 'Essential Daily Care 2 in 1 300ml', 'images': []}
DEBUG: Scraped from <200 https://www.waitrose.com/ecom/shop/browse/groceries/toiletries_health_and_beauty/hair_care/shampoo>
{'client': 'Waitrose', 'time': datetime.datetime(2020, 9, 13, 22, 23, 31, 169458), 'category': 'Shampoo', 'id': 'tPp563832-295347-295348', 'prod_name': 'Argan + Argan Oil 5Oil Miracle Shampoo', 'waitrose_Qty': '300ml', 'waitrose_discounted_price': '£4.00', 'waitrose_offer_desc': 'Save 1/3.', 'waitrose_url': 'https://www.waitrose.com/ecom/shop/browse/groceries/toiletries_health_and_beauty/hair_care/shampoo', 'waitrose_rating': '5', 'waitrose_unit_price': '(£1.34/100ml)', 'waitrose_new_flag': None, 'waitrose_prod_name': 'Argan + Argan Oil 5Oil Miracle Shampoo 300ml', 'images': []}
DEBUG: Scraped from <200 https://www.waitrose.com/ecom/shop/browse/groceries/toiletries_health_and_beauty/hair_care/shampoo>
{'client': 'Waitrose', 'time': datetime.datetime(2020, 9, 13, 22, 23, 31, 169458), 'category': 'Shampoo', 'id': 'tPp535961-75786-75787', 'prod_name': 'essential Waitrose Nourishing Shampoo', 'waitrose_Qty': '300ml', 'waitrose_discounted_price': '80p', 'waitrose_offer_desc': None, 'waitrose_url': 'https://www.waitrose.com/ecom/shop/browse/groceries/toiletries_health_and_beauty/hair_care/shampoo', 'waitrose_rating': '4.3', 'waitrose_unit_price': '(26.7p/100ml)', 'waitrose_new_flag': None, 'waitrose_prod_name': 'essential Waitrose Nourishing Shampoo 300ml', 'images': []}
DEBUG: Scraped from <200 https://www.waitrose.com/ecom/shop/browse/groceries/toiletries_health_and_beauty/hair_care/shampoo>
{'client': 'Waitrose', 'time': datetime.datetime(2020, 9, 13, 22, 23, 31, 169458), 'category': 'Shampoo', 'id': 'tPp755186-495024-495025', 'prod_name': 'DGJ Colour Save Shampoo', 'waitrose_Qty': '250ml', 'waitrose_discounted_price': '£2.50', 'waitrose_offer_desc': 'Half Price.', 'waitrose_url': 'https://www.waitrose.com/ecom/shop/browse/groceries/toiletries_health_and_beauty/hair_care/shampoo', 'waitrose_rating': None, 'waitrose_unit_price': '(£1/100ml)', 'waitrose_new_flag': None, 'waitrose_prod_name': 'DGJ Colour Save Shampoo 250ml', 'images': []}
DEBUG: Scraped from <200 https://www.waitrose.com/ecom/shop/browse/groceries/toiletries_health_and_beauty/hair_care/shampoo>
{'client': 'Waitrose', 'time': datetime.datetime(2020, 9, 13, 22, 23, 31, 169458), 'category': 'Shampoo', 'id': 'tPp755349-720291-720292', 'prod_name': 'Herbal Essences Aloe & Mango Shampoo', 'waitrose_Qty': '380ml', 'waitrose_discounted_price': '£4.50', 'waitrose_offer_desc': None, 'waitrose_url': 'https://www.waitrose.com/ecom/shop/browse/groceries/toiletries_health_and_beauty/hair_care/shampoo', 'waitrose_rating': None, 'waitrose_unit_price': '(£1.19/100ml)', 'waitrose_new_flag': None, 'waitrose_prod_name': 'Herbal Essences Aloe & Mango Shampoo 380ml', 'images': []}
DEBUG: Scraped from <200 https://www.waitrose.com/ecom/shop/browse/groceries/toiletries_health_and_beauty/hair_care/shampoo>
{'client': 'Waitrose', 'time': datetime.datetime(2020, 9, 13, 22, 23, 31, 169458), 'category': 'Shampoo', 'id': 'tPp490113-591883-591884', 'prod_name': 'Herbal Essences Volume Shampoo', 'waitrose_Qty': '400ml', 'waitrose_discounted_price': '£4.50', 'waitrose_offer_desc': None, 'waitrose_url': 'https://www.waitrose.com/ecom/shop/browse/groceries/toiletries_health_and_beauty/hair_care/shampoo', 'waitrose_rating': '5', 'waitrose_unit_price': '(£1.13/100ml)', 'waitrose_new_flag': None, 'waitrose_prod_name': 'Herbal Essences Volume Shampoo 400ml', 'images': []}
DEBUG: Scraped from <200 https://www.waitrose.com/ecom/shop/browse/groceries/toiletries_health_and_beauty/hair_care/shampoo>
{'client': 'Waitrose', 'time': datetime.datetime(2020, 9, 13, 22, 23, 31, 169458), 'category': 'Shampoo', 'id': 'tPp402915-526384-526385', 'prod_name': 'John Frieda Violet Crush Shampoo', 'waitrose_Qty': '250ml', 'waitrose_discounted_price': '£3.99', 'waitrose_offer_desc': 'Save 1/3.', 'waitrose_url': 'https://www.waitrose.com/ecom/shop/browse/groceries/toiletries_health_and_beauty/hair_care/shampoo', 'waitrose_rating': '5', 'waitrose_unit_price': '(£1.60/100ml)', 'waitrose_new_flag': None, 'waitrose_prod_name': 'John Frieda Violet Crush Shampoo 250ml', 'images': []}
DEBUG: Scraped from <200 https://www.waitrose.com/ecom/shop/browse/groceries/toiletries_health_and_beauty/hair_care/shampoo>
{'client': 'Waitrose', 'time': datetime.datetime(2020, 9, 13, 22, 23, 31, 169458), 'category': 'Shampoo', 'id': 'tPp755068-720289-720290', 'prod_name': 'Herbal Essences Aloe Hemp Shampoo', 'waitrose_Qty': '380ml', 'waitrose_discounted_price': '£4.50', 'waitrose_offer_desc': None, 'waitrose_url': 'https://www.waitrose.com/ecom/shop/browse/groceries/toiletries_health_and_beauty/hair_care/shampoo', 'waitrose_rating': None, 'waitrose_unit_price': '(£1.19/100ml)', 'waitrose_new_flag': None, 'waitrose_prod_name': 'Herbal Essences Aloe Hemp Shampoo 380ml', 'images': []}
DEBUG: Scraped from <200 https://www.waitrose.com/ecom/shop/browse/groceries/toiletries_health_and_beauty/hair_care/shampoo>
{'client': 'Waitrose', 'time': datetime.datetime(2020, 9, 13, 22, 23, 31, 169458), 'category': 'Shampoo', 'id': 'tPp687186-337057-337058', 'prod_name': 'Argan + Argan Oil Rejuvenating Shampoo', 'waitrose_Qty': '300ml', 'waitrose_discounted_price': '£4.00', 'waitrose_offer_desc': 'Save 1/3.', 'waitrose_url': 'https://www.waitrose.com/ecom/shop/browse/groceries/toiletries_health_and_beauty/hair_care/shampoo', 'waitrose_rating': '5', 'waitrose_unit_price': '(£1.34/100ml)', 'waitrose_new_flag': None, 'waitrose_prod_name': 'Argan + Argan Oil Rejuvenating Shampoo 300ml', 'images': []}
DEBUG: Scraped from <200 https://www.waitrose.com/ecom/shop/browse/groceries/toiletries_health_and_beauty/hair_care/shampoo>
{'client': 'Waitrose', 'time': datetime.datetime(2020, 9, 13, 22, 23, 31, 169458), 'category': 'Shampoo', 'id': 'tPp547359-720175-720176', 'prod_name': 'Maui Moisture Bamboo Shampoo', 'waitrose_Qty': '385ml', 'waitrose_discounted_price': '£6.00', 'waitrose_offer_desc': 'Save 1/3.', 'waitrose_url': 'https://www.waitrose.com/ecom/shop/browse/groceries/toiletries_health_and_beauty/hair_care/shampoo', 'waitrose_rating': '5', 'waitrose_unit_price': '(£1.56/100ml)', 'waitrose_new_flag': None, 'waitrose_prod_name': 'Maui Moisture Bamboo Shampoo 385ml', 'images': []}
DEBUG: Scraped from <200 https://www.waitrose.com/ecom/shop/browse/groceries/toiletries_health_and_beauty/hair_care/shampoo>
{'client': 'Waitrose', 'time': datetime.datetime(2020, 9, 13, 22, 23, 31, 169458), 'category': 'Shampoo', 'id': 'tPp711086-652694-652695', 'prod_name': 'Head & Shoulders Supreme Moisture', 'waitrose_Qty': '400ml', 'waitrose_discounted_price': '£3.43', 'waitrose_offer_desc': 'Save 1/3.', 'waitrose_url': 'https://www.waitrose.com/ecom/shop/browse/groceries/toiletries_health_and_beauty/hair_care/shampoo', 'waitrose_rating': None, 'waitrose_unit_price': '(85.8p/100ml)', 'waitrose_new_flag': None, 'waitrose_prod_name': 'Head & Shoulders Supreme Moisture 400ml', 'images': []}
DEBUG: Scraped from <200 https://www.waitrose.com/ecom/shop/browse/groceries/toiletries_health_and_beauty/hair_care/shampoo>
{'client': 'Waitrose', 'time': datetime.datetime(2020, 9, 13, 22, 23, 31, 169458), 'category': 'Shampoo', 'id': 'tPp472240-591833-591834', 'prod_name': 'Herbal Essences Repair Shampoo', 'waitrose_Qty': '400ml', 'waitrose_discounted_price': '£4.50', 'waitrose_offer_desc': None, 'waitrose_url': 'https://www.waitrose.com/ecom/shop/browse/groceries/toiletries_health_and_beauty/hair_care/shampoo', 'waitrose_rating': '5', 'waitrose_unit_price': '(£1.13/100ml)', 'waitrose_new_flag': None, 'waitrose_prod_name': 'Herbal Essences Repair Shampoo 400ml', 'images': []}
DEBUG: Scraped from <200 https://www.waitrose.com/ecom/shop/browse/groceries/toiletries_health_and_beauty/hair_care/shampoo>
{'client': 'Waitrose', 'time': datetime.datetime(2020, 9, 13, 22, 23, 31, 169458), 'category': 'Shampoo', 'id': 'tPp051100-25409-25410', 'prod_name': 'Sheer Blonde Moisturising Shampoo', 'waitrose_Qty': '250ml', 'waitrose_discounted_price': '£3.99', 'waitrose_offer_desc': 'Save 1/3.', 'waitrose_url': 'https://www.waitrose.com/ecom/shop/browse/groceries/toiletries_health_and_beauty/hair_care/shampoo', 'waitrose_rating': '3', 'waitrose_unit_price': '(£1.60/100ml)', 'waitrose_new_flag': None, 'waitrose_prod_name': 'Sheer Blonde Moisturising Shampoo 250ml', 'images': []}
DEBUG: Scraped from <200 https://www.waitrose.com/ecom/shop/browse/groceries/toiletries_health_and_beauty/hair_care/shampoo>
{'client': 'Waitrose', 'time': datetime.datetime(2020, 9, 13, 22, 23, 31, 169458), 'category': 'Shampoo', 'id': 'tPp703131-695681-695682', 'prod_name': 'Head & Shoulders Repair Shampoo', 'waitrose_Qty': '400ml', 'waitrose_discounted_price': '£3.33', 'waitrose_offer_desc': 'Save 1/3.', 'waitrose_url': 'https://www.waitrose.com/ecom/shop/browse/groceries/toiletries_health_and_beauty/hair_care/shampoo', 'waitrose_rating': '4', 'waitrose_unit_price': '(83.3p/100ml)', 'waitrose_new_flag': None, 'waitrose_prod_name': 'Head & Shoulders Repair Shampoo 400ml', 'images': []}
DEBUG: Scraped from <200 https://www.waitrose.com/ecom/shop/browse/groceries/toiletries_health_and_beauty/hair_care/shampoo>
{'client': 'Waitrose', 'time': datetime.datetime(2020, 9, 13, 22, 23, 31, 169458), 'category': 'Shampoo', 'id': 'tPp530991-695493-695494', 'prod_name': 'John Frieda Shampoo Detox & Repair', 'waitrose_Qty': '250ml', 'waitrose_discounted_price': '£3.99', 'waitrose_offer_desc': 'Save 1/3.', 'waitrose_url': 'https://www.waitrose.com/ecom/shop/browse/groceries/toiletries_health_and_beauty/hair_care/shampoo', 'waitrose_rating': None, 'waitrose_unit_price': '(£1.60/100ml)', 'waitrose_new_flag': None, 'waitrose_prod_name': 'John Frieda Shampoo Detox & Repair 250ml', 'images': []}
DEBUG: Scraped from <200 https://www.waitrose.com/ecom/shop/browse/groceries/toiletries_health_and_beauty/hair_care/shampoo>
{'client': 'Waitrose', 'time': datetime.datetime(2020, 9, 13, 22, 23, 31, 169458), 'category': 'Shampoo', 'id': 'tPp740653-352034-352035', 'prod_name': 'essential Waitrose Anti-Dandruff 2 in 1', 'waitrose_Qty': '300ml', 'waitrose_discounted_price': '£1.00', 'waitrose_offer_desc': 'Featured Product', 'waitrose_url': 'https://www.waitrose.com/ecom/shop/browse/groceries/toiletries_health_and_beauty/hair_care/shampoo', 'waitrose_rating': '4', 'waitrose_unit_price': '(33.3p/100ml)', 'waitrose_new_flag': None, 'waitrose_prod_name': 'essential Waitrose Anti-Dandruff 2 in 1 300ml', 'images': []}
DEBUG: Scraped from <200 https://www.waitrose.com/ecom/shop/browse/groceries/toiletries_health_and_beauty/hair_care/shampoo>
{'client': 'Waitrose', 'time': datetime.datetime(2020, 9, 13, 22, 23, 31, 169458), 'category': 'Shampoo', 'id': 'tPp884562-720413-720414', 'prod_name': 'Maui Moisture Shea Butter Shampoo', 'waitrose_Qty': '385ml', 'waitrose_discounted_price': '£6.00', 'waitrose_offer_desc': 'Save 1/3.', 'waitrose_url': 'https://www.waitrose.com/ecom/shop/browse/groceries/toiletries_health_and_beauty/hair_care/shampoo', 'waitrose_rating': None, 'waitrose_unit_price': '(£1.56/100ml)', 'waitrose_new_flag': None, 'waitrose_prod_name': 'Maui Moisture Shea Butter Shampoo 385ml', 'images': []}
DEBUG: Scraped from <200 https://www.waitrose.com/ecom/shop/browse/groceries/toiletries_health_and_beauty/hair_care/shampoo>
{'client': 'Waitrose', 'time': datetime.datetime(2020, 9, 13, 22, 23, 31, 169458), 'category': 'Shampoo', 'id': 'tPp427668-591713-591714', 'prod_name': 'Herbal Essences Hydrate Shampoo', 'waitrose_Qty': '400ml', 'waitrose_discounted_price': '£4.50', 'waitrose_offer_desc': None, 'waitrose_url': 'https://www.waitrose.com/ecom/shop/browse/groceries/toiletries_health_and_beauty/hair_care/shampoo', 'waitrose_rating': '5', 'waitrose_unit_price': '(£1.13/100ml)', 'waitrose_new_flag': None, 'waitrose_prod_name': 'Herbal Essences Hydrate Shampoo 400ml', 'images': []}
DEBUG: Scraped from <200 https://www.waitrose.com/ecom/shop/browse/groceries/toiletries_health_and_beauty/hair_care/shampoo>
{'client': 'Waitrose', 'time': datetime.datetime(2020, 9, 13, 22, 23, 31, 169458), 'category': 'Shampoo', 'id': 'tPp582132-472091-472092', 'prod_name': 'Ogx Argan Oil Morocco Shampoo', 'waitrose_Qty': '385ml', 'waitrose_discounted_price': '£7.00', 'waitrose_offer_desc': None, 'waitrose_url': 'https://www.waitrose.com/ecom/shop/browse/groceries/toiletries_health_and_beauty/hair_care/shampoo', 'waitrose_rating': '4', 'waitrose_unit_price': '(£1.82/100ml)', 'waitrose_new_flag': None, 'waitrose_prod_name': 'Ogx Argan Oil Morocco Shampoo 385ml', 'images': []}
DEBUG: Scraped from <200 https://www.waitrose.com/ecom/shop/browse/groceries/toiletries_health_and_beauty/hair_care/shampoo>
{'client': 'Waitrose', 'time': datetime.datetime(2020, 9, 13, 22, 23, 31, 169458), 'category': 'Shampoo', 'id': 'tPp407453-471203-471204', 'prod_name': 'Ogx Biotin & Collagen Shampoo', 'waitrose_Qty': '385ml', 'waitrose_discounted_price': '£7.00', 'waitrose_offer_desc': None, 'waitrose_url': 'https://www.waitrose.com/ecom/shop/browse/groceries/toiletries_health_and_beauty/hair_care/shampoo', 'waitrose_rating': None, 'waitrose_unit_price': '(£1.82/100ml)', 'waitrose_new_flag': None, 'waitrose_prod_name': 'Ogx Biotin & Collagen Shampoo 385ml', 'images': []}
DEBUG: Scraped from <200 https://www.waitrose.com/ecom/shop/browse/groceries/toiletries_health_and_beauty/hair_care/shampoo>
{'client': 'Waitrose', 'time': datetime.datetime(2020, 9, 13, 22, 23, 31, 169458), 'category': 'Shampoo', 'id': 'tPp657721-694179-694180', 'prod_name': 'Pantene 3 in 1 Classic Clean', 'waitrose_Qty': '450ml', 'waitrose_discounted_price': '£3.75', 'waitrose_offer_desc': None, 'waitrose_url': 'https://www.waitrose.com/ecom/shop/browse/groceries/toiletries_health_and_beauty/hair_care/shampoo', 'waitrose_rating': None, 'waitrose_unit_price': '(83.3p/100ml)', 'waitrose_new_flag': None, 'waitrose_prod_name': 'Pantene 3 in 1 Classic Clean 450ml', 'images': []}
DEBUG: Scraped from <200 https://www.waitrose.com/ecom/shop/browse/groceries/toiletries_health_and_beauty/hair_care/shampoo>
{'client': 'Waitrose', 'time': datetime.datetime(2020, 9, 13, 22, 23, 31, 169458), 'category': 'Shampoo', 'id': 'tPp757780-107799-107800', 'prod_name': 'Head & Shoulders 2in1 Classic Clean', 'waitrose_Qty': '450ml', 'waitrose_discounted_price': '£5.15', 'waitrose_offer_desc': None, 'waitrose_url': 'https://www.waitrose.com/ecom/shop/browse/groceries/toiletries_health_and_beauty/hair_care/shampoo', 'waitrose_rating': '4', 'waitrose_unit_price': '(£1.15/100ml)', 'waitrose_new_flag': None, 'waitrose_prod_name': 'Head & Shoulders 2in1 Classic Clean 450ml', 'images': []}
DEBUG: Scraped from <200 https://www.waitrose.com/ecom/shop/browse/groceries/toiletries_health_and_beauty/hair_care/shampoo>
{'client': 'Waitrose', 'time': datetime.datetime(2020, 9, 13, 22, 23, 31, 169458), 'category': 'Shampoo', 'id': 'tPp844892-695845-695846', 'prod_name': 'Head & Shoulders Colour Protect', 'waitrose_Qty': '400ml', 'waitrose_discounted_price': '£3.33', 'waitrose_offer_desc': 'Save 1/3.', 'waitrose_url': 'https://www.waitrose.com/ecom/shop/browse/groceries/toiletries_health_and_beauty/hair_care/shampoo', 'waitrose_rating': None, 'waitrose_unit_price': '(83.3p/100ml)', 'waitrose_new_flag': None, 'waitrose_prod_name': 'Head & Shoulders Colour Protect 400ml', 'images': []}
DEBUG: Scraped from <200 https://www.waitrose.com/ecom/shop/browse/groceries/toiletries_health_and_beauty/hair_care/shampoo>
{'client': 'Waitrose', 'time': datetime.datetime(2020, 9, 13, 22, 23, 31, 169458), 'category': 'Shampoo', 'id': 'tPp464815-154487-154488', 'prod_name': 'Batiste original dry shampoo', 'waitrose_Qty': '200ml', 'waitrose_discounted_price': '£3.00', 'waitrose_offer_desc': None, 'waitrose_url': 'https://www.waitrose.com/ecom/shop/browse/groceries/toiletries_health_and_beauty/hair_care/shampoo', 'waitrose_rating': '5', 'waitrose_unit_price': '(£1.50/100ml)', 'waitrose_new_flag': None, 'waitrose_prod_name': 'Batiste original dry shampoo 200ml', 'images': []}
DEBUG: Scraped from <200 https://www.waitrose.com/ecom/shop/browse/groceries/toiletries_health_and_beauty/hair_care/shampoo>
{'client': 'Waitrose', 'time': datetime.datetime(2020, 9, 13, 22, 23, 31, 169458), 'category': 'Shampoo', 'id': 'tPp725372-631511-631512', 'prod_name': 'Hask Moni Coconut Oil Shampoo', 'waitrose_Qty': '355ml', 'waitrose_discounted_price': '£4.66', 'waitrose_offer_desc': 'Save 1/3.', 'waitrose_url': 'https://www.waitrose.com/ecom/shop/browse/groceries/toiletries_health_and_beauty/hair_care/shampoo', 'waitrose_rating': None, 'waitrose_unit_price': '(£1.32/100ml)', 'waitrose_new_flag': None, 'waitrose_prod_name': 'Hask Moni Coconut Oil Shampoo 355ml', 'images': []}
DEBUG: Scraped from <200 https://www.waitrose.com/ecom/shop/browse/groceries/toiletries_health_and_beauty/hair_care/shampoo>
{'client': 'Waitrose', 'time': datetime.datetime(2020, 9, 13, 22, 23, 31, 169458), 'category': 'Shampoo', 'id': 'tPp855140-216863-216864', 'prod_name': 'Ogx Coconut Milk Shampoo', 'waitrose_Qty': '385ml', 'waitrose_discounted_price': '£7.00', 'waitrose_offer_desc': None, 'waitrose_url': 'https://www.waitrose.com/ecom/shop/browse/groceries/toiletries_health_and_beauty/hair_care/shampoo', 'waitrose_rating': '5', 'waitrose_unit_price': '(£1.82/100ml)', 'waitrose_new_flag': None, 'waitrose_prod_name': 'Ogx Coconut Milk Shampoo 385ml', 'images': []}
DEBUG: Scraped from <200 https://www.waitrose.com/ecom/shop/browse/groceries/toiletries_health_and_beauty/hair_care/shampoo>
{'client': 'Waitrose', 'time': datetime.datetime(2020, 9, 13, 22, 23, 31, 169458), 'category': 'Shampoo', 'id': 'tPp836753-694201-694202', 'prod_name': 'Pantene Volume & Body Shampoo', 'waitrose_Qty': '500ml', 'waitrose_discounted_price': '£5.15', 'waitrose_offer_desc': None, 'waitrose_url': 'https://www.waitrose.com/ecom/shop/browse/groceries/toiletries_health_and_beauty/hair_care/shampoo', 'waitrose_rating': None, 'waitrose_unit_price': '(£1.03/100ml)', 'waitrose_new_flag': None, 'waitrose_prod_name': 'Pantene Volume & Body Shampoo 500ml', 'images': []}
DEBUG: Scraped from <200 https://www.waitrose.com/ecom/shop/browse/groceries/toiletries_health_and_beauty/hair_care/shampoo>
{'client': 'Waitrose', 'time': datetime.datetime(2020, 9, 13, 22, 23, 31, 169458), 'category': 'Shampoo', 'id': 'tPp435635-694165-694166', 'prod_name': 'Pantene Classic Clean Shampoo', 'waitrose_Qty': '500ml', 'waitrose_discounted_price': '£5.15', 'waitrose_offer_desc': None, 'waitrose_url': 'https://www.waitrose.com/ecom/shop/browse/groceries/toiletries_health_and_beauty/hair_care/shampoo', 'waitrose_rating': None, 'waitrose_unit_price': '(£1.03/100ml)', 'waitrose_new_flag': None, 'waitrose_prod_name': 'Pantene Classic Clean Shampoo 500ml', 'images': []}
DEBUG: Scraped from <200 https://www.waitrose.com/ecom/shop/browse/groceries/toiletries_health_and_beauty/hair_care/shampoo>
{'client': 'Waitrose', 'time': datetime.datetime(2020, 9, 13, 22, 23, 31, 169458), 'category': 'Shampoo', 'id': 'tPp645178-695617-695618', 'prod_name': 'John Frieda Shampoo Weightless Wonder', 'waitrose_Qty': '250ml', 'waitrose_discounted_price': '£3.99', 'waitrose_offer_desc': 'Save 1/3.', 'waitrose_url': 'https://www.waitrose.com/ecom/shop/browse/groceries/toiletries_health_and_beauty/hair_care/shampoo', 'waitrose_rating': '4.6', 'waitrose_unit_price': '(£1.60/100ml)', 'waitrose_new_flag': None, 'waitrose_prod_name': 'John Frieda Shampoo Weightless Wonder 250ml', 'images': []}
DEBUG: Scraped from <200 https://www.waitrose.com/ecom/shop/browse/groceries/toiletries_health_and_beauty/hair_care/shampoo>
{'client': 'Waitrose', 'time': datetime.datetime(2020, 9, 13, 22, 23, 31, 169458), 'category': 'Shampoo', 'id': 'tPp824583-694195-694196', 'prod_name': 'Pantene Repair & Protect Shampoo', 'waitrose_Qty': '500ml', 'waitrose_discounted_price': '£3.75', 'waitrose_offer_desc': None, 'waitrose_url': 'https://www.waitrose.com/ecom/shop/browse/groceries/toiletries_health_and_beauty/hair_care/shampoo', 'waitrose_rating': None, 'waitrose_unit_price': '(75p/100ml)', 'waitrose_new_flag': None, 'waitrose_prod_name': 'Pantene Repair & Protect Shampoo 500ml', 'images': []}
DEBUG: Scraped from <200 https://www.waitrose.com/ecom/shop/browse/groceries/toiletries_health_and_beauty/hair_care/shampoo>
{'client': 'Waitrose', 'time': datetime.datetime(2020, 9, 13, 22, 23, 31, 169458), 'category': 'Shampoo', 'id': 'tPp047805-23664-23665', 'prod_name': 'Avalon Organics tea tree shampoo', 'waitrose_Qty': '325ml', 'waitrose_discounted_price': '£7.00', 'waitrose_offer_desc': None, 'waitrose_url': 'https://www.waitrose.com/ecom/shop/browse/groceries/toiletries_health_and_beauty/hair_care/shampoo', 'waitrose_rating': '4.9', 'waitrose_unit_price': '(£2.16/100ml)', 'waitrose_new_flag': None, 'waitrose_prod_name': 'Avalon Organics tea tree shampoo 325ml', 'images': []}
DEBUG: Scraped from <200 https://www.waitrose.com/ecom/shop/browse/groceries/toiletries_health_and_beauty/hair_care/shampoo>
{'client': 'Waitrose', 'time': datetime.datetime(2020, 9, 13, 22, 23, 31, 169458), 'category': 'Shampoo', 'id': 'tPp062495-31737-31738', 'prod_name': 'Neutrogena T/Gel shampoo dry hair', 'waitrose_Qty': '125ml', 'waitrose_discounted_price': '£5.15', 'waitrose_offer_desc': None, 'waitrose_url': 'https://www.waitrose.com/ecom/shop/browse/groceries/toiletries_health_and_beauty/hair_care/shampoo', 'waitrose_rating': None, 'waitrose_unit_price': '(£4.12/100ml)', 'waitrose_new_flag': None, 'waitrose_prod_name': 'Neutrogena T/Gel shampoo dry hair 125ml', 'images': []}
DEBUG: Scraped from <200 https://www.waitrose.com/ecom/shop/browse/groceries/toiletries_health_and_beauty/hair_care/shampoo>
{'client': 'Waitrose', 'time': datetime.datetime(2020, 9, 13, 22, 23, 31, 169458), 'category': 'Shampoo', 'id': 'tPp711843-717497-717498', 'prod_name': "L'Oreal Elvive Colour Shampoo", 'waitrose_Qty': '400ml', 'waitrose_discounted_price': '£3.75', 'waitrose_offer_desc': None, 'waitrose_url': 'https://www.waitrose.com/ecom/shop/browse/groceries/toiletries_health_and_beauty/hair_care/shampoo', 'waitrose_rating': None, 'waitrose_unit_price': '(93.8p/100ml)', 'waitrose_new_flag': None, 'waitrose_prod_name': "L'Oreal Elvive Colour Shampoo 400ml", 'images': []}
DEBUG: Scraped from <200 https://www.waitrose.com/ecom/shop/browse/groceries/toiletries_health_and_beauty/hair_care/shampoo>
{'client': 'Waitrose', 'time': datetime.datetime(2020, 9, 13, 22, 23, 31, 169458), 'category': 'Shampoo', 'id': 'tPp649492-695625-695626', 'prod_name': 'Vosene Kids 2in1 Melon Shampoo', 'waitrose_Qty': '250ml', 'waitrose_discounted_price': '£1.33', 'waitrose_offer_desc': 'Save 1/3.', 'waitrose_url': 'https://www.waitrose.com/ecom/shop/browse/groceries/toiletries_health_and_beauty/hair_care/shampoo', 'waitrose_rating': None, 'waitrose_unit_price': '(53.2p/100ml)', 'waitrose_new_flag': None, 'waitrose_prod_name': 'Vosene Kids 2in1 Melon Shampoo 250ml', 'images': []}
DEBUG: Scraped from <200 https://www.waitrose.com/ecom/shop/browse/groceries/toiletries_health_and_beauty/hair_care/shampoo>
{'client': 'Waitrose', 'time': datetime.datetime(2020, 9, 13, 22, 23, 31, 169458), 'category': 'Shampoo', 'id': 'tPp603087-695555-695556', 'prod_name': 'Noughty Colour Bomb Shampoo', 'waitrose_Qty': '250ml', 'waitrose_discounted_price': '£4.66', 'waitrose_offer_desc': 'Save 1/3.', 'waitrose_url': 'https://www.waitrose.com/ecom/shop/browse/groceries/toiletries_health_and_beauty/hair_care/shampoo', 'waitrose_rating': '3', 'waitrose_unit_price': '(£1.87/100ml)', 'waitrose_new_flag': None, 'waitrose_prod_name': 'Noughty Colour Bomb Shampoo 250ml', 'images': []}
DEBUG: Scraped from <200 https://www.waitrose.com/ecom/shop/browse/groceries/toiletries_health_and_beauty/hair_care/shampoo>
{'client': 'Waitrose', 'time': datetime.datetime(2020, 9, 13, 22, 23, 31, 169458), 'category': 'Shampoo', 'id': 'tPp839781-154875-154876', 'prod_name': 'Aussie miracle moist shampoo', 'waitrose_Qty': '500ml', 'waitrose_discounted_price': '£6.15', 'waitrose_offer_desc': None, 'waitrose_url': 'https://www.waitrose.com/ecom/shop/browse/groceries/toiletries_health_and_beauty/hair_care/shampoo', 'waitrose_rating': None, 'waitrose_unit_price': '(£1.23/100ml)', 'waitrose_new_flag': None, 'waitrose_prod_name': 'Aussie miracle moist shampoo 500ml', 'images': []}
DEBUG: Scraped from <200 https://www.waitrose.com/ecom/shop/browse/groceries/toiletries_health_and_beauty/hair_care/shampoo>
{'client': 'Waitrose', 'time': datetime.datetime(2020, 9, 13, 22, 23, 31, 169458), 'category': 'Shampoo', 'id': 'tPp853982-154925-154926', 'prod_name': 'Batiste blush dry shampoo', 'waitrose_Qty': '200ml', 'waitrose_discounted_price': '£3.00', 'waitrose_offer_desc': None, 'waitrose_url': 'https://www.waitrose.com/ecom/shop/browse/groceries/toiletries_health_and_beauty/hair_care/shampoo', 'waitrose_rating': '4', 'waitrose_unit_price': '(£1.50/100ml)', 'waitrose_new_flag': None, 'waitrose_prod_name': 'Batiste blush dry shampoo 200ml', 'images': []}
DEBUG: Scraped from <200 https://www.waitrose.com/ecom/shop/browse/groceries/toiletries_health_and_beauty/hair_care/shampoo>
{'client': 'Waitrose', 'time': datetime.datetime(2020, 9, 13, 22, 23, 31, 169458), 'category': 'Shampoo', 'id': 'tPp486943-68769-68770', 'prod_name': 'Head & Shoulders 2in1 classic clean', 'waitrose_Qty': '225ml', 'waitrose_discounted_price': '£3.00', 'waitrose_offer_desc': None, 'waitrose_url': 'https://www.waitrose.com/ecom/shop/browse/groceries/toiletries_health_and_beauty/hair_care/shampoo', 'waitrose_rating': '4', 'waitrose_unit_price': '(£1.34/100ml)', 'waitrose_new_flag': None, 'waitrose_prod_name': 'Head & Shoulders 2in1 classic clean 225ml', 'images': []}
DEBUG: Scraped from <200 https://www.waitrose.com/ecom/shop/browse/groceries/toiletries_health_and_beauty/hair_care/shampoo>
{'client': 'Waitrose', 'time': datetime.datetime(2020, 9, 13, 22, 23, 31, 169458), 'category': 'Shampoo', 'id': 'tPp882824-154983-154984', 'prod_name': 'Head & Shoulders itchy scalp shampoo', 'waitrose_Qty': '500ml', 'waitrose_discounted_price': '£5.15', 'waitrose_offer_desc': None, 'waitrose_url': 'https://www.waitrose.com/ecom/shop/browse/groceries/toiletries_health_and_beauty/hair_care/shampoo', 'waitrose_rating': '5', 'waitrose_unit_price': '(£1.03/100ml)', 'waitrose_new_flag': None, 'waitrose_prod_name': 'Head & Shoulders itchy scalp shampoo 500ml', 'images': []}
DEBUG: Scraped from <200 https://www.waitrose.com/ecom/shop/browse/groceries/toiletries_health_and_beauty/hair_care/shampoo>
{'client': 'Waitrose', 'time': datetime.datetime(2020, 9, 13, 22, 23, 31, 169458), 'category': 'Shampoo', 'id': 'tPp808436-720325-720326', 'prod_name': 'Hask Biotin Boost Shampoo', 'waitrose_Qty': '355ml', 'waitrose_discounted_price': '£4.66', 'waitrose_offer_desc': 'Save 1/3.', 'waitrose_url': 'https://www.waitrose.com/ecom/shop/browse/groceries/toiletries_health_and_beauty/hair_care/shampoo', 'waitrose_rating': None, 'waitrose_unit_price': '(£1.32/100ml)', 'waitrose_new_flag': None, 'waitrose_prod_name': 'Hask Biotin Boost Shampoo 355ml', 'images': []}
DEBUG: Scraped from <200 https://www.waitrose.com/ecom/shop/browse/groceries/toiletries_health_and_beauty/hair_care/shampoo>
{'client': 'Waitrose', 'time': datetime.datetime(2020, 9, 13, 22, 23, 31, 169458), 'category': 'Shampoo', 'id': 'tPp807825-473364-473365', 'prod_name': 'SenSpa Deep Cleanse Shampoo', 'waitrose_Qty': '250ml', 'waitrose_discounted_price': '£4.00', 'waitrose_offer_desc': 'Save 1/3.', 'waitrose_url': 'https://www.waitrose.com/ecom/shop/browse/groceries/toiletries_health_and_beauty/hair_care/shampoo', 'waitrose_rating': '3.7', 'waitrose_unit_price': '(£1.60/100ml)', 'waitrose_new_flag': None, 'waitrose_prod_name': 'SenSpa Deep Cleanse Shampoo 250ml', 'images': []}
DEBUG: Scraped from <200 https://www.waitrose.com/ecom/shop/browse/groceries/toiletries_health_and_beauty/hair_care/shampoo>
{'client': 'Waitrose', 'time': datetime.datetime(2020, 9, 13, 22, 23, 31, 169458), 'category': 'Shampoo', 'id': 'tPp886458-216893-216894', 'prod_name': 'Ogx Brazilian Keratin Shampoo', 'waitrose_Qty': '385ml', 'waitrose_discounted_price': '£7.00', 'waitrose_offer_desc': None, 'waitrose_url': 'https://www.waitrose.com/ecom/shop/browse/groceries/toiletries_health_and_beauty/hair_care/shampoo', 'waitrose_rating': '5', 'waitrose_unit_price': '(£1.82/100ml)', 'waitrose_new_flag': None, 'waitrose_prod_name': 'Ogx Brazilian Keratin Shampoo 385ml', 'images': []}
DEBUG: Scraped from <200 https://www.waitrose.com/ecom/shop/browse/groceries/toiletries_health_and_beauty/hair_care/shampoo>
{'client': 'Waitrose', 'time': datetime.datetime(2020, 9, 13, 22, 23, 31, 169458), 'category': 'Shampoo', 'id': 'tPp852396-695857-695858', 'prod_name': 'BECO. Honey Blossom Shampoo Bar', 'waitrose_Qty': '90g', 'waitrose_discounted_price': '£4.00', 'waitrose_offer_desc': None, 'waitrose_url': 'https://www.waitrose.com/ecom/shop/browse/groceries/toiletries_health_and_beauty/hair_care/shampoo', 'waitrose_rating': '4.9', 'waitrose_unit_price': '(£4.45/100g)', 'waitrose_new_flag': None, 'waitrose_prod_name': 'BECO. Honey Blossom Shampoo Bar 90g', 'images': []}
DEBUG: Scraped from <200 https://www.waitrose.com/ecom/shop/browse/groceries/toiletries_health_and_beauty/hair_care/shampoo>
{'client': 'Waitrose', 'time': datetime.datetime(2020, 9, 13, 22, 23, 31, 169458), 'category': 'Shampoo', 'id': 'tPp581617-694173-694174', 'prod_name': 'Pantene Colour Protect Shampoo', 'waitrose_Qty': '500ml', 'waitrose_discounted_price': '£5.15', 'waitrose_offer_desc': None, 'waitrose_url': 'https://www.waitrose.com/ecom/shop/browse/groceries/toiletries_health_and_beauty/hair_care/shampoo', 'waitrose_rating': None, 'waitrose_unit_price': '(£1.03/100ml)', 'waitrose_new_flag': None, 'waitrose_prod_name': 'Pantene Colour Protect Shampoo 500ml', 'images': []}
DEBUG: Scraped from <200 https://www.waitrose.com/ecom/shop/browse/groceries/toiletries_health_and_beauty/hair_care/shampoo>
{'client': 'Waitrose', 'time': datetime.datetime(2020, 9, 13, 22, 23, 31, 169458), 'category': 'Shampoo', 'id': 'tPp527154-720165-720166', 'prod_name': 'Maui Moisture Hibiscus Water', 'waitrose_Qty': '385ml', 'waitrose_discounted_price': '£6.00', 'waitrose_offer_desc': 'Save 1/3.', 'waitrose_url': 'https://www.waitrose.com/ecom/shop/browse/groceries/toiletries_health_and_beauty/hair_care/shampoo', 'waitrose_rating': None, 'waitrose_unit_price': '(£1.56/100ml)', 'waitrose_new_flag': None, 'waitrose_prod_name': 'Maui Moisture Hibiscus Water 385ml', 'images': []}
DEBUG: Scraped from <200 https://www.waitrose.com/ecom/shop/browse/groceries/toiletries_health_and_beauty/hair_care/shampoo>
{'client': 'Waitrose', 'time': datetime.datetime(2020, 9, 13, 22, 23, 31, 169458), 'category': 'Shampoo', 'id': 'tPp453160-695433-695434', 'prod_name': 'Argan+ Long & Strong Shampoo', 'waitrose_Qty': '300ml', 'waitrose_discounted_price': '£4.00', 'waitrose_offer_desc': 'Save 1/3.', 'waitrose_url': 'https://www.waitrose.com/ecom/shop/browse/groceries/toiletries_health_and_beauty/hair_care/shampoo', 'waitrose_rating': None, 'waitrose_unit_price': '(£1.34/100ml)', 'waitrose_new_flag': None, 'waitrose_prod_name': 'Argan+ Long & Strong Shampoo 300ml', 'images': []}
DEBUG: Scraped from <200 https://www.waitrose.com/ecom/shop/browse/groceries/toiletries_health_and_beauty/hair_care/shampoo>
{'client': 'Waitrose', 'time': datetime.datetime(2020, 9, 13, 22, 23, 31, 169458), 'category': 'Shampoo', 'id': 'tPp810302-683828-683829', 'prod_name': 'Herbal Essences Deep Repair Shampoo', 'waitrose_Qty': '400ml', 'waitrose_discounted_price': '£4.50', 'waitrose_offer_desc': None, 'waitrose_url': 'https://www.waitrose.com/ecom/shop/browse/groceries/toiletries_health_and_beauty/hair_care/shampoo', 'waitrose_rating': None, 'waitrose_unit_price': '(£1.13/100ml)', 'waitrose_new_flag': None, 'waitrose_prod_name': 'Herbal Essences Deep Repair Shampoo 400ml', 'images': []}
DEBUG: Scraped from <200 https://www.waitrose.com/ecom/shop/browse/groceries/toiletries_health_and_beauty/hair_care/shampoo>
{'client': 'Waitrose', 'time': datetime.datetime(2020, 9, 13, 22, 23, 31, 169458), 'category': 'Shampoo', 'id': 'tPp492466-631281-631282', 'prod_name': 'Hask Keratin Protein Smoothing Shampoo', 'waitrose_Qty': '355ml', 'waitrose_discounted_price': '£4.66', 'waitrose_offer_desc': 'Save 1/3.', 'waitrose_url': 'https://www.waitrose.com/ecom/shop/browse/groceries/toiletries_health_and_beauty/hair_care/shampoo', 'waitrose_rating': None, 'waitrose_unit_price': '(£1.32/100ml)', 'waitrose_new_flag': None, 'waitrose_prod_name': 'Hask Keratin Protein Smoothing Shampoo 355ml', 'images': []}
DEBUG: Scraped from <200 https://www.waitrose.com/ecom/shop/browse/groceries/toiletries_health_and_beauty/hair_care/shampoo>
{'client': 'Waitrose', 'time': datetime.datetime(2020, 9, 13, 22, 23, 31, 169458), 'category': 'Shampoo', 'id': 'tPp480728-631267-631268', 'prod_name': 'Ogx Orchid Oil Shampoo', 'waitrose_Qty': '385ml', 'waitrose_discounted_price': '£7.00', 'waitrose_offer_desc': None, 'waitrose_url': 'https://www.waitrose.com/ecom/shop/browse/groceries/toiletries_health_and_beauty/hair_care/shampoo', 'waitrose_rating': '5', 'waitrose_unit_price': '(£1.82/100ml)', 'waitrose_new_flag': None, 'waitrose_prod_name': 'Ogx Orchid Oil Shampoo 385ml', 'images': []}
DEBUG: Scraped from <200 https://www.waitrose.com/ecom/shop/browse/groceries/toiletries_health_and_beauty/hair_care/shampoo>
{'client': 'Waitrose', 'time': datetime.datetime(2020, 9, 13, 22, 23, 31, 169458), 'category': 'Shampoo', 'id': 'tPp735751-154731-154732', 'prod_name': 'Aussie aussome volume shampoo', 'waitrose_Qty': '500ml', 'waitrose_discounted_price': '£6.10', 'waitrose_offer_desc': None, 'waitrose_url': 'https://www.waitrose.com/ecom/shop/browse/groceries/toiletries_health_and_beauty/hair_care/shampoo', 'waitrose_rating': None, 'waitrose_unit_price': '(£1.22/100ml)', 'waitrose_new_flag': None, 'waitrose_prod_name': 'Aussie aussome volume shampoo 500ml', 'images': []}
DEBUG: Scraped from <200 https://www.waitrose.com/ecom/shop/browse/groceries/toiletries_health_and_beauty/hair_care/shampoo>
{'client': 'Waitrose', 'time': datetime.datetime(2020, 9, 13, 22, 23, 31, 169458), 'category': 'Shampoo', 'id': 'tPp790782-694215-694216', 'prod_name': 'Pantene 3in1 Smooth & Sleek', 'waitrose_Qty': '450ml', 'waitrose_discounted_price': '£3.75', 'waitrose_offer_desc': None, 'waitrose_url': 'https://www.waitrose.com/ecom/shop/browse/groceries/toiletries_health_and_beauty/hair_care/shampoo', 'waitrose_rating': None, 'waitrose_unit_price': '(83.3p/100ml)', 'waitrose_new_flag': None, 'waitrose_prod_name': 'Pantene 3in1 Smooth & Sleek 450ml', 'images': []}
DEBUG: Scraped from <200 https://www.waitrose.com/ecom/shop/browse/groceries/toiletries_health_and_beauty/hair_care/shampoo>
{'client': 'Waitrose', 'time': datetime.datetime(2020, 9, 13, 22, 23, 31, 169458), 'category': 'Shampoo', 'id': 'tPp821139-694191-694192', 'prod_name': 'Pantene Smooth & Sleek Shampoo', 'waitrose_Qty': '500ml', 'waitrose_discounted_price': '£5.15', 'waitrose_offer_desc': None, 'waitrose_url': 'https://www.waitrose.com/ecom/shop/browse/groceries/toiletries_health_and_beauty/hair_care/shampoo', 'waitrose_rating': None, 'waitrose_unit_price': '(£1.03/100ml)', 'waitrose_new_flag': None, 'waitrose_prod_name': 'Pantene Smooth & Sleek Shampoo 500ml', 'images': []}
DEBUG: Scraped from <200 https://www.waitrose.com/ecom/shop/browse/groceries/toiletries_health_and_beauty/hair_care/shampoo>
{'client': 'Waitrose', 'time': datetime.datetime(2020, 9, 13, 22, 23, 31, 169458), 'category': 'Shampoo', 'id': 'tPp756229-563906-563907', 'prod_name': 'Head & Shoulders 2 in 1 Total Care', 'waitrose_Qty': '225ml', 'waitrose_discounted_price': '£3.00', 'waitrose_offer_desc': None, 'waitrose_url': 'https://www.waitrose.com/ecom/shop/browse/groceries/toiletries_health_and_beauty/hair_care/shampoo', 'waitrose_rating': None, 'waitrose_unit_price': '(£1.34/100ml)', 'waitrose_new_flag': None, 'waitrose_prod_name': 'Head & Shoulders 2 in 1 Total Care 225ml', 'images': []}
DEBUG: Scraped from <200 https://www.waitrose.com/ecom/shop/browse/groceries/toiletries_health_and_beauty/hair_care/shampoo>
{'client': 'Waitrose', 'time': datetime.datetime(2020, 9, 13, 22, 23, 31, 169458), 'category': 'Shampoo', 'id': 'tPp502050-631293-631294', 'prod_name': 'Hask Argan Oil Repairing Shampoo', 'waitrose_Qty': '355ml', 'waitrose_discounted_price': '£4.66', 'waitrose_offer_desc': 'Save 1/3.', 'waitrose_url': 'https://www.waitrose.com/ecom/shop/browse/groceries/toiletries_health_and_beauty/hair_care/shampoo', 'waitrose_rating': '3.7', 'waitrose_unit_price': '(£1.32/100ml)', 'waitrose_new_flag': None, 'waitrose_prod_name': 'Hask Argan Oil Repairing Shampoo 355ml', 'images': []}
DEBUG: Scraped from <200 https://www.waitrose.com/ecom/shop/browse/groceries/toiletries_health_and_beauty/hair_care/shampoo>
{'client': 'Waitrose', 'time': datetime.datetime(2020, 9, 13, 22, 23, 31, 169458), 'category': 'Shampoo', 'id': 'tPp791725-375655-375656', 'prod_name': 'Ogx Kukuí Oil Shampoo', 'waitrose_Qty': '385ml', 'waitrose_discounted_price': '£7.00', 'waitrose_offer_desc': None, 'waitrose_url': 'https://www.waitrose.com/ecom/shop/browse/groceries/toiletries_health_and_beauty/hair_care/shampoo', 'waitrose_rating': '5', 'waitrose_unit_price': '(£1.82/100ml)', 'waitrose_new_flag': None, 'waitrose_prod_name': 'Ogx Kukuí Oil Shampoo 385ml', 'images': []}
DEBUG: Scraped from <200 https://www.waitrose.com/ecom/shop/browse/groceries/toiletries_health_and_beauty/hair_care/shampoo>
{'client': 'Waitrose', 'time': datetime.datetime(2020, 9, 13, 22, 23, 31, 169458), 'category': 'Shampoo', 'id': 'tPp662395-154665-154666', 'prod_name': 'Aussie colour mate shampoo', 'waitrose_Qty': '500ml', 'waitrose_discounted_price': '£6.15', 'waitrose_offer_desc': None, 'waitrose_url': 'https://www.waitrose.com/ecom/shop/browse/groceries/toiletries_health_and_beauty/hair_care/shampoo', 'waitrose_rating': None, 'waitrose_unit_price': '(£1.23/100ml)', 'waitrose_new_flag': None, 'waitrose_prod_name': 'Aussie colour mate shampoo 500ml', 'images': []}
DEBUG: Scraped from <200 https://www.waitrose.com/ecom/shop/browse/groceries/toiletries_health_and_beauty/hair_care/shampoo>
{'client': 'Waitrose', 'time': datetime.datetime(2020, 9, 13, 22, 23, 31, 169458), 'category': 'Shampoo', 'id': 'tPp627460-154629-154630', 'prod_name': 'Aussie mega shampoo', 'waitrose_Qty': '500ml', 'waitrose_discounted_price': '£6.15', 'waitrose_offer_desc': None, 'waitrose_url': 'https://www.waitrose.com/ecom/shop/browse/groceries/toiletries_health_and_beauty/hair_care/shampoo', 'waitrose_rating': '3.8', 'waitrose_unit_price': '(£1.23/100ml)', 'waitrose_new_flag': None, 'waitrose_prod_name': 'Aussie mega shampoo 500ml', 'images': []}
DEBUG: Scraped from <200 https://www.waitrose.com/ecom/shop/browse/groceries/toiletries_health_and_beauty/hair_care/shampoo>
{'client': 'Waitrose', 'time': datetime.datetime(2020, 9, 13, 22, 23, 31, 169458), 'category': 'Shampoo', 'id': 'tPp626001-88825-88826', 'prod_name': 'Head & Shoulders Shampoo Citrus Fresh', 'waitrose_Qty': '500ml', 'waitrose_discounted_price': '£5.15', 'waitrose_offer_desc': None, 'waitrose_url': 'https://www.waitrose.com/ecom/shop/browse/groceries/toiletries_health_and_beauty/hair_care/shampoo', 'waitrose_rating': None, 'waitrose_unit_price': '(£1.03/100ml)', 'waitrose_new_flag': None, 'waitrose_prod_name': 'Head & Shoulders Shampoo Citrus Fresh 500ml', 'images': []}
DEBUG: Scraped from <200 https://www.waitrose.com/ecom/shop/browse/groceries/toiletries_health_and_beauty/hair_care/shampoo>
{'client': 'Waitrose', 'time': datetime.datetime(2020, 9, 13, 22, 23, 31, 169458), 'category': 'Shampoo', 'id': 'tPp868154-695990-695991', 'prod_name': 'Hair Biology Purple Shampoo', 'waitrose_Qty': '250ml', 'waitrose_discounted_price': '£4.50', 'waitrose_offer_desc': None, 'waitrose_url': 'https://www.waitrose.com/ecom/shop/browse/groceries/toiletries_health_and_beauty/hair_care/shampoo', 'waitrose_rating': None, 'waitrose_unit_price': '(£1.80/100ml)', 'waitrose_new_flag': None, 'waitrose_prod_name': 'Hair Biology Purple Shampoo 250ml', 'images': []}
DEBUG: Scraped from <200 https://www.waitrose.com/ecom/shop/browse/groceries/toiletries_health_and_beauty/hair_care/shampoo>
{'client': 'Waitrose', 'time': datetime.datetime(2020, 9, 13, 22, 23, 31, 169458), 'category': 'Shampoo', 'id': 'tPp032765-16025-16026', 'prod_name': "L'Oréal kids shampoo berry strawberry", 'waitrose_Qty': '250ml', 'waitrose_discounted_price': '£2.00', 'waitrose_offer_desc': None, 'waitrose_url': 'https://www.waitrose.com/ecom/shop/browse/groceries/toiletries_health_and_beauty/hair_care/shampoo', 'waitrose_rating': None, 'waitrose_unit_price': '(80p/100ml)', 'waitrose_new_flag': None, 'waitrose_prod_name': "L'Oréal kids shampoo berry strawberry 250ml", 'images': []}
DEBUG: Scraped from <200 https://www.waitrose.com/ecom/shop/browse/groceries/toiletries_health_and_beauty/hair_care/shampoo>
{'client': 'Waitrose', 'time': datetime.datetime(2020, 9, 13, 22, 23, 31, 169458), 'category': 'Shampoo', 'id': 'tPp586765-735804-735805', 'prod_name': "L'Oreal Elvive Restoring Shampoo", 'waitrose_Qty': '400ml', 'waitrose_discounted_price': '£3.75', 'waitrose_offer_desc': None, 'waitrose_url': 'https://www.waitrose.com/ecom/shop/browse/groceries/toiletries_health_and_beauty/hair_care/shampoo', 'waitrose_rating': None, 'waitrose_unit_price': '(93.8p/100ml)', 'waitrose_new_flag': 'NEW', 'waitrose_prod_name': "L'Oreal Elvive Restoring Shampoo 400ml", 'images': []}
DEBUG: Scraped from <200 https://www.waitrose.com/ecom/shop/browse/groceries/toiletries_health_and_beauty/hair_care/shampoo>
{'client': 'Waitrose', 'time': datetime.datetime(2020, 9, 13, 22, 23, 31, 169458), 'category': 'Shampoo', 'id': 'tPp484035-715885-715886', 'prod_name': "L'Oreal Elvive Oil Nourishing Shampoo", 'waitrose_Qty': '400ml', 'waitrose_discounted_price': '£3.75', 'waitrose_offer_desc': None, 'waitrose_url': 'https://www.waitrose.com/ecom/shop/browse/groceries/toiletries_health_and_beauty/hair_care/shampoo', 'waitrose_rating': None, 'waitrose_unit_price': '(93.8p/100ml)', 'waitrose_new_flag': None, 'waitrose_prod_name': "L'Oreal Elvive Oil Nourishing Shampoo 400ml", 'images': []}
DEBUG: Scraped from <200 https://www.waitrose.com/ecom/shop/browse/groceries/toiletries_health_and_beauty/hair_care/shampoo>
{'client': 'Waitrose', 'time': datetime.datetime(2020, 9, 13, 22, 23, 31, 169458), 'category': 'Shampoo', 'id': 'tPp829437-695831-695832', 'prod_name': 'Umberto Giannini Grow Long Shampoo', 'waitrose_Qty': '250ml', 'waitrose_discounted_price': '£8.00', 'waitrose_offer_desc': 'Mix & Match Add 3 for 2 Cheapest Item Free', 'waitrose_url': 'https://www.waitrose.com/ecom/shop/browse/groceries/toiletries_health_and_beauty/hair_care/shampoo', 'waitrose_rating': '5', 'waitrose_unit_price': '(£3.20/100ml)', 'waitrose_new_flag': None, 'waitrose_prod_name': 'Umberto Giannini Grow Long Shampoo 250ml', 'images': []}
DEBUG: Scraped from <200 https://www.waitrose.com/ecom/shop/browse/groceries/toiletries_health_and_beauty/hair_care/shampoo>
{'client': 'Waitrose', 'time': datetime.datetime(2020, 9, 13, 22, 23, 31, 169458), 'category': 'Shampoo', 'id': 'tPp752186-631541-631542', 'prod_name': 'Ogx Coconut OIl Shampoo', 'waitrose_Qty': '385ml', 'waitrose_discounted_price': '£7.00', 'waitrose_offer_desc': None, 'waitrose_url': 'https://www.waitrose.com/ecom/shop/browse/groceries/toiletries_health_and_beauty/hair_care/shampoo', 'waitrose_rating': None, 'waitrose_unit_price': '(£1.82/100ml)', 'waitrose_new_flag': None, 'waitrose_prod_name': 'Ogx Coconut OIl Shampoo 385ml', 'images': []}
DEBUG: Scraped from <200 https://www.waitrose.com/ecom/shop/browse/groceries/toiletries_health_and_beauty/hair_care/shampoo>
{'client': 'Waitrose', 'time': datetime.datetime(2020, 9, 13, 22, 23, 31, 169458), 'category': 'Shampoo', 'id': 'tPp867514-720387-720388', 'prod_name': 'Head & Shoulders Coconut Shampoo', 'waitrose_Qty': '500ml', 'waitrose_discounted_price': '£5.00', 'waitrose_offer_desc': None, 'waitrose_url': 'https://www.waitrose.com/ecom/shop/browse/groceries/toiletries_health_and_beauty/hair_care/shampoo', 'waitrose_rating': None, 'waitrose_unit_price': '(£1/100ml)', 'waitrose_new_flag': None, 'waitrose_prod_name': 'Head & Shoulders Coconut Shampoo 500ml', 'images': []}
DEBUG: Scraped from <200 https://www.waitrose.com/ecom/shop/browse/groceries/toiletries_health_and_beauty/hair_care/shampoo>
{'client': 'Waitrose', 'time': datetime.datetime(2020, 9, 13, 22, 23, 31, 169458), 'category': 'Shampoo', 'id': 'tPp432893-216691-216692', 'prod_name': 'Head & Shoulders Shampoo Apple Fresh', 'waitrose_Qty': '500ml', 'waitrose_discounted_price': '£5.15', 'waitrose_offer_desc': None, 'waitrose_url': 'https://www.waitrose.com/ecom/shop/browse/groceries/toiletries_health_and_beauty/hair_care/shampoo', 'waitrose_rating': None, 'waitrose_unit_price': '(£1.03/100ml)', 'waitrose_new_flag': None, 'waitrose_prod_name': 'Head & Shoulders Shampoo Apple Fresh 500ml', 'images': []}
DEBUG: Scraped from <200 https://www.waitrose.com/ecom/shop/browse/groceries/toiletries_health_and_beauty/hair_care/shampoo>
{'client': 'Waitrose', 'time': datetime.datetime(2020, 9, 13, 22, 23, 31, 169458), 'category': 'Shampoo', 'id': 'tPp027940-13599-13600', 'prod_name': 'Avalon Organics lemon shampoo', 'waitrose_Qty': '325ml', 'waitrose_discounted_price': '£7.00', 'waitrose_offer_desc': None, 'waitrose_url': 'https://www.waitrose.com/ecom/shop/browse/groceries/toiletries_health_and_beauty/hair_care/shampoo', 'waitrose_rating': '3.6', 'waitrose_unit_price': '(£2.16/100ml)', 'waitrose_new_flag': None, 'waitrose_prod_name': 'Avalon Organics lemon shampoo 325ml', 'images': []}
DEBUG: Scraped from <200 https://www.waitrose.com/ecom/shop/browse/groceries/toiletries_health_and_beauty/hair_care/shampoo>
{'client': 'Waitrose', 'time': datetime.datetime(2020, 9, 13, 22, 23, 31, 169458), 'category': 'Shampoo', 'id': 'tPp778297-720309-720310', 'prod_name': 'Pantene Grow Strong Shampoo', 'waitrose_Qty': '400ml', 'waitrose_discounted_price': '£3.75', 'waitrose_offer_desc': None, 'waitrose_url': 'https://www.waitrose.com/ecom/shop/browse/groceries/toiletries_health_and_beauty/hair_care/shampoo', 'waitrose_rating': None, 'waitrose_unit_price': '(93.8p/100ml)', 'waitrose_new_flag': None, 'waitrose_prod_name': 'Pantene Grow Strong Shampoo 400ml', 'images': []}
DEBUG: Scraped from <200 https://www.waitrose.com/ecom/shop/browse/groceries/toiletries_health_and_beauty/hair_care/shampoo>
{'client': 'Waitrose', 'time': datetime.datetime(2020, 9, 13, 22, 23, 31, 169458), 'category': 'Shampoo', 'id': 'tPp554742-695503-695504', 'prod_name': 'Umberto Giannini Violet Shampoo', 'waitrose_Qty': '250ml', 'waitrose_discounted_price': '£8.00', 'waitrose_offer_desc': 'Mix & Match Add 3 for 2 Cheapest Item Free', 'waitrose_url': 'https://www.waitrose.com/ecom/shop/browse/groceries/toiletries_health_and_beauty/hair_care/shampoo', 'waitrose_rating': None, 'waitrose_unit_price': '(£3.20/100ml)', 'waitrose_new_flag': None, 'waitrose_prod_name': 'Umberto Giannini Violet Shampoo 250ml', 'images': []}
DEBUG: Scraped from <200 https://www.waitrose.com/ecom/shop/browse/groceries/toiletries_health_and_beauty/hair_care/shampoo>
{'client': 'Waitrose', 'time': datetime.datetime(2020, 9, 13, 22, 23, 31, 169458), 'category': 'Shampoo', 'id': 'tPp816738-442231-442232', 'prod_name': 'SensSpa Nourishing Shampoo', 'waitrose_Qty': '250ml', 'waitrose_discounted_price': '£4.00', 'waitrose_offer_desc': 'Save 1/3.', 'waitrose_url': 'https://www.waitrose.com/ecom/shop/browse/groceries/toiletries_health_and_beauty/hair_care/shampoo', 'waitrose_rating': '2.6', 'waitrose_unit_price': '(£1.60/100ml)', 'waitrose_new_flag': None, 'waitrose_prod_name': 'SensSpa Nourishing Shampoo 250ml', 'images': []}
DEBUG: Scraped from <200 https://www.waitrose.com/ecom/shop/browse/groceries/toiletries_health_and_beauty/hair_care/shampoo>
{'client': 'Waitrose', 'time': datetime.datetime(2020, 9, 13, 22, 23, 31, 169458), 'category': 'Shampoo', 'id': 'tPp820157-724089-724090', 'prod_name': 'Eco Warrior Shampoo Bar', 'waitrose_Qty': '100g', 'waitrose_discounted_price': '£4.50', 'waitrose_offer_desc': None, 'waitrose_url': 'https://www.waitrose.com/ecom/shop/browse/groceries/toiletries_health_and_beauty/hair_care/shampoo', 'waitrose_rating': None, 'waitrose_unit_price': '(£4.50/100g)', 'waitrose_new_flag': None, 'waitrose_prod_name': 'Eco Warrior Shampoo Bar 100g', 'images': []}
DEBUG: Scraped from <200 https://www.waitrose.com/ecom/shop/browse/groceries/toiletries_health_and_beauty/hair_care/shampoo>
{'client': 'Waitrose', 'time': datetime.datetime(2020, 9, 13, 22, 23, 31, 169458), 'category': 'Shampoo', 'id': 'tPp724972-694185-694186', 'prod_name': 'Pantene 3in1 Repair & Protect', 'waitrose_Qty': '450ml', 'waitrose_discounted_price': '£3.75', 'waitrose_offer_desc': None, 'waitrose_url': 'https://www.waitrose.com/ecom/shop/browse/groceries/toiletries_health_and_beauty/hair_care/shampoo', 'waitrose_rating': None, 'waitrose_unit_price': '(83.3p/100ml)', 'waitrose_new_flag': None, 'waitrose_prod_name': 'Pantene 3in1 Repair & Protect 450ml', 'images': []}
DEBUG: Scraped from <200 https://www.waitrose.com/ecom/shop/browse/groceries/toiletries_health_and_beauty/hair_care/shampoo>
{'client': 'Waitrose', 'time': datetime.datetime(2020, 9, 13, 22, 23, 31, 169458), 'category': 'Shampoo', 'id': 'tPp861587-154949-154950', 'prod_name': 'Batiste dark & deep brown dry shampoo', 'waitrose_Qty': '200ml', 'waitrose_discounted_price': '£4.00', 'waitrose_offer_desc': None, 'waitrose_url': 'https://www.waitrose.com/ecom/shop/browse/groceries/toiletries_health_and_beauty/hair_care/shampoo', 'waitrose_rating': None, 'waitrose_unit_price': '(£2/100ml)', 'waitrose_new_flag': None, 'waitrose_prod_name': 'Batiste dark & deep brown dry shampoo 200ml', 'images': []}
DEBUG: Scraped from <200 https://www.waitrose.com/ecom/shop/browse/groceries/toiletries_health_and_beauty/hair_care/shampoo>
{'client': 'Waitrose', 'time': datetime.datetime(2020, 9, 13, 22, 23, 31, 169458), 'category': 'Shampoo', 'id': 'tPp698673-735854-735855', 'prod_name': 'Pantene Pro V Rose Water Shampoo', 'waitrose_Qty': '225ml', 'waitrose_discounted_price': '£3.75', 'waitrose_offer_desc': None, 'waitrose_url': 'https://www.waitrose.com/ecom/shop/browse/groceries/toiletries_health_and_beauty/hair_care/shampoo', 'waitrose_rating': None, 'waitrose_unit_price': '(£1.67/100ml)', 'waitrose_new_flag': 'NEW', 'waitrose_prod_name': 'Pantene Pro V Rose Water Shampoo 225ml', 'images': []}
DEBUG: Scraped from <200 https://www.waitrose.com/ecom/shop/browse/groceries/toiletries_health_and_beauty/hair_care/shampoo>
{'client': 'Waitrose', 'time': datetime.datetime(2020, 9, 13, 22, 23, 31, 169458), 'category': 'Shampoo', 'id': 'tPp076232-38732-38733', 'prod_name': 'AOrganic Lavender Shampoo', 'waitrose_Qty': '325ml', 'waitrose_discounted_price': '£7.00', 'waitrose_offer_desc': None, 'waitrose_url': 'https://www.waitrose.com/ecom/shop/browse/groceries/toiletries_health_and_beauty/hair_care/shampoo', 'waitrose_rating': '3.8', 'waitrose_unit_price': '(£2.16/100ml)', 'waitrose_new_flag': None, 'waitrose_prod_name': 'AOrganic Lavender Shampoo 325ml', 'images': []}
DEBUG: Scraped from <200 https://www.waitrose.com/ecom/shop/browse/groceries/toiletries_health_and_beauty/hair_care/shampoo>
{'client': 'Waitrose', 'time': datetime.datetime(2020, 9, 13, 22, 23, 31, 169458), 'category': 'Shampoo', 'id': 'tPp889100-330444-330445', 'prod_name': 'AOrganic Rosemary Shampoo', 'waitrose_Qty': '325ml', 'waitrose_discounted_price': '£7.00', 'waitrose_offer_desc': None, 'waitrose_url': 'https://www.waitrose.com/ecom/shop/browse/groceries/toiletries_health_and_beauty/hair_care/shampoo', 'waitrose_rating': '2.5', 'waitrose_unit_price': '(£2.16/100ml)', 'waitrose_new_flag': None, 'waitrose_prod_name': 'AOrganic Rosemary Shampoo 325ml', 'images': []}
DEBUG: Scraped from <200 https://www.waitrose.com/ecom/shop/browse/groceries/toiletries_health_and_beauty/hair_care/shampoo>
{'client': 'Waitrose', 'time': datetime.datetime(2020, 9, 13, 22, 23, 31, 169458), 'category': 'Shampoo', 'id': 'tPp480888-154495-154496', 'prod_name': 'Head & Shoulders Smooth Shampoo', 'waitrose_Qty': '500ml', 'waitrose_discounted_price': '£5.15', 'waitrose_offer_desc': None, 'waitrose_url': 'https://www.waitrose.com/ecom/shop/browse/groceries/toiletries_health_and_beauty/hair_care/shampoo', 'waitrose_rating': '5', 'waitrose_unit_price': '(£1.03/100ml)', 'waitrose_new_flag': None, 'waitrose_prod_name': 'Head & Shoulders Smooth Shampoo 500ml', 'images': []}
DEBUG: Scraped from <200 https://www.waitrose.com/ecom/shop/browse/groceries/toiletries_health_and_beauty/hair_care/shampoo>
{'client': 'Waitrose', 'time': datetime.datetime(2020, 9, 13, 22, 23, 31, 169458), 'category': 'Shampoo', 'id': 'tPp714629-729752-729753', 'prod_name': 'OGX Keratin Oil Shampoo', 'waitrose_Qty': '385ml', 'waitrose_discounted_price': '£7.00', 'waitrose_offer_desc': None, 'waitrose_url': 'https://www.waitrose.com/ecom/shop/browse/groceries/toiletries_health_and_beauty/hair_care/shampoo', 'waitrose_rating': None, 'waitrose_unit_price': '(£1.82/100ml)', 'waitrose_new_flag': None, 'waitrose_prod_name': 'OGX Keratin Oil Shampoo 385ml', 'images': []}
DEBUG: Scraped from <200 https://www.waitrose.com/ecom/shop/browse/groceries/toiletries_health_and_beauty/hair_care/shampoo>
{'client': 'Waitrose', 'time': datetime.datetime(2020, 9, 13, 22, 23, 31, 169458), 'category': 'Shampoo', 'id': 'tPp888765-695909-695910', 'prod_name': 'Umberto Giannini Curl Jelly Wash', 'waitrose_Qty': '250ml', 'waitrose_discounted_price': '£8.00', 'waitrose_offer_desc': 'Mix & Match Add 3 for 2 Cheapest Item Free', 'waitrose_url': 'https://www.waitrose.com/ecom/shop/browse/groceries/toiletries_health_and_beauty/hair_care/shampoo', 'waitrose_rating': '2.5', 'waitrose_unit_price': '(£3.20/100ml)', 'waitrose_new_flag': None, 'waitrose_prod_name': 'Umberto Giannini Curl Jelly Wash 250ml', 'images': []}
DEBUG: Scraped from <200 https://www.waitrose.com/ecom/shop/browse/groceries/toiletries_health_and_beauty/hair_care/shampoo>
{'client': 'Waitrose', 'time': datetime.datetime(2020, 9, 13, 22, 23, 31, 169458), 'category': 'Shampoo', 'id': 'tPp567427-683666-683667', 'prod_name': 'Ogx Charcoal Detox Shampoo', 'waitrose_Qty': '385ml', 'waitrose_discounted_price': '£7.00', 'waitrose_offer_desc': None, 'waitrose_url': 'https://www.waitrose.com/ecom/shop/browse/groceries/toiletries_health_and_beauty/hair_care/shampoo', 'waitrose_rating': None, 'waitrose_unit_price': '(£1.82/100ml)', 'waitrose_new_flag': None, 'waitrose_prod_name': 'Ogx Charcoal Detox Shampoo 385ml', 'images': []}
DEBUG: Scraped from <200 https://www.waitrose.com/ecom/shop/browse/groceries/toiletries_health_and_beauty/hair_care/shampoo>
{'client': 'Waitrose', 'time': datetime.datetime(2020, 9, 13, 22, 23, 31, 169458), 'category': 'Shampoo', 'id': 'tPp721134-337091-337092', 'prod_name': 'Aussie miracle shine shampoo', 'waitrose_Qty': '500ml', 'waitrose_discounted_price': '£6.00', 'waitrose_offer_desc': None, 'waitrose_url': 'https://www.waitrose.com/ecom/shop/browse/groceries/toiletries_health_and_beauty/hair_care/shampoo', 'waitrose_rating': None, 'waitrose_unit_price': '(£1.20/100ml)', 'waitrose_new_flag': None, 'waitrose_prod_name': 'Aussie miracle shine shampoo 500ml', 'images': []}
DEBUG: Scraped from <200 https://www.waitrose.com/ecom/shop/browse/groceries/toiletries_health_and_beauty/hair_care/shampoo>
{'client': 'Waitrose', 'time': datetime.datetime(2020, 9, 13, 22, 23, 31, 169458), 'category': 'Shampoo', 'id': 'tPp567481-719558-719559', 'prod_name': 'Fit Kit Gentle Shampoo &Conditioner', 'waitrose_Qty': '200ml', 'waitrose_discounted_price': '£4.00', 'waitrose_offer_desc': None, 'waitrose_url': 'https://www.waitrose.com/ecom/shop/browse/groceries/toiletries_health_and_beauty/hair_care/shampoo', 'waitrose_rating': '5', 'waitrose_unit_price': '(£2/100ml)', 'waitrose_new_flag': None, 'waitrose_prod_name': 'Fit Kit Gentle Shampoo &Conditioner 200ml', 'images': []}
DEBUG: Scraped from <200 https://www.waitrose.com/ecom/shop/browse/groceries/toiletries_health_and_beauty/hair_care/shampoo>
{'client': 'Waitrose', 'time': datetime.datetime(2020, 9, 13, 22, 23, 31, 169458), 'category': 'Shampoo', 'id': 'tPp694392-98595-98596', 'prod_name': 'Head & Shoulders Shampoo Cool Menthol', 'waitrose_Qty': '500ml', 'waitrose_discounted_price': '£5.15', 'waitrose_offer_desc': None, 'waitrose_url': 'https://www.waitrose.com/ecom/shop/browse/groceries/toiletries_health_and_beauty/hair_care/shampoo', 'waitrose_rating': None, 'waitrose_unit_price': '(£1.03/100ml)', 'waitrose_new_flag': None, 'waitrose_prod_name': 'Head & Shoulders Shampoo Cool Menthol 500ml', 'images': []}
DEBUG: Scraped from <200 https://www.waitrose.com/ecom/shop/browse/groceries/toiletries_health_and_beauty/hair_care/shampoo>
{'client': 'Waitrose', 'time': datetime.datetime(2020, 9, 13, 22, 23, 31, 169458), 'category': 'Shampoo', 'id': 'tPp426973-298983-298984', 'prod_name': 'Head & Shoulders 2in1 Apple Fresh', 'waitrose_Qty': '450ml', 'waitrose_discounted_price': '£5.00', 'waitrose_offer_desc': None, 'waitrose_url': 'https://www.waitrose.com/ecom/shop/browse/groceries/toiletries_health_and_beauty/hair_care/shampoo', 'waitrose_rating': None, 'waitrose_unit_price': '(£1.12/100ml)', 'waitrose_new_flag': None, 'waitrose_prod_name': 'Head & Shoulders 2in1 Apple Fresh 450ml', 'images': []}
DEBUG: Scraped from <200 https://www.waitrose.com/ecom/shop/browse/groceries/toiletries_health_and_beauty/hair_care/shampoo>
{'client': 'Waitrose', 'time': datetime.datetime(2020, 9, 13, 22, 23, 31, 169458), 'category': 'Shampoo', 'id': 'tPp492090-729670-729671', 'prod_name': 'Percy & Reed Volumising Shampoo', 'waitrose_Qty': '250ml', 'waitrose_discounted_price': '£18.00', 'waitrose_offer_desc': None, 'waitrose_url': 'https://www.waitrose.com/ecom/shop/browse/groceries/toiletries_health_and_beauty/hair_care/shampoo', 'waitrose_rating': None, 'waitrose_unit_price': '(£7.20/100ml)', 'waitrose_new_flag': None, 'waitrose_prod_name': 'Percy & Reed Volumising Shampoo 250ml', 'images': []}
DEBUG: Scraped from <200 https://www.waitrose.com/ecom/shop/browse/groceries/toiletries_health_and_beauty/hair_care/shampoo>
{'client': 'Waitrose', 'time': datetime.datetime(2020, 9, 13, 22, 23, 31, 169458), 'category': 'Shampoo', 'id': 'tPp405353-729640-729641', 'prod_name': 'Percy & Reed No-Fuss Dry Shampoo', 'waitrose_Qty': '200ml', 'waitrose_discounted_price': '£15.00', 'waitrose_offer_desc': None, 'waitrose_url': 'https://www.waitrose.com/ecom/shop/browse/groceries/toiletries_health_and_beauty/hair_care/shampoo', 'waitrose_rating': '3.8', 'waitrose_unit_price': '(£7.50/100ml)', 'waitrose_new_flag': None, 'waitrose_prod_name': 'Percy & Reed No-Fuss Dry Shampoo 200ml', 'images': []}
DEBUG: Scraped from <200 https://www.waitrose.com/ecom/shop/browse/groceries/toiletries_health_and_beauty/hair_care/shampoo>
{'client': 'Waitrose', 'time': datetime.datetime(2020, 9, 13, 22, 23, 31, 169458), 'category': 'Shampoo', 'id': 'tPp812614-707138-707139', 'prod_name': 'Beco Spring Meadow Shampoo Bar', 'waitrose_Qty': '90g', 'waitrose_discounted_price': '£4.00', 'waitrose_offer_desc': None, 'waitrose_url': 'https://www.waitrose.com/ecom/shop/browse/groceries/toiletries_health_and_beauty/hair_care/shampoo', 'waitrose_rating': '3.3', 'waitrose_unit_price': '(£4.45/100g)', 'waitrose_new_flag': None, 'waitrose_prod_name': 'Beco Spring Meadow Shampoo Bar 90g', 'images': []}
DEBUG: Scraped from <200 https://www.waitrose.com/ecom/shop/browse/groceries/toiletries_health_and_beauty/hair_care/shampoo>
{'client': 'Waitrose', 'time': datetime.datetime(2020, 9, 13, 22, 23, 31, 169458), 'category': 'Shampoo', 'id': 'tPp863078-695988-695989', 'prod_name': 'Pantene Hair Biology Full & Vibrant', 'waitrose_Qty': '250ml', 'waitrose_discounted_price': '£4.50', 'waitrose_offer_desc': None, 'waitrose_url': 'https://www.waitrose.com/ecom/shop/browse/groceries/toiletries_health_and_beauty/hair_care/shampoo', 'waitrose_rating': None, 'waitrose_unit_price': '(£1.80/100ml)', 'waitrose_new_flag': None, 'waitrose_prod_name': 'Pantene Hair Biology Full & Vibrant 250ml', 'images': []}
DEBUG: Scraped from <200 https://www.waitrose.com/ecom/shop/browse/groceries/toiletries_health_and_beauty/hair_care/shampoo>
{'client': 'Waitrose', 'time': datetime.datetime(2020, 9, 13, 22, 23, 31, 169458), 'category': 'Shampoo', 'id': 'tPp567431-729696-729697', 'prod_name': 'Batiste Dry Shampoo for Blondes', 'waitrose_Qty': '200ml', 'waitrose_discounted_price': '£4.00', 'waitrose_offer_desc': None, 'waitrose_url': 'https://www.waitrose.com/ecom/shop/browse/groceries/toiletries_health_and_beauty/hair_care/shampoo', 'waitrose_rating': None, 'waitrose_unit_price': '(£2/100ml)', 'waitrose_new_flag': None, 'waitrose_prod_name': 'Batiste Dry Shampoo for Blondes 200ml', 'images': []}
DEBUG: Scraped from <200 https://www.waitrose.com/ecom/shop/browse/groceries/toiletries_health_and_beauty/hair_care/shampoo>
{'client': 'Waitrose', 'time': datetime.datetime(2020, 9, 13, 22, 23, 31, 169458), 'category': 'Shampoo', 'id': 'tPp584599-695531-695532', 'prod_name': 'Batiste Dry Shampoo Volume', 'waitrose_Qty': '200ml', 'waitrose_discounted_price': '£4.25', 'waitrose_offer_desc': None, 'waitrose_url': 'https://www.waitrose.com/ecom/shop/browse/groceries/toiletries_health_and_beauty/hair_care/shampoo', 'waitrose_rating': None, 'waitrose_unit_price': '(£2.13/100ml)', 'waitrose_new_flag': None, 'waitrose_prod_name': 'Batiste Dry Shampoo Volume 200ml', 'images': []}
DEBUG: Scraped from <200 https://www.waitrose.com/ecom/shop/browse/groceries/toiletries_health_and_beauty/hair_care/shampoo>
{'client': 'Waitrose', 'time': datetime.datetime(2020, 9, 13, 22, 23, 31, 169458), 'category': 'Shampoo', 'id': 'tPp809690-337194-337195', 'prod_name': 'Head & Shoulders 2in1 Itchy Scalp', 'waitrose_Qty': '450ml', 'waitrose_discounted_price': '£5.15', 'waitrose_offer_desc': None, 'waitrose_url': 'https://www.waitrose.com/ecom/shop/browse/groceries/toiletries_health_and_beauty/hair_care/shampoo', 'waitrose_rating': '5', 'waitrose_unit_price': '(£1.15/100ml)', 'waitrose_new_flag': None, 'waitrose_prod_name': 'Head & Shoulders 2in1 Itchy Scalp 450ml', 'images': []}
DEBUG: Scraped from <200 https://www.waitrose.com/ecom/shop/browse/groceries/toiletries_health_and_beauty/hair_care/shampoo>
{'client': 'Waitrose', 'time': datetime.datetime(2020, 9, 13, 22, 23, 31, 169458), 'category': 'Shampoo', 'id': 'tPp803275-329016-329017', 'prod_name': 'AOrganic Peppermint Shampoo', 'waitrose_Qty': '325ml', 'waitrose_discounted_price': '£7.00', 'waitrose_offer_desc': None, 'waitrose_url': 'https://www.waitrose.com/ecom/shop/browse/groceries/toiletries_health_and_beauty/hair_care/shampoo', 'waitrose_rating': '4', 'waitrose_unit_price': '(£2.16/100ml)', 'waitrose_new_flag': None, 'waitrose_prod_name': 'AOrganic Peppermint Shampoo 325ml', 'images': []}
DEBUG: Scraped from <200 https://www.waitrose.com/ecom/shop/browse/groceries/toiletries_health_and_beauty/hair_care/shampoo>
{'client': 'Waitrose', 'time': datetime.datetime(2020, 9, 13, 22, 23, 31, 169458), 'category': 'Shampoo', 'id': 'tPp401660-588303-588304', 'prod_name': 'Richard Ward Brunette Shampoo', 'waitrose_Qty': '250ml', 'waitrose_discounted_price': '£6.00', 'waitrose_offer_desc': None, 'waitrose_url': 'https://www.waitrose.com/ecom/shop/browse/groceries/toiletries_health_and_beauty/hair_care/shampoo', 'waitrose_rating': '5', 'waitrose_unit_price': '(£2.40/100ml)', 'waitrose_new_flag': None, 'waitrose_prod_name': 'Richard Ward Brunette Shampoo 250ml', 'images': []}
DEBUG: Scraped from <200 https://www.waitrose.com/ecom/shop/browse/groceries/toiletries_health_and_beauty/hair_care/shampoo>
{'client': 'Waitrose', 'time': datetime.datetime(2020, 9, 13, 22, 23, 31, 169458), 'category': 'Shampoo', 'id': 'tPp407272-440973-440974', 'prod_name': 'Richard Ward Chelsea Cleanse & Condition', 'waitrose_Qty': '250ml', 'waitrose_discounted_price': '£6.00', 'waitrose_offer_desc': None, 'waitrose_url': 'https://www.waitrose.com/ecom/shop/browse/groceries/toiletries_health_and_beauty/hair_care/shampoo', 'waitrose_rating': '3.9', 'waitrose_unit_price': '(£2.40/100ml)', 'waitrose_new_flag': None, 'waitrose_prod_name': 'Richard Ward Chelsea Cleanse & Condition 250ml', 'images': []}
DEBUG: Scraped from <200 https://www.waitrose.com/ecom/shop/browse/groceries/toiletries_health_and_beauty/hair_care/shampoo>
{'client': 'Waitrose', 'time': datetime.datetime(2020, 9, 13, 22, 23, 31, 169458), 'category': 'Shampoo', 'id': 'tPp834106-299691-299692', 'prod_name': 'Head & Shoulders 2in1 smooth & silky', 'waitrose_Qty': '450ml', 'waitrose_discounted_price': '£5.00', 'waitrose_offer_desc': None, 'waitrose_url': 'https://www.waitrose.com/ecom/shop/browse/groceries/toiletries_health_and_beauty/hair_care/shampoo', 'waitrose_rating': None, 'waitrose_unit_price': '(£1.12/100ml)', 'waitrose_new_flag': None, 'waitrose_prod_name': 'Head & Shoulders 2in1 smooth & silky 450ml', 'images': []}
DEBUG: Scraped from <200 https://www.waitrose.com/ecom/shop/browse/groceries/toiletries_health_and_beauty/hair_care/shampoo>
{'client': 'Waitrose', 'time': datetime.datetime(2020, 9, 13, 22, 23, 31, 169458), 'category': 'Shampoo', 'id': 'tPp836383-271490-271491', 'prod_name': 'Head & Shoulders 2in1 citrus care', 'waitrose_Qty': '450ml', 'waitrose_discounted_price': '£5.15', 'waitrose_offer_desc': None, 'waitrose_url': 'https://www.waitrose.com/ecom/shop/browse/groceries/toiletries_health_and_beauty/hair_care/shampoo', 'waitrose_rating': None, 'waitrose_unit_price': '(£1.15/100ml)', 'waitrose_new_flag': None, 'waitrose_prod_name': 'Head & Shoulders 2in1 citrus care 450ml', 'images': []}
DEBUG: Scraped from <200 https://www.waitrose.com/ecom/shop/browse/groceries/toiletries_health_and_beauty/hair_care/shampoo>
{'client': 'Waitrose', 'time': datetime.datetime(2020, 9, 13, 22, 23, 31, 169458), 'category': 'Shampoo', 'id': 'tPp581644-729702-729703', 'prod_name': 'Percy & Reed Hydrating Shampoo', 'waitrose_Qty': '250ml', 'waitrose_discounted_price': '£18.00', 'waitrose_offer_desc': None, 'waitrose_url': 'https://www.waitrose.com/ecom/shop/browse/groceries/toiletries_health_and_beauty/hair_care/shampoo', 'waitrose_rating': None, 'waitrose_unit_price': '(£7.20/100ml)', 'waitrose_new_flag': None, 'waitrose_prod_name': 'Percy & Reed Hydrating Shampoo 250ml', 'images': []}
DEBUG: Scraped from <200 https://www.waitrose.com/ecom/shop/browse/groceries/toiletries_health_and_beauty/hair_care/shampoo>
{'client': 'Waitrose', 'time': datetime.datetime(2020, 9, 13, 22, 23, 31, 169458), 'category': 'Shampoo', 'id': 'tPp855732-695986-695987', 'prod_name': 'Hair Biology De-Frizz Shampoo', 'waitrose_Qty': '250ml', 'waitrose_discounted_price': '£4.50', 'waitrose_offer_desc': None, 'waitrose_url': 'https://www.waitrose.com/ecom/shop/browse/groceries/toiletries_health_and_beauty/hair_care/shampoo', 'waitrose_rating': None, 'waitrose_unit_price': '(£1.80/100ml)', 'waitrose_new_flag': None, 'waitrose_prod_name': 'Hair Biology De-Frizz Shampoo 250ml', 'images': []}
DEBUG: Scraped from <200 https://www.waitrose.com/ecom/shop/browse/groceries/toiletries_health_and_beauty/hair_care/shampoo>
{'client': 'Waitrose', 'time': datetime.datetime(2020, 9, 13, 22, 23, 31, 169458), 'category': 'Shampoo', 'id': 'tPp734002-695705-695706', 'prod_name': 'Percy & Reed Wonder Wash Shampoo', 'waitrose_Qty': '250ml', 'waitrose_discounted_price': '£18.00', 'waitrose_offer_desc': None, 'waitrose_url': 'https://www.waitrose.com/ecom/shop/browse/groceries/toiletries_health_and_beauty/hair_care/shampoo', 'waitrose_rating': '4.1', 'waitrose_unit_price': '(£7.20/100ml)', 'waitrose_new_flag': None, 'waitrose_prod_name': 'Percy & Reed Wonder Wash Shampoo 250ml', 'images': []}
DEBUG: Scraped from <200 https://www.waitrose.com/ecom/shop/browse/groceries/toiletries_health_and_beauty/hair_care/shampoo>
{'client': 'Waitrose', 'time': datetime.datetime(2020, 9, 13, 22, 23, 31, 169458), 'category': 'Shampoo', 'id': 'tPp591666-681031-681032', 'prod_name': 'Pure Grace Shower Gel', 'waitrose_Qty': '480ml', 'waitrose_discounted_price': '£19.50', 'waitrose_offer_desc': None, 'waitrose_url': 'https://www.waitrose.com/ecom/shop/browse/groceries/toiletries_health_and_beauty/hair_care/shampoo', 'waitrose_rating': None, 'waitrose_unit_price': '(£4.07/100ml)', 'waitrose_new_flag': None, 'waitrose_prod_name': 'Pure Grace Shower Gel 480ml', 'images': []}
INFO: Closing spider (finished)
INFO: Stored json feed (135 items) in: waitrose_091320.json
INFO: Dumping Scrapy stats:
{'downloader/request_bytes': 2588,
 'downloader/request_count': 1,
 'downloader/request_method_count/POST': 1,
 'downloader/response_bytes': 1701689,
 'downloader/response_count': 1,
 'downloader/response_status_count/200': 1,
 'finish_reason': 'finished',
 'finish_time': datetime.datetime(2020, 9, 13, 16, 54, 54, 60910),
 'item_scraped_count': 135,
 'log_count/DEBUG': 136,
 'log_count/INFO': 11,
 'log_count/WARNING': 1,
 'response_received_count': 1,
 'scheduler/dequeued': 2,
 'scheduler/dequeued/memory': 2,
 'scheduler/enqueued': 2,
 'scheduler/enqueued/memory': 2,
 'splash/execute/request_count': 1,
 'splash/execute/response_count/200': 1,
 'start_time': datetime.datetime(2020, 9, 13, 16, 53, 31, 965378)}
INFO: Spider closed (finished)
INFO: Scrapy 1.6.0 started (bot: waitrose)
INFO: Versions: lxml 4.5.1.0, libxml2 2.9.10, cssselect 1.1.0, parsel 1.6.0, w3lib 1.22.0, Twisted 20.3.0, Python 3.7.7 (default, May  6 2020, 11:45:54) [MSC v.1916 64 bit (AMD64)], pyOpenSSL 19.1.0 (OpenSSL 1.1.1g  21 Apr 2020), cryptography 2.9.2, Platform Windows-10-10.0.18362-SP0
INFO: Overridden settings: {'BOT_NAME': 'waitrose', 'DOWNLOAD_TIMEOUT': 1200, 'DUPEFILTER_CLASS': 'scrapy_splash.SplashAwareDupeFilter', 'FEED_EXPORT_ENCODING': 'utf-8', 'FEED_FORMAT': 'json', 'FEED_URI': 'waitrose_091420.json', 'NEWSPIDER_MODULE': 'waitrose.spiders', 'SPIDER_MODULES': ['waitrose.spiders']}
INFO: Telnet Password: f1d41df7ab0ae9f4
INFO: Enabled extensions:
['scrapy.extensions.corestats.CoreStats',
 'scrapy.extensions.telnet.TelnetConsole',
 'scrapy.extensions.feedexport.FeedExporter',
 'scrapy.extensions.logstats.LogStats']
INFO: Enabled downloader middlewares:
['scrapy.downloadermiddlewares.httpauth.HttpAuthMiddleware',
 'scrapy.downloadermiddlewares.downloadtimeout.DownloadTimeoutMiddleware',
 'scrapy.downloadermiddlewares.defaultheaders.DefaultHeadersMiddleware',
 'scrapy.downloadermiddlewares.useragent.UserAgentMiddleware',
 'scrapy.downloadermiddlewares.retry.RetryMiddleware',
 'scrapy.downloadermiddlewares.redirect.MetaRefreshMiddleware',
 'scrapy.downloadermiddlewares.redirect.RedirectMiddleware',
 'scrapy.downloadermiddlewares.cookies.CookiesMiddleware',
 'scrapy_splash.SplashCookiesMiddleware',
 'scrapy_splash.SplashMiddleware',
 'scrapy.downloadermiddlewares.httpproxy.HttpProxyMiddleware',
 'scrapy.downloadermiddlewares.httpcompression.HttpCompressionMiddleware',
 'scrapy.downloadermiddlewares.stats.DownloaderStats']
INFO: Enabled spider middlewares:
['scrapy.spidermiddlewares.httperror.HttpErrorMiddleware',
 'scrapy_splash.SplashDeduplicateArgsMiddleware',
 'scrapy.spidermiddlewares.offsite.OffsiteMiddleware',
 'scrapy.spidermiddlewares.referer.RefererMiddleware',
 'scrapy.spidermiddlewares.urllength.UrlLengthMiddleware',
 'scrapy.spidermiddlewares.depth.DepthMiddleware']
INFO: Enabled item pipelines:
['waitrose.pipelines.ImageDownloaderPipeline',
 'waitrose.pipelines.SQLlitePipeline']
INFO: Spider opened
INFO: Crawled 0 pages (at 0 pages/min), scraped 0 items (at 0 items/min)
WARNING: C:\Users\sujithk\AppData\Local\Continuum\anaconda3\envs\Virtual_Env\lib\site-packages\scrapy\spidermiddlewares\offsite.py:61: URLWarning: allowed_domains accepts only domains, not URLs. Ignoring URL entry https://www.waitrose.com/ in allowed_domains.
  warnings.warn(message, URLWarning)

INFO: Telnet console listening on 127.0.0.1:6023
INFO: Crawled 0 pages (at 0 pages/min), scraped 0 items (at 0 items/min)
DEBUG: Crawled (200) <GET https://www.waitrose.com/ecom/shop/browse/groceries/toiletries_health_and_beauty/hair_care/shampoo via http://192.168.1.2:8050/execute> (referer: None)
DEBUG: Scraped from <200 https://www.waitrose.com/ecom/shop/browse/groceries/toiletries_health_and_beauty/hair_care/shampoo>
{'client': 'Waitrose', 'time': datetime.datetime(2020, 9, 14, 12, 20, 13, 264939), 'category': 'Shampoo', 'id': 'tPp096508-49364-49365', 'prod_name': 'Aussie Miracle Moist Shampoo', 'waitrose_Qty': '300ml', 'waitrose_discounted_price': '£2.05', 'waitrose_offer_desc': 'Half Price.', 'waitrose_url': 'https://www.waitrose.com/ecom/shop/browse/groceries/toiletries_health_and_beauty/hair_care/shampoo', 'waitrose_rating': '3.7', 'waitrose_unit_price': '(68.3p/100ml)', 'waitrose_new_flag': None, 'waitrose_prod_name': 'Aussie Miracle Moist Shampoo 300ml', 'images': []}
DEBUG: Scraped from <200 https://www.waitrose.com/ecom/shop/browse/groceries/toiletries_health_and_beauty/hair_care/shampoo>
{'client': 'Waitrose', 'time': datetime.datetime(2020, 9, 14, 12, 20, 13, 264939), 'category': 'Shampoo', 'id': 'tPp059421-29947-29948', 'prod_name': 'Aussie Aussome Volume Shampoo', 'waitrose_Qty': '300ml', 'waitrose_discounted_price': '£2.00', 'waitrose_offer_desc': 'Half Price.', 'waitrose_url': 'https://www.waitrose.com/ecom/shop/browse/groceries/toiletries_health_and_beauty/hair_care/shampoo', 'waitrose_rating': '5', 'waitrose_unit_price': '(66.7p/100ml)', 'waitrose_new_flag': None, 'waitrose_prod_name': 'Aussie Aussome Volume Shampoo 300ml', 'images': []}
DEBUG: Scraped from <200 https://www.waitrose.com/ecom/shop/browse/groceries/toiletries_health_and_beauty/hair_care/shampoo>
{'client': 'Waitrose', 'time': datetime.datetime(2020, 9, 14, 12, 20, 13, 264939), 'category': 'Shampoo', 'id': 'tPp096232-49248-49249', 'prod_name': 'Aussie Mega Shampoo', 'waitrose_Qty': '300ml', 'waitrose_discounted_price': '£2.05', 'waitrose_offer_desc': 'Half Price.', 'waitrose_url': 'https://www.waitrose.com/ecom/shop/browse/groceries/toiletries_health_and_beauty/hair_care/shampoo', 'waitrose_rating': '2.5', 'waitrose_unit_price': '(68.3p/100ml)', 'waitrose_new_flag': None, 'waitrose_prod_name': 'Aussie Mega Shampoo 300ml', 'images': []}
DEBUG: Scraped from <200 https://www.waitrose.com/ecom/shop/browse/groceries/toiletries_health_and_beauty/hair_care/shampoo>
{'client': 'Waitrose', 'time': datetime.datetime(2020, 9, 14, 12, 20, 13, 264939), 'category': 'Shampoo', 'id': 'tPp092708-47659-47660', 'prod_name': 'Vosene Original Shampoo', 'waitrose_Qty': '250ml', 'waitrose_discounted_price': '£1.36', 'waitrose_offer_desc': 'Save 1/3.', 'waitrose_url': 'https://www.waitrose.com/ecom/shop/browse/groceries/toiletries_health_and_beauty/hair_care/shampoo', 'waitrose_rating': '5', 'waitrose_unit_price': '(54.4p/100ml)', 'waitrose_new_flag': None, 'waitrose_prod_name': 'Vosene Original Shampoo 250ml', 'images': []}
DEBUG: Scraped from <200 https://www.waitrose.com/ecom/shop/browse/groceries/toiletries_health_and_beauty/hair_care/shampoo>
{'client': 'Waitrose', 'time': datetime.datetime(2020, 9, 14, 12, 20, 13, 264939), 'category': 'Shampoo', 'id': 'tPp092708-47659-47660', 'prod_name': 'Vosene Original Shampoo', 'waitrose_Qty': '250ml', 'waitrose_discounted_price': '£1.36', 'waitrose_offer_desc': 'Save 1/3.', 'waitrose_url': 'https://www.waitrose.com/ecom/shop/browse/groceries/toiletries_health_and_beauty/hair_care/shampoo', 'waitrose_rating': '5', 'waitrose_unit_price': '(54.4p/100ml)', 'waitrose_new_flag': None, 'waitrose_prod_name': 'Vosene Original Shampoo 250ml', 'images': []}
DEBUG: Scraped from <200 https://www.waitrose.com/ecom/shop/browse/groceries/toiletries_health_and_beauty/hair_care/shampoo>
{'client': 'Waitrose', 'time': datetime.datetime(2020, 9, 14, 12, 20, 13, 264939), 'category': 'Shampoo', 'id': 'tPp799806-683814-683815', 'prod_name': 'Tresemmé Shampoo Moisture Rich', 'waitrose_Qty': '800ml', 'waitrose_discounted_price': '£2.75', 'waitrose_offer_desc': 'Half Price.', 'waitrose_url': 'https://www.waitrose.com/ecom/shop/browse/groceries/toiletries_health_and_beauty/hair_care/shampoo', 'waitrose_rating': None, 'waitrose_unit_price': '(34.4p/100ml)', 'waitrose_new_flag': None, 'waitrose_prod_name': 'Tresemmé Shampoo Moisture Rich 800ml', 'images': []}
DEBUG: Scraped from <200 https://www.waitrose.com/ecom/shop/browse/groceries/toiletries_health_and_beauty/hair_care/shampoo>
{'client': 'Waitrose', 'time': datetime.datetime(2020, 9, 14, 12, 20, 13, 264939), 'category': 'Shampoo', 'id': 'tPp639145-337007-337008', 'prod_name': 'Tresemmé Shampoo Deep Cleansing', 'waitrose_Qty': '800ml', 'waitrose_discounted_price': '£2.75', 'waitrose_offer_desc': 'Half Price.', 'waitrose_url': 'https://www.waitrose.com/ecom/shop/browse/groceries/toiletries_health_and_beauty/hair_care/shampoo', 'waitrose_rating': '5', 'waitrose_unit_price': '(34.4p/100ml)', 'waitrose_new_flag': None, 'waitrose_prod_name': 'Tresemmé Shampoo Deep Cleansing 800ml', 'images': []}
DEBUG: Scraped from <200 https://www.waitrose.com/ecom/shop/browse/groceries/toiletries_health_and_beauty/hair_care/shampoo>
{'client': 'Waitrose', 'time': datetime.datetime(2020, 9, 14, 12, 20, 13, 264939), 'category': 'Shampoo', 'id': 'tPp083596-42439-42440', 'prod_name': 'Aussie Colour Mate Shampoo', 'waitrose_Qty': '300ml', 'waitrose_discounted_price': '£2.05', 'waitrose_offer_desc': 'Half Price.', 'waitrose_url': 'https://www.waitrose.com/ecom/shop/browse/groceries/toiletries_health_and_beauty/hair_care/shampoo', 'waitrose_rating': '5', 'waitrose_unit_price': '(68.3p/100ml)', 'waitrose_new_flag': None, 'waitrose_prod_name': 'Aussie Colour Mate Shampoo 300ml', 'images': []}
DEBUG: Scraped from <200 https://www.waitrose.com/ecom/shop/browse/groceries/toiletries_health_and_beauty/hair_care/shampoo>
{'client': 'Waitrose', 'time': datetime.datetime(2020, 9, 14, 12, 20, 13, 264939), 'category': 'Shampoo', 'id': 'tPp364793-255761-255762', 'prod_name': 'Aussie Miracle Shine Shampoo', 'waitrose_Qty': '300ml', 'waitrose_discounted_price': '£2.00', 'waitrose_offer_desc': 'Half Price.', 'waitrose_url': 'https://www.waitrose.com/ecom/shop/browse/groceries/toiletries_health_and_beauty/hair_care/shampoo', 'waitrose_rating': None, 'waitrose_unit_price': '(66.7p/100ml)', 'waitrose_new_flag': None, 'waitrose_prod_name': 'Aussie Miracle Shine Shampoo 300ml', 'images': []}
DEBUG: Scraped from <200 https://www.waitrose.com/ecom/shop/browse/groceries/toiletries_health_and_beauty/hair_care/shampoo>
{'client': 'Waitrose', 'time': datetime.datetime(2020, 9, 14, 12, 20, 13, 264939), 'category': 'Shampoo', 'id': 'tPp819563-729788-729789', 'prod_name': 'Aussie Blonde Purple Shampoo', 'waitrose_Qty': '290ml', 'waitrose_discounted_price': '£2.99', 'waitrose_offer_desc': 'Half Price.', 'waitrose_url': 'https://www.waitrose.com/ecom/shop/browse/groceries/toiletries_health_and_beauty/hair_care/shampoo', 'waitrose_rating': None, 'waitrose_unit_price': '(£1.04/100ml)', 'waitrose_new_flag': None, 'waitrose_prod_name': 'Aussie Blonde Purple Shampoo 290ml', 'images': []}
DEBUG: Scraped from <200 https://www.waitrose.com/ecom/shop/browse/groceries/toiletries_health_and_beauty/hair_care/shampoo>
{'client': 'Waitrose', 'time': datetime.datetime(2020, 9, 14, 12, 20, 13, 264939), 'category': 'Shampoo', 'id': 'tPp819340-720339-720340', 'prod_name': 'Head & Shoulders Supreme Shampoo', 'waitrose_Qty': '400ml', 'waitrose_discounted_price': '£3.33', 'waitrose_offer_desc': 'Save 1/3.', 'waitrose_url': 'https://www.waitrose.com/ecom/shop/browse/groceries/toiletries_health_and_beauty/hair_care/shampoo', 'waitrose_rating': None, 'waitrose_unit_price': '(83.3p/100ml)', 'waitrose_new_flag': None, 'waitrose_prod_name': 'Head & Shoulders Supreme Shampoo 400ml', 'images': []}
DEBUG: Scraped from <200 https://www.waitrose.com/ecom/shop/browse/groceries/toiletries_health_and_beauty/hair_care/shampoo>
{'client': 'Waitrose', 'time': datetime.datetime(2020, 9, 14, 12, 20, 13, 264939), 'category': 'Shampoo', 'id': 'tPp433216-720111-720112', 'prod_name': 'John Frieda Hydrate & Recharge Shampoo', 'waitrose_Qty': '250ml', 'waitrose_discounted_price': '£3.99', 'waitrose_offer_desc': 'Save 1/3.', 'waitrose_url': 'https://www.waitrose.com/ecom/shop/browse/groceries/toiletries_health_and_beauty/hair_care/shampoo', 'waitrose_rating': None, 'waitrose_unit_price': '(£1.60/100ml)', 'waitrose_new_flag': None, 'waitrose_prod_name': 'John Frieda Hydrate & Recharge Shampoo 250ml', 'images': []}
DEBUG: Scraped from <200 https://www.waitrose.com/ecom/shop/browse/groceries/toiletries_health_and_beauty/hair_care/shampoo>
{'client': 'Waitrose', 'time': datetime.datetime(2020, 9, 14, 12, 20, 13, 264939), 'category': 'Shampoo', 'id': 'tPp610920-86669-86670', 'prod_name': 'Sheer Blonde Go Blonder Shampoo', 'waitrose_Qty': '250ml', 'waitrose_discounted_price': '£3.99', 'waitrose_offer_desc': 'Save 1/3.', 'waitrose_url': 'https://www.waitrose.com/ecom/shop/browse/groceries/toiletries_health_and_beauty/hair_care/shampoo', 'waitrose_rating': '3.5', 'waitrose_unit_price': '(£1.60/100ml)', 'waitrose_new_flag': None, 'waitrose_prod_name': 'Sheer Blonde Go Blonder Shampoo 250ml', 'images': []}
DEBUG: Scraped from <200 https://www.waitrose.com/ecom/shop/browse/groceries/toiletries_health_and_beauty/hair_care/shampoo>
{'client': 'Waitrose', 'time': datetime.datetime(2020, 9, 14, 12, 20, 13, 264939), 'category': 'Shampoo', 'id': 'tPp011495-5706-5707', 'prod_name': 'John Frieda Shampoo Touchably Full', 'waitrose_Qty': '250ml', 'waitrose_discounted_price': '£3.99', 'waitrose_offer_desc': 'Save 1/3.', 'waitrose_url': 'https://www.waitrose.com/ecom/shop/browse/groceries/toiletries_health_and_beauty/hair_care/shampoo', 'waitrose_rating': '4', 'waitrose_unit_price': '(£1.60/100ml)', 'waitrose_new_flag': None, 'waitrose_prod_name': 'John Frieda Shampoo Touchably Full 250ml', 'images': []}
DEBUG: Scraped from <200 https://www.waitrose.com/ecom/shop/browse/groceries/toiletries_health_and_beauty/hair_care/shampoo>
{'client': 'Waitrose', 'time': datetime.datetime(2020, 9, 14, 12, 20, 13, 264939), 'category': 'Shampoo', 'id': 'tPp775870-724036-724037', 'prod_name': 'Faith in Nature Wild Rose Shampoo', 'waitrose_Qty': '400ml', 'waitrose_discounted_price': '£3.86', 'waitrose_offer_desc': 'Save 1/3.', 'waitrose_url': 'https://www.waitrose.com/ecom/shop/browse/groceries/toiletries_health_and_beauty/hair_care/shampoo', 'waitrose_rating': '5', 'waitrose_unit_price': '(96.5p/100ml)', 'waitrose_new_flag': None, 'waitrose_prod_name': 'Faith in Nature Wild Rose Shampoo 400ml', 'images': []}
DEBUG: Scraped from <200 https://www.waitrose.com/ecom/shop/browse/groceries/toiletries_health_and_beauty/hair_care/shampoo>
{'client': 'Waitrose', 'time': datetime.datetime(2020, 9, 14, 12, 20, 13, 264939), 'category': 'Shampoo', 'id': 'tPp502437-720153-720154', 'prod_name': 'Aussie Calm The Frizz Shampoo', 'waitrose_Qty': '300ml', 'waitrose_discounted_price': '£2.00', 'waitrose_offer_desc': 'Half Price.', 'waitrose_url': 'https://www.waitrose.com/ecom/shop/browse/groceries/toiletries_health_and_beauty/hair_care/shampoo', 'waitrose_rating': None, 'waitrose_unit_price': '(66.7p/100ml)', 'waitrose_new_flag': None, 'waitrose_prod_name': 'Aussie Calm The Frizz Shampoo 300ml', 'images': []}
DEBUG: Scraped from <200 https://www.waitrose.com/ecom/shop/browse/groceries/toiletries_health_and_beauty/hair_care/shampoo>
{'client': 'Waitrose', 'time': datetime.datetime(2020, 9, 14, 12, 20, 13, 264939), 'category': 'Shampoo', 'id': 'tPp494340-69860-69861', 'prod_name': "Neal's Yard Rose Shampoo", 'waitrose_Qty': '200ml', 'waitrose_discounted_price': '£7.66', 'waitrose_offer_desc': 'Save 1/3.', 'waitrose_url': 'https://www.waitrose.com/ecom/shop/browse/groceries/toiletries_health_and_beauty/hair_care/shampoo', 'waitrose_rating': '3.1', 'waitrose_unit_price': '(£3.83/100ml)', 'waitrose_new_flag': None, 'waitrose_prod_name': "Neal's Yard Rose Shampoo 200ml", 'images': []}
DEBUG: Scraped from <200 https://www.waitrose.com/ecom/shop/browse/groceries/toiletries_health_and_beauty/hair_care/shampoo>
{'client': 'Waitrose', 'time': datetime.datetime(2020, 9, 14, 12, 20, 13, 264939), 'category': 'Shampoo', 'id': 'tPp455905-591789-591790', 'prod_name': 'Herbal Essences clean Shampoo', 'waitrose_Qty': '400ml', 'waitrose_discounted_price': '£4.50', 'waitrose_offer_desc': None, 'waitrose_url': 'https://www.waitrose.com/ecom/shop/browse/groceries/toiletries_health_and_beauty/hair_care/shampoo', 'waitrose_rating': None, 'waitrose_unit_price': '(£1.13/100ml)', 'waitrose_new_flag': None, 'waitrose_prod_name': 'Herbal Essences clean Shampoo 400ml', 'images': []}
DEBUG: Scraped from <200 https://www.waitrose.com/ecom/shop/browse/groceries/toiletries_health_and_beauty/hair_care/shampoo>
{'client': 'Waitrose', 'time': datetime.datetime(2020, 9, 14, 12, 20, 13, 264939), 'category': 'Shampoo', 'id': 'tPp595050-720203-720204', 'prod_name': 'Herbal Essences Coconut Shampoo', 'waitrose_Qty': '250ml', 'waitrose_discounted_price': '£2.00', 'waitrose_offer_desc': 'Save 1/3.', 'waitrose_url': 'https://www.waitrose.com/ecom/shop/browse/groceries/toiletries_health_and_beauty/hair_care/shampoo', 'waitrose_rating': None, 'waitrose_unit_price': '(80p/100ml)', 'waitrose_new_flag': None, 'waitrose_prod_name': 'Herbal Essences Coconut Shampoo 250ml', 'images': []}
DEBUG: Scraped from <200 https://www.waitrose.com/ecom/shop/browse/groceries/toiletries_health_and_beauty/hair_care/shampoo>
{'client': 'Waitrose', 'time': datetime.datetime(2020, 9, 14, 12, 20, 13, 264939), 'category': 'Shampoo', 'id': 'tPp747801-683764-683765', 'prod_name': 'Aussie Shampoo Scent-sational', 'waitrose_Qty': '300ml', 'waitrose_discounted_price': '£2.00', 'waitrose_offer_desc': 'Half Price.', 'waitrose_url': 'https://www.waitrose.com/ecom/shop/browse/groceries/toiletries_health_and_beauty/hair_care/shampoo', 'waitrose_rating': '5', 'waitrose_unit_price': '(66.7p/100ml)', 'waitrose_new_flag': None, 'waitrose_prod_name': 'Aussie Shampoo Scent-sational 300ml', 'images': []}
DEBUG: Scraped from <200 https://www.waitrose.com/ecom/shop/browse/groceries/toiletries_health_and_beauty/hair_care/shampoo>
{'client': 'Waitrose', 'time': datetime.datetime(2020, 9, 14, 12, 20, 13, 264939), 'category': 'Shampoo', 'id': 'tPp833802-337290-337291', 'prod_name': 'Aussie Miracle Moist Spray', 'waitrose_Qty': '250ml', 'waitrose_discounted_price': '£2.57', 'waitrose_offer_desc': 'Half Price.', 'waitrose_url': 'https://www.waitrose.com/ecom/shop/browse/groceries/toiletries_health_and_beauty/hair_care/shampoo', 'waitrose_rating': None, 'waitrose_unit_price': '(£1.03/100ml)', 'waitrose_new_flag': None, 'waitrose_prod_name': 'Aussie Miracle Moist Spray 250ml', 'images': []}
DEBUG: Scraped from <200 https://www.waitrose.com/ecom/shop/browse/groceries/toiletries_health_and_beauty/hair_care/shampoo>
{'client': 'Waitrose', 'time': datetime.datetime(2020, 9, 14, 12, 20, 13, 264939), 'category': 'Shampoo', 'id': 'tPp538896-720173-720174', 'prod_name': 'Herbal Essences Argan Oil Shampoo', 'waitrose_Qty': '250ml', 'waitrose_discounted_price': '£2.00', 'waitrose_offer_desc': 'Save 1/3.', 'waitrose_url': 'https://www.waitrose.com/ecom/shop/browse/groceries/toiletries_health_and_beauty/hair_care/shampoo', 'waitrose_rating': None, 'waitrose_unit_price': '(80p/100ml)', 'waitrose_new_flag': None, 'waitrose_prod_name': 'Herbal Essences Argan Oil Shampoo 250ml', 'images': []}
DEBUG: Scraped from <200 https://www.waitrose.com/ecom/shop/browse/groceries/toiletries_health_and_beauty/hair_care/shampoo>
{'client': 'Waitrose', 'time': datetime.datetime(2020, 9, 14, 12, 20, 13, 264939), 'category': 'Shampoo', 'id': 'tPp583946-82773-82774', 'prod_name': "Neal's Yard Lavender Shampoo", 'waitrose_Qty': '200ml', 'waitrose_discounted_price': '£7.66', 'waitrose_offer_desc': 'Save 1/3.', 'waitrose_url': 'https://www.waitrose.com/ecom/shop/browse/groceries/toiletries_health_and_beauty/hair_care/shampoo', 'waitrose_rating': '2.3', 'waitrose_unit_price': '(£3.83/100ml)', 'waitrose_new_flag': None, 'waitrose_prod_name': "Neal's Yard Lavender Shampoo 200ml", 'images': []}
DEBUG: Scraped from <200 https://www.waitrose.com/ecom/shop/browse/groceries/toiletries_health_and_beauty/hair_care/shampoo>
{'client': 'Waitrose', 'time': datetime.datetime(2020, 9, 14, 12, 20, 13, 264939), 'category': 'Shampoo', 'id': 'tPp847454-724141-724142', 'prod_name': 'Faith in Nature Grapefruit Shampoo', 'waitrose_Qty': '400ml', 'waitrose_discounted_price': '£3.86', 'waitrose_offer_desc': 'Save 1/3.', 'waitrose_url': 'https://www.waitrose.com/ecom/shop/browse/groceries/toiletries_health_and_beauty/hair_care/shampoo', 'waitrose_rating': '5', 'waitrose_unit_price': '(96.5p/100ml)', 'waitrose_new_flag': None, 'waitrose_prod_name': 'Faith in Nature Grapefruit Shampoo 400ml', 'images': []}
DEBUG: Scraped from <200 https://www.waitrose.com/ecom/shop/browse/groceries/toiletries_health_and_beauty/hair_care/shampoo>
{'client': 'Waitrose', 'time': datetime.datetime(2020, 9, 14, 12, 20, 13, 264939), 'category': 'Shampoo', 'id': 'tPp702159-494964-494965', 'prod_name': 'DGJ Argan Oil Shampoo', 'waitrose_Qty': '250ml', 'waitrose_discounted_price': '£2.50', 'waitrose_offer_desc': 'Half Price.', 'waitrose_url': 'https://www.waitrose.com/ecom/shop/browse/groceries/toiletries_health_and_beauty/hair_care/shampoo', 'waitrose_rating': None, 'waitrose_unit_price': '(£1/100ml)', 'waitrose_new_flag': None, 'waitrose_prod_name': 'DGJ Argan Oil Shampoo 250ml', 'images': []}
DEBUG: Scraped from <200 https://www.waitrose.com/ecom/shop/browse/groceries/toiletries_health_and_beauty/hair_care/shampoo>
{'client': 'Waitrose', 'time': datetime.datetime(2020, 9, 14, 12, 20, 13, 264939), 'category': 'Shampoo', 'id': 'tPp701301-99532-99533', 'prod_name': 'Essential Daily Care Shampoo', 'waitrose_Qty': '300ml', 'waitrose_discounted_price': '80p', 'waitrose_offer_desc': None, 'waitrose_url': 'https://www.waitrose.com/ecom/shop/browse/groceries/toiletries_health_and_beauty/hair_care/shampoo', 'waitrose_rating': '4.1', 'waitrose_unit_price': '(26.7p/100ml)', 'waitrose_new_flag': None, 'waitrose_prod_name': 'Essential Daily Care Shampoo 300ml', 'images': []}
DEBUG: Scraped from <200 https://www.waitrose.com/ecom/shop/browse/groceries/toiletries_health_and_beauty/hair_care/shampoo>
{'client': 'Waitrose', 'time': datetime.datetime(2020, 9, 14, 12, 20, 13, 264939), 'category': 'Shampoo', 'id': 'tPp425124-59787-59788', 'prod_name': 'Brilliant Brunette Protecting Shampoo', 'waitrose_Qty': '250ml', 'waitrose_discounted_price': '£3.99', 'waitrose_offer_desc': 'Save 1/3.', 'waitrose_url': 'https://www.waitrose.com/ecom/shop/browse/groceries/toiletries_health_and_beauty/hair_care/shampoo', 'waitrose_rating': None, 'waitrose_unit_price': '(£1.60/100ml)', 'waitrose_new_flag': None, 'waitrose_prod_name': 'Brilliant Brunette Protecting Shampoo 250ml', 'images': []}
DEBUG: Scraped from <200 https://www.waitrose.com/ecom/shop/browse/groceries/toiletries_health_and_beauty/hair_care/shampoo>
{'client': 'Waitrose', 'time': datetime.datetime(2020, 9, 14, 12, 20, 13, 264939), 'category': 'Shampoo', 'id': 'tPp725068-723986-723987', 'prod_name': 'Faith in Nature Lavender Shampoo', 'waitrose_Qty': '400ml', 'waitrose_discounted_price': '£3.86', 'waitrose_offer_desc': 'Save 1/3.', 'waitrose_url': 'https://www.waitrose.com/ecom/shop/browse/groceries/toiletries_health_and_beauty/hair_care/shampoo', 'waitrose_rating': None, 'waitrose_unit_price': '(96.5p/100ml)', 'waitrose_new_flag': None, 'waitrose_prod_name': 'Faith in Nature Lavender Shampoo 400ml', 'images': []}
DEBUG: Scraped from <200 https://www.waitrose.com/ecom/shop/browse/groceries/toiletries_health_and_beauty/hair_care/shampoo>
{'client': 'Waitrose', 'time': datetime.datetime(2020, 9, 14, 12, 20, 13, 264939), 'category': 'Shampoo', 'id': 'tPp735040-695707-695708', 'prod_name': 'Vosene Kids 3in1 Tea Tree Shampoo', 'waitrose_Qty': '250ml', 'waitrose_discounted_price': '£1.66', 'waitrose_offer_desc': 'Save 1/3.', 'waitrose_url': 'https://www.waitrose.com/ecom/shop/browse/groceries/toiletries_health_and_beauty/hair_care/shampoo', 'waitrose_rating': None, 'waitrose_unit_price': '(66.4p/100ml)', 'waitrose_new_flag': None, 'waitrose_prod_name': 'Vosene Kids 3in1 Tea Tree Shampoo 250ml', 'images': []}
DEBUG: Scraped from <200 https://www.waitrose.com/ecom/shop/browse/groceries/toiletries_health_and_beauty/hair_care/shampoo>
{'client': 'Waitrose', 'time': datetime.datetime(2020, 9, 14, 12, 20, 13, 264939), 'category': 'Shampoo', 'id': 'tPp414862-695397-695398', 'prod_name': 'Noughty Wave Hello Shampoo', 'waitrose_Qty': '250ml', 'waitrose_discounted_price': '£4.66', 'waitrose_offer_desc': 'Save 1/3.', 'waitrose_url': 'https://www.waitrose.com/ecom/shop/browse/groceries/toiletries_health_and_beauty/hair_care/shampoo', 'waitrose_rating': None, 'waitrose_unit_price': '(£1.87/100ml)', 'waitrose_new_flag': None, 'waitrose_prod_name': 'Noughty Wave Hello Shampoo 250ml', 'images': []}
DEBUG: Scraped from <200 https://www.waitrose.com/ecom/shop/browse/groceries/toiletries_health_and_beauty/hair_care/shampoo>
{'client': 'Waitrose', 'time': datetime.datetime(2020, 9, 14, 12, 20, 13, 264939), 'category': 'Shampoo', 'id': 'tPp865734-216867-216868', 'prod_name': 'Ogx Argan Oil of Morocco Shampoo', 'waitrose_Qty': '385ml', 'waitrose_discounted_price': '£7.00', 'waitrose_offer_desc': None, 'waitrose_url': 'https://www.waitrose.com/ecom/shop/browse/groceries/toiletries_health_and_beauty/hair_care/shampoo', 'waitrose_rating': '3.4', 'waitrose_unit_price': '(£1.82/100ml)', 'waitrose_new_flag': None, 'waitrose_prod_name': 'Ogx Argan Oil of Morocco Shampoo 385ml', 'images': []}
DEBUG: Scraped from <200 https://www.waitrose.com/ecom/shop/browse/groceries/toiletries_health_and_beauty/hair_care/shampoo>
{'client': 'Waitrose', 'time': datetime.datetime(2020, 9, 14, 12, 20, 13, 264939), 'category': 'Shampoo', 'id': 'tPp425163-526469-526470', 'prod_name': 'Frizz Ease Shampoo Miraculous Recovery', 'waitrose_Qty': '250ml', 'waitrose_discounted_price': '£3.99', 'waitrose_offer_desc': 'Save 1/3.', 'waitrose_url': 'https://www.waitrose.com/ecom/shop/browse/groceries/toiletries_health_and_beauty/hair_care/shampoo', 'waitrose_rating': None, 'waitrose_unit_price': '(£1.60/100ml)', 'waitrose_new_flag': None, 'waitrose_prod_name': 'Frizz Ease Shampoo Miraculous Recovery 250ml', 'images': []}
DEBUG: Scraped from <200 https://www.waitrose.com/ecom/shop/browse/groceries/toiletries_health_and_beauty/hair_care/shampoo>
{'client': 'Waitrose', 'time': datetime.datetime(2020, 9, 14, 12, 20, 13, 264939), 'category': 'Shampoo', 'id': 'tPp535961-75786-75787', 'prod_name': 'essential Waitrose Nourishing Shampoo', 'waitrose_Qty': '300ml', 'waitrose_discounted_price': '80p', 'waitrose_offer_desc': None, 'waitrose_url': 'https://www.waitrose.com/ecom/shop/browse/groceries/toiletries_health_and_beauty/hair_care/shampoo', 'waitrose_rating': '4.3', 'waitrose_unit_price': '(26.7p/100ml)', 'waitrose_new_flag': None, 'waitrose_prod_name': 'essential Waitrose Nourishing Shampoo 300ml', 'images': []}
DEBUG: Scraped from <200 https://www.waitrose.com/ecom/shop/browse/groceries/toiletries_health_and_beauty/hair_care/shampoo>
{'client': 'Waitrose', 'time': datetime.datetime(2020, 9, 14, 12, 20, 13, 264939), 'category': 'Shampoo', 'id': 'tPp745828-495012-495013', 'prod_name': 'DGJ Kids Lice Repel Shampoo', 'waitrose_Qty': '250ml', 'waitrose_discounted_price': '£1.75', 'waitrose_offer_desc': 'Half Price.', 'waitrose_url': 'https://www.waitrose.com/ecom/shop/browse/groceries/toiletries_health_and_beauty/hair_care/shampoo', 'waitrose_rating': None, 'waitrose_unit_price': '(70p/100ml)', 'waitrose_new_flag': None, 'waitrose_prod_name': 'DGJ Kids Lice Repel Shampoo 250ml', 'images': []}
DEBUG: Scraped from <200 https://www.waitrose.com/ecom/shop/browse/groceries/toiletries_health_and_beauty/hair_care/shampoo>
{'client': 'Waitrose', 'time': datetime.datetime(2020, 9, 14, 12, 20, 13, 264939), 'category': 'Shampoo', 'id': 'tPp810201-352482-352483', 'prod_name': 'Essential Daily Care 2 in 1', 'waitrose_Qty': '300ml', 'waitrose_discounted_price': '80p', 'waitrose_offer_desc': None, 'waitrose_url': 'https://www.waitrose.com/ecom/shop/browse/groceries/toiletries_health_and_beauty/hair_care/shampoo', 'waitrose_rating': '4.3', 'waitrose_unit_price': '(26.7p/100ml)', 'waitrose_new_flag': None, 'waitrose_prod_name': 'Essential Daily Care 2 in 1 300ml', 'images': []}
DEBUG: Scraped from <200 https://www.waitrose.com/ecom/shop/browse/groceries/toiletries_health_and_beauty/hair_care/shampoo>
{'client': 'Waitrose', 'time': datetime.datetime(2020, 9, 14, 12, 20, 13, 264939), 'category': 'Shampoo', 'id': 'tPp065299-33095-33096', 'prod_name': 'Frizz Ease Dream Curls Shampoo', 'waitrose_Qty': '250ml', 'waitrose_discounted_price': '£3.99', 'waitrose_offer_desc': 'Save 1/3.', 'waitrose_url': 'https://www.waitrose.com/ecom/shop/browse/groceries/toiletries_health_and_beauty/hair_care/shampoo', 'waitrose_rating': '5', 'waitrose_unit_price': '(£1.60/100ml)', 'waitrose_new_flag': None, 'waitrose_prod_name': 'Frizz Ease Dream Curls Shampoo 250ml', 'images': []}
DEBUG: Scraped from <200 https://www.waitrose.com/ecom/shop/browse/groceries/toiletries_health_and_beauty/hair_care/shampoo>
{'client': 'Waitrose', 'time': datetime.datetime(2020, 9, 14, 12, 20, 13, 264939), 'category': 'Shampoo', 'id': 'tPp639366-90822-90823', 'prod_name': 'Head & Shoulders Shampoo Classic', 'waitrose_Qty': '500ml', 'waitrose_discounted_price': '£5.15', 'waitrose_offer_desc': None, 'waitrose_url': 'https://www.waitrose.com/ecom/shop/browse/groceries/toiletries_health_and_beauty/hair_care/shampoo', 'waitrose_rating': '3.5', 'waitrose_unit_price': '(£1.03/100ml)', 'waitrose_new_flag': None, 'waitrose_prod_name': 'Head & Shoulders Shampoo Classic 500ml', 'images': []}
DEBUG: Scraped from <200 https://www.waitrose.com/ecom/shop/browse/groceries/toiletries_health_and_beauty/hair_care/shampoo>
{'client': 'Waitrose', 'time': datetime.datetime(2020, 9, 14, 12, 20, 13, 264939), 'category': 'Shampoo', 'id': 'tPp711086-652694-652695', 'prod_name': 'Head & Shoulders Supreme Moisture', 'waitrose_Qty': '400ml', 'waitrose_discounted_price': '£3.43', 'waitrose_offer_desc': 'Save 1/3.', 'waitrose_url': 'https://www.waitrose.com/ecom/shop/browse/groceries/toiletries_health_and_beauty/hair_care/shampoo', 'waitrose_rating': None, 'waitrose_unit_price': '(85.8p/100ml)', 'waitrose_new_flag': None, 'waitrose_prod_name': 'Head & Shoulders Supreme Moisture 400ml', 'images': []}
DEBUG: Scraped from <200 https://www.waitrose.com/ecom/shop/browse/groceries/toiletries_health_and_beauty/hair_care/shampoo>
{'client': 'Waitrose', 'time': datetime.datetime(2020, 9, 14, 12, 20, 13, 264939), 'category': 'Shampoo', 'id': 'tPp490113-591883-591884', 'prod_name': 'Herbal Essences Volume Shampoo', 'waitrose_Qty': '400ml', 'waitrose_discounted_price': '£4.50', 'waitrose_offer_desc': None, 'waitrose_url': 'https://www.waitrose.com/ecom/shop/browse/groceries/toiletries_health_and_beauty/hair_care/shampoo', 'waitrose_rating': '5', 'waitrose_unit_price': '(£1.13/100ml)', 'waitrose_new_flag': None, 'waitrose_prod_name': 'Herbal Essences Volume Shampoo 400ml', 'images': []}
DEBUG: Scraped from <200 https://www.waitrose.com/ecom/shop/browse/groceries/toiletries_health_and_beauty/hair_care/shampoo>
{'client': 'Waitrose', 'time': datetime.datetime(2020, 9, 14, 12, 20, 13, 264939), 'category': 'Shampoo', 'id': 'tPp472240-591833-591834', 'prod_name': 'Herbal Essences Repair Shampoo', 'waitrose_Qty': '400ml', 'waitrose_discounted_price': '£4.50', 'waitrose_offer_desc': None, 'waitrose_url': 'https://www.waitrose.com/ecom/shop/browse/groceries/toiletries_health_and_beauty/hair_care/shampoo', 'waitrose_rating': '5', 'waitrose_unit_price': '(£1.13/100ml)', 'waitrose_new_flag': None, 'waitrose_prod_name': 'Herbal Essences Repair Shampoo 400ml', 'images': []}
DEBUG: Scraped from <200 https://www.waitrose.com/ecom/shop/browse/groceries/toiletries_health_and_beauty/hair_care/shampoo>
{'client': 'Waitrose', 'time': datetime.datetime(2020, 9, 14, 12, 20, 13, 264939), 'category': 'Shampoo', 'id': 'tPp755186-495024-495025', 'prod_name': 'DGJ Colour Save Shampoo', 'waitrose_Qty': '250ml', 'waitrose_discounted_price': '£2.50', 'waitrose_offer_desc': 'Half Price.', 'waitrose_url': 'https://www.waitrose.com/ecom/shop/browse/groceries/toiletries_health_and_beauty/hair_care/shampoo', 'waitrose_rating': None, 'waitrose_unit_price': '(£1/100ml)', 'waitrose_new_flag': None, 'waitrose_prod_name': 'DGJ Colour Save Shampoo 250ml', 'images': []}
DEBUG: Scraped from <200 https://www.waitrose.com/ecom/shop/browse/groceries/toiletries_health_and_beauty/hair_care/shampoo>
{'client': 'Waitrose', 'time': datetime.datetime(2020, 9, 14, 12, 20, 13, 264939), 'category': 'Shampoo', 'id': 'tPp563832-295347-295348', 'prod_name': 'Argan + Argan Oil 5Oil Miracle Shampoo', 'waitrose_Qty': '300ml', 'waitrose_discounted_price': '£4.00', 'waitrose_offer_desc': 'Save 1/3.', 'waitrose_url': 'https://www.waitrose.com/ecom/shop/browse/groceries/toiletries_health_and_beauty/hair_care/shampoo', 'waitrose_rating': '5', 'waitrose_unit_price': '(£1.34/100ml)', 'waitrose_new_flag': None, 'waitrose_prod_name': 'Argan + Argan Oil 5Oil Miracle Shampoo 300ml', 'images': []}
DEBUG: Scraped from <200 https://www.waitrose.com/ecom/shop/browse/groceries/toiletries_health_and_beauty/hair_care/shampoo>
{'client': 'Waitrose', 'time': datetime.datetime(2020, 9, 14, 12, 20, 13, 264939), 'category': 'Shampoo', 'id': 'tPp547359-720175-720176', 'prod_name': 'Maui Moisture Bamboo Shampoo', 'waitrose_Qty': '385ml', 'waitrose_discounted_price': '£6.00', 'waitrose_offer_desc': 'Save 1/3.', 'waitrose_url': 'https://www.waitrose.com/ecom/shop/browse/groceries/toiletries_health_and_beauty/hair_care/shampoo', 'waitrose_rating': '5', 'waitrose_unit_price': '(£1.56/100ml)', 'waitrose_new_flag': None, 'waitrose_prod_name': 'Maui Moisture Bamboo Shampoo 385ml', 'images': []}
DEBUG: Scraped from <200 https://www.waitrose.com/ecom/shop/browse/groceries/toiletries_health_and_beauty/hair_care/shampoo>
{'client': 'Waitrose', 'time': datetime.datetime(2020, 9, 14, 12, 20, 13, 264939), 'category': 'Shampoo', 'id': 'tPp402915-526384-526385', 'prod_name': 'John Frieda Violet Crush Shampoo', 'waitrose_Qty': '250ml', 'waitrose_discounted_price': '£3.99', 'waitrose_offer_desc': 'Save 1/3.', 'waitrose_url': 'https://www.waitrose.com/ecom/shop/browse/groceries/toiletries_health_and_beauty/hair_care/shampoo', 'waitrose_rating': '5', 'waitrose_unit_price': '(£1.60/100ml)', 'waitrose_new_flag': None, 'waitrose_prod_name': 'John Frieda Violet Crush Shampoo 250ml', 'images': []}
DEBUG: Scraped from <200 https://www.waitrose.com/ecom/shop/browse/groceries/toiletries_health_and_beauty/hair_care/shampoo>
{'client': 'Waitrose', 'time': datetime.datetime(2020, 9, 14, 12, 20, 13, 264939), 'category': 'Shampoo', 'id': 'tPp755349-720291-720292', 'prod_name': 'Herbal Essences Aloe & Mango Shampoo', 'waitrose_Qty': '380ml', 'waitrose_discounted_price': '£4.50', 'waitrose_offer_desc': None, 'waitrose_url': 'https://www.waitrose.com/ecom/shop/browse/groceries/toiletries_health_and_beauty/hair_care/shampoo', 'waitrose_rating': None, 'waitrose_unit_price': '(£1.19/100ml)', 'waitrose_new_flag': None, 'waitrose_prod_name': 'Herbal Essences Aloe & Mango Shampoo 380ml', 'images': []}
DEBUG: Scraped from <200 https://www.waitrose.com/ecom/shop/browse/groceries/toiletries_health_and_beauty/hair_care/shampoo>
{'client': 'Waitrose', 'time': datetime.datetime(2020, 9, 14, 12, 20, 13, 264939), 'category': 'Shampoo', 'id': 'tPp755068-720289-720290', 'prod_name': 'Herbal Essences Aloe Hemp Shampoo', 'waitrose_Qty': '380ml', 'waitrose_discounted_price': '£4.50', 'waitrose_offer_desc': None, 'waitrose_url': 'https://www.waitrose.com/ecom/shop/browse/groceries/toiletries_health_and_beauty/hair_care/shampoo', 'waitrose_rating': None, 'waitrose_unit_price': '(£1.19/100ml)', 'waitrose_new_flag': None, 'waitrose_prod_name': 'Herbal Essences Aloe Hemp Shampoo 380ml', 'images': []}
DEBUG: Scraped from <200 https://www.waitrose.com/ecom/shop/browse/groceries/toiletries_health_and_beauty/hair_care/shampoo>
{'client': 'Waitrose', 'time': datetime.datetime(2020, 9, 14, 12, 20, 13, 264939), 'category': 'Shampoo', 'id': 'tPp687186-337057-337058', 'prod_name': 'Argan + Argan Oil Rejuvenating Shampoo', 'waitrose_Qty': '300ml', 'waitrose_discounted_price': '£4.00', 'waitrose_offer_desc': 'Save 1/3.', 'waitrose_url': 'https://www.waitrose.com/ecom/shop/browse/groceries/toiletries_health_and_beauty/hair_care/shampoo', 'waitrose_rating': '5', 'waitrose_unit_price': '(£1.34/100ml)', 'waitrose_new_flag': None, 'waitrose_prod_name': 'Argan + Argan Oil Rejuvenating Shampoo 300ml', 'images': []}
DEBUG: Scraped from <200 https://www.waitrose.com/ecom/shop/browse/groceries/toiletries_health_and_beauty/hair_care/shampoo>
{'client': 'Waitrose', 'time': datetime.datetime(2020, 9, 14, 12, 20, 13, 264939), 'category': 'Shampoo', 'id': 'tPp740653-352034-352035', 'prod_name': 'essential Waitrose Anti-Dandruff 2 in 1', 'waitrose_Qty': '300ml', 'waitrose_discounted_price': '£1.00', 'waitrose_offer_desc': 'Featured Product', 'waitrose_url': 'https://www.waitrose.com/ecom/shop/browse/groceries/toiletries_health_and_beauty/hair_care/shampoo', 'waitrose_rating': '4', 'waitrose_unit_price': '(33.3p/100ml)', 'waitrose_new_flag': None, 'waitrose_prod_name': 'essential Waitrose Anti-Dandruff 2 in 1 300ml', 'images': []}
DEBUG: Scraped from <200 https://www.waitrose.com/ecom/shop/browse/groceries/toiletries_health_and_beauty/hair_care/shampoo>
{'client': 'Waitrose', 'time': datetime.datetime(2020, 9, 14, 12, 20, 13, 264939), 'category': 'Shampoo', 'id': 'tPp884562-720413-720414', 'prod_name': 'Maui Moisture Shea Butter Shampoo', 'waitrose_Qty': '385ml', 'waitrose_discounted_price': '£6.00', 'waitrose_offer_desc': 'Save 1/3.', 'waitrose_url': 'https://www.waitrose.com/ecom/shop/browse/groceries/toiletries_health_and_beauty/hair_care/shampoo', 'waitrose_rating': None, 'waitrose_unit_price': '(£1.56/100ml)', 'waitrose_new_flag': None, 'waitrose_prod_name': 'Maui Moisture Shea Butter Shampoo 385ml', 'images': []}
DEBUG: Scraped from <200 https://www.waitrose.com/ecom/shop/browse/groceries/toiletries_health_and_beauty/hair_care/shampoo>
{'client': 'Waitrose', 'time': datetime.datetime(2020, 9, 14, 12, 20, 13, 264939), 'category': 'Shampoo', 'id': 'tPp530991-695493-695494', 'prod_name': 'John Frieda Shampoo Detox & Repair', 'waitrose_Qty': '250ml', 'waitrose_discounted_price': '£3.99', 'waitrose_offer_desc': 'Save 1/3.', 'waitrose_url': 'https://www.waitrose.com/ecom/shop/browse/groceries/toiletries_health_and_beauty/hair_care/shampoo', 'waitrose_rating': None, 'waitrose_unit_price': '(£1.60/100ml)', 'waitrose_new_flag': None, 'waitrose_prod_name': 'John Frieda Shampoo Detox & Repair 250ml', 'images': []}
DEBUG: Scraped from <200 https://www.waitrose.com/ecom/shop/browse/groceries/toiletries_health_and_beauty/hair_care/shampoo>
{'client': 'Waitrose', 'time': datetime.datetime(2020, 9, 14, 12, 20, 13, 264939), 'category': 'Shampoo', 'id': 'tPp051100-25409-25410', 'prod_name': 'Sheer Blonde Moisturising Shampoo', 'waitrose_Qty': '250ml', 'waitrose_discounted_price': '£3.99', 'waitrose_offer_desc': 'Save 1/3.', 'waitrose_url': 'https://www.waitrose.com/ecom/shop/browse/groceries/toiletries_health_and_beauty/hair_care/shampoo', 'waitrose_rating': '3', 'waitrose_unit_price': '(£1.60/100ml)', 'waitrose_new_flag': None, 'waitrose_prod_name': 'Sheer Blonde Moisturising Shampoo 250ml', 'images': []}
DEBUG: Scraped from <200 https://www.waitrose.com/ecom/shop/browse/groceries/toiletries_health_and_beauty/hair_care/shampoo>
{'client': 'Waitrose', 'time': datetime.datetime(2020, 9, 14, 12, 20, 13, 264939), 'category': 'Shampoo', 'id': 'tPp582132-472091-472092', 'prod_name': 'Ogx Argan Oil Morocco Shampoo', 'waitrose_Qty': '385ml', 'waitrose_discounted_price': '£7.00', 'waitrose_offer_desc': None, 'waitrose_url': 'https://www.waitrose.com/ecom/shop/browse/groceries/toiletries_health_and_beauty/hair_care/shampoo', 'waitrose_rating': '4', 'waitrose_unit_price': '(£1.82/100ml)', 'waitrose_new_flag': None, 'waitrose_prod_name': 'Ogx Argan Oil Morocco Shampoo 385ml', 'images': []}
DEBUG: Scraped from <200 https://www.waitrose.com/ecom/shop/browse/groceries/toiletries_health_and_beauty/hair_care/shampoo>
{'client': 'Waitrose', 'time': datetime.datetime(2020, 9, 14, 12, 20, 13, 264939), 'category': 'Shampoo', 'id': 'tPp407453-471203-471204', 'prod_name': 'Ogx Biotin & Collagen Shampoo', 'waitrose_Qty': '385ml', 'waitrose_discounted_price': '£7.00', 'waitrose_offer_desc': None, 'waitrose_url': 'https://www.waitrose.com/ecom/shop/browse/groceries/toiletries_health_and_beauty/hair_care/shampoo', 'waitrose_rating': None, 'waitrose_unit_price': '(£1.82/100ml)', 'waitrose_new_flag': None, 'waitrose_prod_name': 'Ogx Biotin & Collagen Shampoo 385ml', 'images': []}
DEBUG: Scraped from <200 https://www.waitrose.com/ecom/shop/browse/groceries/toiletries_health_and_beauty/hair_care/shampoo>
{'client': 'Waitrose', 'time': datetime.datetime(2020, 9, 14, 12, 20, 13, 264939), 'category': 'Shampoo', 'id': 'tPp657721-694179-694180', 'prod_name': 'Pantene 3 in 1 Classic Clean', 'waitrose_Qty': '450ml', 'waitrose_discounted_price': '£3.75', 'waitrose_offer_desc': None, 'waitrose_url': 'https://www.waitrose.com/ecom/shop/browse/groceries/toiletries_health_and_beauty/hair_care/shampoo', 'waitrose_rating': None, 'waitrose_unit_price': '(83.3p/100ml)', 'waitrose_new_flag': None, 'waitrose_prod_name': 'Pantene 3 in 1 Classic Clean 450ml', 'images': []}
DEBUG: Scraped from <200 https://www.waitrose.com/ecom/shop/browse/groceries/toiletries_health_and_beauty/hair_care/shampoo>
{'client': 'Waitrose', 'time': datetime.datetime(2020, 9, 14, 12, 20, 13, 264939), 'category': 'Shampoo', 'id': 'tPp844892-695845-695846', 'prod_name': 'Head & Shoulders Colour Protect', 'waitrose_Qty': '400ml', 'waitrose_discounted_price': '£3.33', 'waitrose_offer_desc': 'Save 1/3.', 'waitrose_url': 'https://www.waitrose.com/ecom/shop/browse/groceries/toiletries_health_and_beauty/hair_care/shampoo', 'waitrose_rating': None, 'waitrose_unit_price': '(83.3p/100ml)', 'waitrose_new_flag': None, 'waitrose_prod_name': 'Head & Shoulders Colour Protect 400ml', 'images': []}
DEBUG: Scraped from <200 https://www.waitrose.com/ecom/shop/browse/groceries/toiletries_health_and_beauty/hair_care/shampoo>
{'client': 'Waitrose', 'time': datetime.datetime(2020, 9, 14, 12, 20, 13, 264939), 'category': 'Shampoo', 'id': 'tPp703131-695681-695682', 'prod_name': 'Head & Shoulders Repair Shampoo', 'waitrose_Qty': '400ml', 'waitrose_discounted_price': '£3.33', 'waitrose_offer_desc': 'Save 1/3.', 'waitrose_url': 'https://www.waitrose.com/ecom/shop/browse/groceries/toiletries_health_and_beauty/hair_care/shampoo', 'waitrose_rating': '4', 'waitrose_unit_price': '(83.3p/100ml)', 'waitrose_new_flag': None, 'waitrose_prod_name': 'Head & Shoulders Repair Shampoo 400ml', 'images': []}
DEBUG: Scraped from <200 https://www.waitrose.com/ecom/shop/browse/groceries/toiletries_health_and_beauty/hair_care/shampoo>
{'client': 'Waitrose', 'time': datetime.datetime(2020, 9, 14, 12, 20, 13, 264939), 'category': 'Shampoo', 'id': 'tPp427668-591713-591714', 'prod_name': 'Herbal Essences Hydrate Shampoo', 'waitrose_Qty': '400ml', 'waitrose_discounted_price': '£4.50', 'waitrose_offer_desc': None, 'waitrose_url': 'https://www.waitrose.com/ecom/shop/browse/groceries/toiletries_health_and_beauty/hair_care/shampoo', 'waitrose_rating': '5', 'waitrose_unit_price': '(£1.13/100ml)', 'waitrose_new_flag': None, 'waitrose_prod_name': 'Herbal Essences Hydrate Shampoo 400ml', 'images': []}
DEBUG: Scraped from <200 https://www.waitrose.com/ecom/shop/browse/groceries/toiletries_health_and_beauty/hair_care/shampoo>
{'client': 'Waitrose', 'time': datetime.datetime(2020, 9, 14, 12, 20, 13, 264939), 'category': 'Shampoo', 'id': 'tPp464815-154487-154488', 'prod_name': 'Batiste original dry shampoo', 'waitrose_Qty': '200ml', 'waitrose_discounted_price': '£3.00', 'waitrose_offer_desc': None, 'waitrose_url': 'https://www.waitrose.com/ecom/shop/browse/groceries/toiletries_health_and_beauty/hair_care/shampoo', 'waitrose_rating': '5', 'waitrose_unit_price': '(£1.50/100ml)', 'waitrose_new_flag': None, 'waitrose_prod_name': 'Batiste original dry shampoo 200ml', 'images': []}
DEBUG: Scraped from <200 https://www.waitrose.com/ecom/shop/browse/groceries/toiletries_health_and_beauty/hair_care/shampoo>
{'client': 'Waitrose', 'time': datetime.datetime(2020, 9, 14, 12, 20, 13, 264939), 'category': 'Shampoo', 'id': 'tPp435635-694165-694166', 'prod_name': 'Pantene Classic Clean Shampoo', 'waitrose_Qty': '500ml', 'waitrose_discounted_price': '£5.15', 'waitrose_offer_desc': None, 'waitrose_url': 'https://www.waitrose.com/ecom/shop/browse/groceries/toiletries_health_and_beauty/hair_care/shampoo', 'waitrose_rating': None, 'waitrose_unit_price': '(£1.03/100ml)', 'waitrose_new_flag': None, 'waitrose_prod_name': 'Pantene Classic Clean Shampoo 500ml', 'images': []}
DEBUG: Scraped from <200 https://www.waitrose.com/ecom/shop/browse/groceries/toiletries_health_and_beauty/hair_care/shampoo>
{'client': 'Waitrose', 'time': datetime.datetime(2020, 9, 14, 12, 20, 13, 264939), 'category': 'Shampoo', 'id': 'tPp649492-695625-695626', 'prod_name': 'Vosene Kids 2in1 Melon Shampoo', 'waitrose_Qty': '250ml', 'waitrose_discounted_price': '£1.33', 'waitrose_offer_desc': 'Save 1/3.', 'waitrose_url': 'https://www.waitrose.com/ecom/shop/browse/groceries/toiletries_health_and_beauty/hair_care/shampoo', 'waitrose_rating': None, 'waitrose_unit_price': '(53.2p/100ml)', 'waitrose_new_flag': None, 'waitrose_prod_name': 'Vosene Kids 2in1 Melon Shampoo 250ml', 'images': []}
DEBUG: Scraped from <200 https://www.waitrose.com/ecom/shop/browse/groceries/toiletries_health_and_beauty/hair_care/shampoo>
{'client': 'Waitrose', 'time': datetime.datetime(2020, 9, 14, 12, 20, 13, 264939), 'category': 'Shampoo', 'id': 'tPp645178-695617-695618', 'prod_name': 'John Frieda Shampoo Weightless Wonder', 'waitrose_Qty': '250ml', 'waitrose_discounted_price': '£3.99', 'waitrose_offer_desc': 'Save 1/3.', 'waitrose_url': 'https://www.waitrose.com/ecom/shop/browse/groceries/toiletries_health_and_beauty/hair_care/shampoo', 'waitrose_rating': '4.6', 'waitrose_unit_price': '(£1.60/100ml)', 'waitrose_new_flag': None, 'waitrose_prod_name': 'John Frieda Shampoo Weightless Wonder 250ml', 'images': []}
DEBUG: Scraped from <200 https://www.waitrose.com/ecom/shop/browse/groceries/toiletries_health_and_beauty/hair_care/shampoo>
{'client': 'Waitrose', 'time': datetime.datetime(2020, 9, 14, 12, 20, 13, 264939), 'category': 'Shampoo', 'id': 'tPp757780-107799-107800', 'prod_name': 'Head & Shoulders 2in1 Classic Clean', 'waitrose_Qty': '450ml', 'waitrose_discounted_price': '£5.15', 'waitrose_offer_desc': None, 'waitrose_url': 'https://www.waitrose.com/ecom/shop/browse/groceries/toiletries_health_and_beauty/hair_care/shampoo', 'waitrose_rating': '4', 'waitrose_unit_price': '(£1.15/100ml)', 'waitrose_new_flag': None, 'waitrose_prod_name': 'Head & Shoulders 2in1 Classic Clean 450ml', 'images': []}
DEBUG: Scraped from <200 https://www.waitrose.com/ecom/shop/browse/groceries/toiletries_health_and_beauty/hair_care/shampoo>
{'client': 'Waitrose', 'time': datetime.datetime(2020, 9, 14, 12, 20, 13, 264939), 'category': 'Shampoo', 'id': 'tPp824583-694195-694196', 'prod_name': 'Pantene Repair & Protect Shampoo', 'waitrose_Qty': '500ml', 'waitrose_discounted_price': '£3.75', 'waitrose_offer_desc': None, 'waitrose_url': 'https://www.waitrose.com/ecom/shop/browse/groceries/toiletries_health_and_beauty/hair_care/shampoo', 'waitrose_rating': None, 'waitrose_unit_price': '(75p/100ml)', 'waitrose_new_flag': None, 'waitrose_prod_name': 'Pantene Repair & Protect Shampoo 500ml', 'images': []}
DEBUG: Scraped from <200 https://www.waitrose.com/ecom/shop/browse/groceries/toiletries_health_and_beauty/hair_care/shampoo>
{'client': 'Waitrose', 'time': datetime.datetime(2020, 9, 14, 12, 20, 13, 264939), 'category': 'Shampoo', 'id': 'tPp725372-631511-631512', 'prod_name': 'Hask Moni Coconut Oil Shampoo', 'waitrose_Qty': '355ml', 'waitrose_discounted_price': '£4.66', 'waitrose_offer_desc': 'Save 1/3.', 'waitrose_url': 'https://www.waitrose.com/ecom/shop/browse/groceries/toiletries_health_and_beauty/hair_care/shampoo', 'waitrose_rating': None, 'waitrose_unit_price': '(£1.32/100ml)', 'waitrose_new_flag': None, 'waitrose_prod_name': 'Hask Moni Coconut Oil Shampoo 355ml', 'images': []}
DEBUG: Scraped from <200 https://www.waitrose.com/ecom/shop/browse/groceries/toiletries_health_and_beauty/hair_care/shampoo>
{'client': 'Waitrose', 'time': datetime.datetime(2020, 9, 14, 12, 20, 13, 264939), 'category': 'Shampoo', 'id': 'tPp836753-694201-694202', 'prod_name': 'Pantene Volume & Body Shampoo', 'waitrose_Qty': '500ml', 'waitrose_discounted_price': '£5.15', 'waitrose_offer_desc': None, 'waitrose_url': 'https://www.waitrose.com/ecom/shop/browse/groceries/toiletries_health_and_beauty/hair_care/shampoo', 'waitrose_rating': None, 'waitrose_unit_price': '(£1.03/100ml)', 'waitrose_new_flag': None, 'waitrose_prod_name': 'Pantene Volume & Body Shampoo 500ml', 'images': []}
DEBUG: Scraped from <200 https://www.waitrose.com/ecom/shop/browse/groceries/toiletries_health_and_beauty/hair_care/shampoo>
{'client': 'Waitrose', 'time': datetime.datetime(2020, 9, 14, 12, 20, 13, 264939), 'category': 'Shampoo', 'id': 'tPp047805-23664-23665', 'prod_name': 'Avalon Organics tea tree shampoo', 'waitrose_Qty': '325ml', 'waitrose_discounted_price': '£7.00', 'waitrose_offer_desc': None, 'waitrose_url': 'https://www.waitrose.com/ecom/shop/browse/groceries/toiletries_health_and_beauty/hair_care/shampoo', 'waitrose_rating': '4.9', 'waitrose_unit_price': '(£2.16/100ml)', 'waitrose_new_flag': None, 'waitrose_prod_name': 'Avalon Organics tea tree shampoo 325ml', 'images': []}
DEBUG: Scraped from <200 https://www.waitrose.com/ecom/shop/browse/groceries/toiletries_health_and_beauty/hair_care/shampoo>
{'client': 'Waitrose', 'time': datetime.datetime(2020, 9, 14, 12, 20, 13, 264939), 'category': 'Shampoo', 'id': 'tPp062495-31737-31738', 'prod_name': 'Neutrogena T/Gel shampoo dry hair', 'waitrose_Qty': '125ml', 'waitrose_discounted_price': '£5.15', 'waitrose_offer_desc': None, 'waitrose_url': 'https://www.waitrose.com/ecom/shop/browse/groceries/toiletries_health_and_beauty/hair_care/shampoo', 'waitrose_rating': None, 'waitrose_unit_price': '(£4.12/100ml)', 'waitrose_new_flag': None, 'waitrose_prod_name': 'Neutrogena T/Gel shampoo dry hair 125ml', 'images': []}
DEBUG: Scraped from <200 https://www.waitrose.com/ecom/shop/browse/groceries/toiletries_health_and_beauty/hair_care/shampoo>
{'client': 'Waitrose', 'time': datetime.datetime(2020, 9, 14, 12, 20, 13, 264939), 'category': 'Shampoo', 'id': 'tPp855140-216863-216864', 'prod_name': 'Ogx Coconut Milk Shampoo', 'waitrose_Qty': '385ml', 'waitrose_discounted_price': '£7.00', 'waitrose_offer_desc': None, 'waitrose_url': 'https://www.waitrose.com/ecom/shop/browse/groceries/toiletries_health_and_beauty/hair_care/shampoo', 'waitrose_rating': '5', 'waitrose_unit_price': '(£1.82/100ml)', 'waitrose_new_flag': None, 'waitrose_prod_name': 'Ogx Coconut Milk Shampoo 385ml', 'images': []}
DEBUG: Scraped from <200 https://www.waitrose.com/ecom/shop/browse/groceries/toiletries_health_and_beauty/hair_care/shampoo>
{'client': 'Waitrose', 'time': datetime.datetime(2020, 9, 14, 12, 20, 13, 264939), 'category': 'Shampoo', 'id': 'tPp711843-717497-717498', 'prod_name': "L'Oreal Elvive Colour Shampoo", 'waitrose_Qty': '400ml', 'waitrose_discounted_price': '£3.75', 'waitrose_offer_desc': None, 'waitrose_url': 'https://www.waitrose.com/ecom/shop/browse/groceries/toiletries_health_and_beauty/hair_care/shampoo', 'waitrose_rating': None, 'waitrose_unit_price': '(93.8p/100ml)', 'waitrose_new_flag': None, 'waitrose_prod_name': "L'Oreal Elvive Colour Shampoo 400ml", 'images': []}
DEBUG: Scraped from <200 https://www.waitrose.com/ecom/shop/browse/groceries/toiletries_health_and_beauty/hair_care/shampoo>
{'client': 'Waitrose', 'time': datetime.datetime(2020, 9, 14, 12, 20, 13, 264939), 'category': 'Shampoo', 'id': 'tPp603087-695555-695556', 'prod_name': 'Noughty Colour Bomb Shampoo', 'waitrose_Qty': '250ml', 'waitrose_discounted_price': '£4.66', 'waitrose_offer_desc': 'Save 1/3.', 'waitrose_url': 'https://www.waitrose.com/ecom/shop/browse/groceries/toiletries_health_and_beauty/hair_care/shampoo', 'waitrose_rating': '3', 'waitrose_unit_price': '(£1.87/100ml)', 'waitrose_new_flag': None, 'waitrose_prod_name': 'Noughty Colour Bomb Shampoo 250ml', 'images': []}
DEBUG: Scraped from <200 https://www.waitrose.com/ecom/shop/browse/groceries/toiletries_health_and_beauty/hair_care/shampoo>
{'client': 'Waitrose', 'time': datetime.datetime(2020, 9, 14, 12, 20, 13, 264939), 'category': 'Shampoo', 'id': 'tPp486943-68769-68770', 'prod_name': 'Head & Shoulders 2in1 classic clean', 'waitrose_Qty': '225ml', 'waitrose_discounted_price': '£3.00', 'waitrose_offer_desc': None, 'waitrose_url': 'https://www.waitrose.com/ecom/shop/browse/groceries/toiletries_health_and_beauty/hair_care/shampoo', 'waitrose_rating': '4', 'waitrose_unit_price': '(£1.34/100ml)', 'waitrose_new_flag': None, 'waitrose_prod_name': 'Head & Shoulders 2in1 classic clean 225ml', 'images': []}
DEBUG: Scraped from <200 https://www.waitrose.com/ecom/shop/browse/groceries/toiletries_health_and_beauty/hair_care/shampoo>
{'client': 'Waitrose', 'time': datetime.datetime(2020, 9, 14, 12, 20, 13, 264939), 'category': 'Shampoo', 'id': 'tPp853982-154925-154926', 'prod_name': 'Batiste blush dry shampoo', 'waitrose_Qty': '200ml', 'waitrose_discounted_price': '£3.00', 'waitrose_offer_desc': None, 'waitrose_url': 'https://www.waitrose.com/ecom/shop/browse/groceries/toiletries_health_and_beauty/hair_care/shampoo', 'waitrose_rating': '4', 'waitrose_unit_price': '(£1.50/100ml)', 'waitrose_new_flag': None, 'waitrose_prod_name': 'Batiste blush dry shampoo 200ml', 'images': []}
DEBUG: Scraped from <200 https://www.waitrose.com/ecom/shop/browse/groceries/toiletries_health_and_beauty/hair_care/shampoo>
{'client': 'Waitrose', 'time': datetime.datetime(2020, 9, 14, 12, 20, 13, 264939), 'category': 'Shampoo', 'id': 'tPp808436-720325-720326', 'prod_name': 'Hask Biotin Boost Shampoo', 'waitrose_Qty': '355ml', 'waitrose_discounted_price': '£4.66', 'waitrose_offer_desc': 'Save 1/3.', 'waitrose_url': 'https://www.waitrose.com/ecom/shop/browse/groceries/toiletries_health_and_beauty/hair_care/shampoo', 'waitrose_rating': None, 'waitrose_unit_price': '(£1.32/100ml)', 'waitrose_new_flag': None, 'waitrose_prod_name': 'Hask Biotin Boost Shampoo 355ml', 'images': []}
DEBUG: Scraped from <200 https://www.waitrose.com/ecom/shop/browse/groceries/toiletries_health_and_beauty/hair_care/shampoo>
{'client': 'Waitrose', 'time': datetime.datetime(2020, 9, 14, 12, 20, 13, 264939), 'category': 'Shampoo', 'id': 'tPp810302-683828-683829', 'prod_name': 'Herbal Essences Deep Repair Shampoo', 'waitrose_Qty': '400ml', 'waitrose_discounted_price': '£4.50', 'waitrose_offer_desc': None, 'waitrose_url': 'https://www.waitrose.com/ecom/shop/browse/groceries/toiletries_health_and_beauty/hair_care/shampoo', 'waitrose_rating': None, 'waitrose_unit_price': '(£1.13/100ml)', 'waitrose_new_flag': None, 'waitrose_prod_name': 'Herbal Essences Deep Repair Shampoo 400ml', 'images': []}
DEBUG: Scraped from <200 https://www.waitrose.com/ecom/shop/browse/groceries/toiletries_health_and_beauty/hair_care/shampoo>
{'client': 'Waitrose', 'time': datetime.datetime(2020, 9, 14, 12, 20, 13, 264939), 'category': 'Shampoo', 'id': 'tPp807825-473364-473365', 'prod_name': 'SenSpa Deep Cleanse Shampoo', 'waitrose_Qty': '250ml', 'waitrose_discounted_price': '£4.00', 'waitrose_offer_desc': 'Save 1/3.', 'waitrose_url': 'https://www.waitrose.com/ecom/shop/browse/groceries/toiletries_health_and_beauty/hair_care/shampoo', 'waitrose_rating': '3.7', 'waitrose_unit_price': '(£1.60/100ml)', 'waitrose_new_flag': None, 'waitrose_prod_name': 'SenSpa Deep Cleanse Shampoo 250ml', 'images': []}
DEBUG: Scraped from <200 https://www.waitrose.com/ecom/shop/browse/groceries/toiletries_health_and_beauty/hair_care/shampoo>
{'client': 'Waitrose', 'time': datetime.datetime(2020, 9, 14, 12, 20, 13, 264939), 'category': 'Shampoo', 'id': 'tPp886458-216893-216894', 'prod_name': 'Ogx Brazilian Keratin Shampoo', 'waitrose_Qty': '385ml', 'waitrose_discounted_price': '£7.00', 'waitrose_offer_desc': None, 'waitrose_url': 'https://www.waitrose.com/ecom/shop/browse/groceries/toiletries_health_and_beauty/hair_care/shampoo', 'waitrose_rating': '5', 'waitrose_unit_price': '(£1.82/100ml)', 'waitrose_new_flag': None, 'waitrose_prod_name': 'Ogx Brazilian Keratin Shampoo 385ml', 'images': []}
DEBUG: Scraped from <200 https://www.waitrose.com/ecom/shop/browse/groceries/toiletries_health_and_beauty/hair_care/shampoo>
{'client': 'Waitrose', 'time': datetime.datetime(2020, 9, 14, 12, 20, 13, 264939), 'category': 'Shampoo', 'id': 'tPp839781-154875-154876', 'prod_name': 'Aussie miracle moist shampoo', 'waitrose_Qty': '500ml', 'waitrose_discounted_price': '£6.15', 'waitrose_offer_desc': None, 'waitrose_url': 'https://www.waitrose.com/ecom/shop/browse/groceries/toiletries_health_and_beauty/hair_care/shampoo', 'waitrose_rating': None, 'waitrose_unit_price': '(£1.23/100ml)', 'waitrose_new_flag': None, 'waitrose_prod_name': 'Aussie miracle moist shampoo 500ml', 'images': []}
DEBUG: Scraped from <200 https://www.waitrose.com/ecom/shop/browse/groceries/toiletries_health_and_beauty/hair_care/shampoo>
{'client': 'Waitrose', 'time': datetime.datetime(2020, 9, 14, 12, 20, 13, 264939), 'category': 'Shampoo', 'id': 'tPp882824-154983-154984', 'prod_name': 'Head & Shoulders itchy scalp shampoo', 'waitrose_Qty': '500ml', 'waitrose_discounted_price': '£5.15', 'waitrose_offer_desc': None, 'waitrose_url': 'https://www.waitrose.com/ecom/shop/browse/groceries/toiletries_health_and_beauty/hair_care/shampoo', 'waitrose_rating': '5', 'waitrose_unit_price': '(£1.03/100ml)', 'waitrose_new_flag': None, 'waitrose_prod_name': 'Head & Shoulders itchy scalp shampoo 500ml', 'images': []}
DEBUG: Scraped from <200 https://www.waitrose.com/ecom/shop/browse/groceries/toiletries_health_and_beauty/hair_care/shampoo>
{'client': 'Waitrose', 'time': datetime.datetime(2020, 9, 14, 12, 20, 13, 264939), 'category': 'Shampoo', 'id': 'tPp527154-720165-720166', 'prod_name': 'Maui Moisture Hibiscus Water', 'waitrose_Qty': '385ml', 'waitrose_discounted_price': '£6.00', 'waitrose_offer_desc': 'Save 1/3.', 'waitrose_url': 'https://www.waitrose.com/ecom/shop/browse/groceries/toiletries_health_and_beauty/hair_care/shampoo', 'waitrose_rating': None, 'waitrose_unit_price': '(£1.56/100ml)', 'waitrose_new_flag': None, 'waitrose_prod_name': 'Maui Moisture Hibiscus Water 385ml', 'images': []}
DEBUG: Scraped from <200 https://www.waitrose.com/ecom/shop/browse/groceries/toiletries_health_and_beauty/hair_care/shampoo>
{'client': 'Waitrose', 'time': datetime.datetime(2020, 9, 14, 12, 20, 13, 264939), 'category': 'Shampoo', 'id': 'tPp852396-695857-695858', 'prod_name': 'BECO. Honey Blossom Shampoo Bar', 'waitrose_Qty': '90g', 'waitrose_discounted_price': '£4.00', 'waitrose_offer_desc': None, 'waitrose_url': 'https://www.waitrose.com/ecom/shop/browse/groceries/toiletries_health_and_beauty/hair_care/shampoo', 'waitrose_rating': '4.9', 'waitrose_unit_price': '(£4.45/100g)', 'waitrose_new_flag': None, 'waitrose_prod_name': 'BECO. Honey Blossom Shampoo Bar 90g', 'images': []}
DEBUG: Scraped from <200 https://www.waitrose.com/ecom/shop/browse/groceries/toiletries_health_and_beauty/hair_care/shampoo>
{'client': 'Waitrose', 'time': datetime.datetime(2020, 9, 14, 12, 20, 13, 264939), 'category': 'Shampoo', 'id': 'tPp581617-694173-694174', 'prod_name': 'Pantene Colour Protect Shampoo', 'waitrose_Qty': '500ml', 'waitrose_discounted_price': '£5.15', 'waitrose_offer_desc': None, 'waitrose_url': 'https://www.waitrose.com/ecom/shop/browse/groceries/toiletries_health_and_beauty/hair_care/shampoo', 'waitrose_rating': None, 'waitrose_unit_price': '(£1.03/100ml)', 'waitrose_new_flag': None, 'waitrose_prod_name': 'Pantene Colour Protect Shampoo 500ml', 'images': []}
DEBUG: Scraped from <200 https://www.waitrose.com/ecom/shop/browse/groceries/toiletries_health_and_beauty/hair_care/shampoo>
{'client': 'Waitrose', 'time': datetime.datetime(2020, 9, 14, 12, 20, 13, 264939), 'category': 'Shampoo', 'id': 'tPp453160-695433-695434', 'prod_name': 'Argan+ Long & Strong Shampoo', 'waitrose_Qty': '300ml', 'waitrose_discounted_price': '£4.00', 'waitrose_offer_desc': 'Save 1/3.', 'waitrose_url': 'https://www.waitrose.com/ecom/shop/browse/groceries/toiletries_health_and_beauty/hair_care/shampoo', 'waitrose_rating': None, 'waitrose_unit_price': '(£1.34/100ml)', 'waitrose_new_flag': None, 'waitrose_prod_name': 'Argan+ Long & Strong Shampoo 300ml', 'images': []}
DEBUG: Scraped from <200 https://www.waitrose.com/ecom/shop/browse/groceries/toiletries_health_and_beauty/hair_care/shampoo>
{'client': 'Waitrose', 'time': datetime.datetime(2020, 9, 14, 12, 20, 13, 264939), 'category': 'Shampoo', 'id': 'tPp480728-631267-631268', 'prod_name': 'Ogx Orchid Oil Shampoo', 'waitrose_Qty': '385ml', 'waitrose_discounted_price': '£7.00', 'waitrose_offer_desc': None, 'waitrose_url': 'https://www.waitrose.com/ecom/shop/browse/groceries/toiletries_health_and_beauty/hair_care/shampoo', 'waitrose_rating': '5', 'waitrose_unit_price': '(£1.82/100ml)', 'waitrose_new_flag': None, 'waitrose_prod_name': 'Ogx Orchid Oil Shampoo 385ml', 'images': []}
DEBUG: Scraped from <200 https://www.waitrose.com/ecom/shop/browse/groceries/toiletries_health_and_beauty/hair_care/shampoo>
{'client': 'Waitrose', 'time': datetime.datetime(2020, 9, 14, 12, 20, 13, 264939), 'category': 'Shampoo', 'id': 'tPp735751-154731-154732', 'prod_name': 'Aussie aussome volume shampoo', 'waitrose_Qty': '500ml', 'waitrose_discounted_price': '£6.10', 'waitrose_offer_desc': None, 'waitrose_url': 'https://www.waitrose.com/ecom/shop/browse/groceries/toiletries_health_and_beauty/hair_care/shampoo', 'waitrose_rating': None, 'waitrose_unit_price': '(£1.22/100ml)', 'waitrose_new_flag': None, 'waitrose_prod_name': 'Aussie aussome volume shampoo 500ml', 'images': []}
DEBUG: Scraped from <200 https://www.waitrose.com/ecom/shop/browse/groceries/toiletries_health_and_beauty/hair_care/shampoo>
{'client': 'Waitrose', 'time': datetime.datetime(2020, 9, 14, 12, 20, 13, 264939), 'category': 'Shampoo', 'id': 'tPp484035-715885-715886', 'prod_name': "L'Oreal Elvive Oil Nourishing Shampoo", 'waitrose_Qty': '400ml', 'waitrose_discounted_price': '£3.75', 'waitrose_offer_desc': None, 'waitrose_url': 'https://www.waitrose.com/ecom/shop/browse/groceries/toiletries_health_and_beauty/hair_care/shampoo', 'waitrose_rating': None, 'waitrose_unit_price': '(93.8p/100ml)', 'waitrose_new_flag': None, 'waitrose_prod_name': "L'Oreal Elvive Oil Nourishing Shampoo 400ml", 'images': []}
DEBUG: Scraped from <200 https://www.waitrose.com/ecom/shop/browse/groceries/toiletries_health_and_beauty/hair_care/shampoo>
{'client': 'Waitrose', 'time': datetime.datetime(2020, 9, 14, 12, 20, 13, 264939), 'category': 'Shampoo', 'id': 'tPp756229-563906-563907', 'prod_name': 'Head & Shoulders 2 in 1 Total Care', 'waitrose_Qty': '225ml', 'waitrose_discounted_price': '£3.00', 'waitrose_offer_desc': None, 'waitrose_url': 'https://www.waitrose.com/ecom/shop/browse/groceries/toiletries_health_and_beauty/hair_care/shampoo', 'waitrose_rating': None, 'waitrose_unit_price': '(£1.34/100ml)', 'waitrose_new_flag': None, 'waitrose_prod_name': 'Head & Shoulders 2 in 1 Total Care 225ml', 'images': []}
DEBUG: Scraped from <200 https://www.waitrose.com/ecom/shop/browse/groceries/toiletries_health_and_beauty/hair_care/shampoo>
{'client': 'Waitrose', 'time': datetime.datetime(2020, 9, 14, 12, 20, 13, 264939), 'category': 'Shampoo', 'id': 'tPp790782-694215-694216', 'prod_name': 'Pantene 3in1 Smooth & Sleek', 'waitrose_Qty': '450ml', 'waitrose_discounted_price': '£3.75', 'waitrose_offer_desc': None, 'waitrose_url': 'https://www.waitrose.com/ecom/shop/browse/groceries/toiletries_health_and_beauty/hair_care/shampoo', 'waitrose_rating': None, 'waitrose_unit_price': '(83.3p/100ml)', 'waitrose_new_flag': None, 'waitrose_prod_name': 'Pantene 3in1 Smooth & Sleek 450ml', 'images': []}
DEBUG: Scraped from <200 https://www.waitrose.com/ecom/shop/browse/groceries/toiletries_health_and_beauty/hair_care/shampoo>
{'client': 'Waitrose', 'time': datetime.datetime(2020, 9, 14, 12, 20, 13, 264939), 'category': 'Shampoo', 'id': 'tPp821139-694191-694192', 'prod_name': 'Pantene Smooth & Sleek Shampoo', 'waitrose_Qty': '500ml', 'waitrose_discounted_price': '£5.15', 'waitrose_offer_desc': None, 'waitrose_url': 'https://www.waitrose.com/ecom/shop/browse/groceries/toiletries_health_and_beauty/hair_care/shampoo', 'waitrose_rating': None, 'waitrose_unit_price': '(£1.03/100ml)', 'waitrose_new_flag': None, 'waitrose_prod_name': 'Pantene Smooth & Sleek Shampoo 500ml', 'images': []}
DEBUG: Scraped from <200 https://www.waitrose.com/ecom/shop/browse/groceries/toiletries_health_and_beauty/hair_care/shampoo>
{'client': 'Waitrose', 'time': datetime.datetime(2020, 9, 14, 12, 20, 13, 264939), 'category': 'Shampoo', 'id': 'tPp502050-631293-631294', 'prod_name': 'Hask Argan Oil Repairing Shampoo', 'waitrose_Qty': '355ml', 'waitrose_discounted_price': '£4.66', 'waitrose_offer_desc': 'Save 1/3.', 'waitrose_url': 'https://www.waitrose.com/ecom/shop/browse/groceries/toiletries_health_and_beauty/hair_care/shampoo', 'waitrose_rating': '3.7', 'waitrose_unit_price': '(£1.32/100ml)', 'waitrose_new_flag': None, 'waitrose_prod_name': 'Hask Argan Oil Repairing Shampoo 355ml', 'images': []}
DEBUG: Scraped from <200 https://www.waitrose.com/ecom/shop/browse/groceries/toiletries_health_and_beauty/hair_care/shampoo>
{'client': 'Waitrose', 'time': datetime.datetime(2020, 9, 14, 12, 20, 13, 264939), 'category': 'Shampoo', 'id': 'tPp492466-631281-631282', 'prod_name': 'Hask Keratin Protein Smoothing Shampoo', 'waitrose_Qty': '355ml', 'waitrose_discounted_price': '£4.66', 'waitrose_offer_desc': 'Save 1/3.', 'waitrose_url': 'https://www.waitrose.com/ecom/shop/browse/groceries/toiletries_health_and_beauty/hair_care/shampoo', 'waitrose_rating': None, 'waitrose_unit_price': '(£1.32/100ml)', 'waitrose_new_flag': None, 'waitrose_prod_name': 'Hask Keratin Protein Smoothing Shampoo 355ml', 'images': []}
DEBUG: Scraped from <200 https://www.waitrose.com/ecom/shop/browse/groceries/toiletries_health_and_beauty/hair_care/shampoo>
{'client': 'Waitrose', 'time': datetime.datetime(2020, 9, 14, 12, 20, 13, 264939), 'category': 'Shampoo', 'id': 'tPp791725-375655-375656', 'prod_name': 'Ogx Kukuí Oil Shampoo', 'waitrose_Qty': '385ml', 'waitrose_discounted_price': '£7.00', 'waitrose_offer_desc': None, 'waitrose_url': 'https://www.waitrose.com/ecom/shop/browse/groceries/toiletries_health_and_beauty/hair_care/shampoo', 'waitrose_rating': '5', 'waitrose_unit_price': '(£1.82/100ml)', 'waitrose_new_flag': None, 'waitrose_prod_name': 'Ogx Kukuí Oil Shampoo 385ml', 'images': []}
DEBUG: Scraped from <200 https://www.waitrose.com/ecom/shop/browse/groceries/toiletries_health_and_beauty/hair_care/shampoo>
{'client': 'Waitrose', 'time': datetime.datetime(2020, 9, 14, 12, 20, 13, 264939), 'category': 'Shampoo', 'id': 'tPp627460-154629-154630', 'prod_name': 'Aussie mega shampoo', 'waitrose_Qty': '500ml', 'waitrose_discounted_price': '£6.15', 'waitrose_offer_desc': None, 'waitrose_url': 'https://www.waitrose.com/ecom/shop/browse/groceries/toiletries_health_and_beauty/hair_care/shampoo', 'waitrose_rating': '3.8', 'waitrose_unit_price': '(£1.23/100ml)', 'waitrose_new_flag': None, 'waitrose_prod_name': 'Aussie mega shampoo 500ml', 'images': []}
DEBUG: Scraped from <200 https://www.waitrose.com/ecom/shop/browse/groceries/toiletries_health_and_beauty/hair_care/shampoo>
{'client': 'Waitrose', 'time': datetime.datetime(2020, 9, 14, 12, 20, 13, 264939), 'category': 'Shampoo', 'id': 'tPp867514-720387-720388', 'prod_name': 'Head & Shoulders Coconut Shampoo', 'waitrose_Qty': '500ml', 'waitrose_discounted_price': '£5.00', 'waitrose_offer_desc': None, 'waitrose_url': 'https://www.waitrose.com/ecom/shop/browse/groceries/toiletries_health_and_beauty/hair_care/shampoo', 'waitrose_rating': None, 'waitrose_unit_price': '(£1/100ml)', 'waitrose_new_flag': None, 'waitrose_prod_name': 'Head & Shoulders Coconut Shampoo 500ml', 'images': []}
DEBUG: Scraped from <200 https://www.waitrose.com/ecom/shop/browse/groceries/toiletries_health_and_beauty/hair_care/shampoo>
{'client': 'Waitrose', 'time': datetime.datetime(2020, 9, 14, 12, 20, 13, 264939), 'category': 'Shampoo', 'id': 'tPp868154-695990-695991', 'prod_name': 'Hair Biology Purple Shampoo', 'waitrose_Qty': '250ml', 'waitrose_discounted_price': '£4.50', 'waitrose_offer_desc': None, 'waitrose_url': 'https://www.waitrose.com/ecom/shop/browse/groceries/toiletries_health_and_beauty/hair_care/shampoo', 'waitrose_rating': None, 'waitrose_unit_price': '(£1.80/100ml)', 'waitrose_new_flag': None, 'waitrose_prod_name': 'Hair Biology Purple Shampoo 250ml', 'images': []}
DEBUG: Scraped from <200 https://www.waitrose.com/ecom/shop/browse/groceries/toiletries_health_and_beauty/hair_care/shampoo>
{'client': 'Waitrose', 'time': datetime.datetime(2020, 9, 14, 12, 20, 13, 264939), 'category': 'Shampoo', 'id': 'tPp032765-16025-16026', 'prod_name': "L'Oréal kids shampoo berry strawberry", 'waitrose_Qty': '250ml', 'waitrose_discounted_price': '£2.00', 'waitrose_offer_desc': None, 'waitrose_url': 'https://www.waitrose.com/ecom/shop/browse/groceries/toiletries_health_and_beauty/hair_care/shampoo', 'waitrose_rating': None, 'waitrose_unit_price': '(80p/100ml)', 'waitrose_new_flag': None, 'waitrose_prod_name': "L'Oréal kids shampoo berry strawberry 250ml", 'images': []}
DEBUG: Scraped from <200 https://www.waitrose.com/ecom/shop/browse/groceries/toiletries_health_and_beauty/hair_care/shampoo>
{'client': 'Waitrose', 'time': datetime.datetime(2020, 9, 14, 12, 20, 13, 264939), 'category': 'Shampoo', 'id': 'tPp829437-695831-695832', 'prod_name': 'Umberto Giannini Grow Long Shampoo', 'waitrose_Qty': '250ml', 'waitrose_discounted_price': '£8.00', 'waitrose_offer_desc': 'Mix & Match Add 3 for 2 Cheapest Item Free', 'waitrose_url': 'https://www.waitrose.com/ecom/shop/browse/groceries/toiletries_health_and_beauty/hair_care/shampoo', 'waitrose_rating': '5', 'waitrose_unit_price': '(£3.20/100ml)', 'waitrose_new_flag': None, 'waitrose_prod_name': 'Umberto Giannini Grow Long Shampoo 250ml', 'images': []}
DEBUG: Scraped from <200 https://www.waitrose.com/ecom/shop/browse/groceries/toiletries_health_and_beauty/hair_care/shampoo>
{'client': 'Waitrose', 'time': datetime.datetime(2020, 9, 14, 12, 20, 13, 264939), 'category': 'Shampoo', 'id': 'tPp816738-442231-442232', 'prod_name': 'SensSpa Nourishing Shampoo', 'waitrose_Qty': '250ml', 'waitrose_discounted_price': '£4.00', 'waitrose_offer_desc': 'Save 1/3.', 'waitrose_url': 'https://www.waitrose.com/ecom/shop/browse/groceries/toiletries_health_and_beauty/hair_care/shampoo', 'waitrose_rating': '2.6', 'waitrose_unit_price': '(£1.60/100ml)', 'waitrose_new_flag': None, 'waitrose_prod_name': 'SensSpa Nourishing Shampoo 250ml', 'images': []}
DEBUG: Scraped from <200 https://www.waitrose.com/ecom/shop/browse/groceries/toiletries_health_and_beauty/hair_care/shampoo>
{'client': 'Waitrose', 'time': datetime.datetime(2020, 9, 14, 12, 20, 13, 264939), 'category': 'Shampoo', 'id': 'tPp662395-154665-154666', 'prod_name': 'Aussie colour mate shampoo', 'waitrose_Qty': '500ml', 'waitrose_discounted_price': '£6.15', 'waitrose_offer_desc': None, 'waitrose_url': 'https://www.waitrose.com/ecom/shop/browse/groceries/toiletries_health_and_beauty/hair_care/shampoo', 'waitrose_rating': None, 'waitrose_unit_price': '(£1.23/100ml)', 'waitrose_new_flag': None, 'waitrose_prod_name': 'Aussie colour mate shampoo 500ml', 'images': []}
DEBUG: Scraped from <200 https://www.waitrose.com/ecom/shop/browse/groceries/toiletries_health_and_beauty/hair_care/shampoo>
{'client': 'Waitrose', 'time': datetime.datetime(2020, 9, 14, 12, 20, 13, 264939), 'category': 'Shampoo', 'id': 'tPp626001-88825-88826', 'prod_name': 'Head & Shoulders Shampoo Citrus Fresh', 'waitrose_Qty': '500ml', 'waitrose_discounted_price': '£5.15', 'waitrose_offer_desc': None, 'waitrose_url': 'https://www.waitrose.com/ecom/shop/browse/groceries/toiletries_health_and_beauty/hair_care/shampoo', 'waitrose_rating': None, 'waitrose_unit_price': '(£1.03/100ml)', 'waitrose_new_flag': None, 'waitrose_prod_name': 'Head & Shoulders Shampoo Citrus Fresh 500ml', 'images': []}
DEBUG: Scraped from <200 https://www.waitrose.com/ecom/shop/browse/groceries/toiletries_health_and_beauty/hair_care/shampoo>
{'client': 'Waitrose', 'time': datetime.datetime(2020, 9, 14, 12, 20, 13, 264939), 'category': 'Shampoo', 'id': 'tPp778297-720309-720310', 'prod_name': 'Pantene Grow Strong Shampoo', 'waitrose_Qty': '400ml', 'waitrose_discounted_price': '£3.75', 'waitrose_offer_desc': None, 'waitrose_url': 'https://www.waitrose.com/ecom/shop/browse/groceries/toiletries_health_and_beauty/hair_care/shampoo', 'waitrose_rating': None, 'waitrose_unit_price': '(93.8p/100ml)', 'waitrose_new_flag': None, 'waitrose_prod_name': 'Pantene Grow Strong Shampoo 400ml', 'images': []}
DEBUG: Scraped from <200 https://www.waitrose.com/ecom/shop/browse/groceries/toiletries_health_and_beauty/hair_care/shampoo>
{'client': 'Waitrose', 'time': datetime.datetime(2020, 9, 14, 12, 20, 13, 264939), 'category': 'Shampoo', 'id': 'tPp586765-735804-735805', 'prod_name': "L'Oreal Elvive Restoring Shampoo", 'waitrose_Qty': '400ml', 'waitrose_discounted_price': '£3.75', 'waitrose_offer_desc': None, 'waitrose_url': 'https://www.waitrose.com/ecom/shop/browse/groceries/toiletries_health_and_beauty/hair_care/shampoo', 'waitrose_rating': None, 'waitrose_unit_price': '(93.8p/100ml)', 'waitrose_new_flag': 'NEW', 'waitrose_prod_name': "L'Oreal Elvive Restoring Shampoo 400ml", 'images': []}
DEBUG: Scraped from <200 https://www.waitrose.com/ecom/shop/browse/groceries/toiletries_health_and_beauty/hair_care/shampoo>
{'client': 'Waitrose', 'time': datetime.datetime(2020, 9, 14, 12, 20, 13, 264939), 'category': 'Shampoo', 'id': 'tPp432893-216691-216692', 'prod_name': 'Head & Shoulders Shampoo Apple Fresh', 'waitrose_Qty': '500ml', 'waitrose_discounted_price': '£5.15', 'waitrose_offer_desc': None, 'waitrose_url': 'https://www.waitrose.com/ecom/shop/browse/groceries/toiletries_health_and_beauty/hair_care/shampoo', 'waitrose_rating': None, 'waitrose_unit_price': '(£1.03/100ml)', 'waitrose_new_flag': None, 'waitrose_prod_name': 'Head & Shoulders Shampoo Apple Fresh 500ml', 'images': []}
DEBUG: Scraped from <200 https://www.waitrose.com/ecom/shop/browse/groceries/toiletries_health_and_beauty/hair_care/shampoo>
{'client': 'Waitrose', 'time': datetime.datetime(2020, 9, 14, 12, 20, 13, 264939), 'category': 'Shampoo', 'id': 'tPp888765-695909-695910', 'prod_name': 'Umberto Giannini Curl Jelly Wash', 'waitrose_Qty': '250ml', 'waitrose_discounted_price': '£8.00', 'waitrose_offer_desc': 'Mix & Match Add 3 for 2 Cheapest Item Free', 'waitrose_url': 'https://www.waitrose.com/ecom/shop/browse/groceries/toiletries_health_and_beauty/hair_care/shampoo', 'waitrose_rating': '2.5', 'waitrose_unit_price': '(£3.20/100ml)', 'waitrose_new_flag': None, 'waitrose_prod_name': 'Umberto Giannini Curl Jelly Wash 250ml', 'images': []}
DEBUG: Scraped from <200 https://www.waitrose.com/ecom/shop/browse/groceries/toiletries_health_and_beauty/hair_care/shampoo>
{'client': 'Waitrose', 'time': datetime.datetime(2020, 9, 14, 12, 20, 13, 264939), 'category': 'Shampoo', 'id': 'tPp752186-631541-631542', 'prod_name': 'Ogx Coconut OIl Shampoo', 'waitrose_Qty': '385ml', 'waitrose_discounted_price': '£7.00', 'waitrose_offer_desc': None, 'waitrose_url': 'https://www.waitrose.com/ecom/shop/browse/groceries/toiletries_health_and_beauty/hair_care/shampoo', 'waitrose_rating': None, 'waitrose_unit_price': '(£1.82/100ml)', 'waitrose_new_flag': None, 'waitrose_prod_name': 'Ogx Coconut OIl Shampoo 385ml', 'images': []}
DEBUG: Scraped from <200 https://www.waitrose.com/ecom/shop/browse/groceries/toiletries_health_and_beauty/hair_care/shampoo>
{'client': 'Waitrose', 'time': datetime.datetime(2020, 9, 14, 12, 20, 13, 264939), 'category': 'Shampoo', 'id': 'tPp698673-735854-735855', 'prod_name': 'Pantene Pro V Rose Water Shampoo', 'waitrose_Qty': '225ml', 'waitrose_discounted_price': '£3.75', 'waitrose_offer_desc': None, 'waitrose_url': 'https://www.waitrose.com/ecom/shop/browse/groceries/toiletries_health_and_beauty/hair_care/shampoo', 'waitrose_rating': None, 'waitrose_unit_price': '(£1.67/100ml)', 'waitrose_new_flag': 'NEW', 'waitrose_prod_name': 'Pantene Pro V Rose Water Shampoo 225ml', 'images': []}
DEBUG: Scraped from <200 https://www.waitrose.com/ecom/shop/browse/groceries/toiletries_health_and_beauty/hair_care/shampoo>
{'client': 'Waitrose', 'time': datetime.datetime(2020, 9, 14, 12, 20, 13, 264939), 'category': 'Shampoo', 'id': 'tPp820157-724089-724090', 'prod_name': 'Eco Warrior Shampoo Bar', 'waitrose_Qty': '100g', 'waitrose_discounted_price': '£4.50', 'waitrose_offer_desc': None, 'waitrose_url': 'https://www.waitrose.com/ecom/shop/browse/groceries/toiletries_health_and_beauty/hair_care/shampoo', 'waitrose_rating': None, 'waitrose_unit_price': '(£4.50/100g)', 'waitrose_new_flag': None, 'waitrose_prod_name': 'Eco Warrior Shampoo Bar 100g', 'images': []}
DEBUG: Scraped from <200 https://www.waitrose.com/ecom/shop/browse/groceries/toiletries_health_and_beauty/hair_care/shampoo>
{'client': 'Waitrose', 'time': datetime.datetime(2020, 9, 14, 12, 20, 13, 264939), 'category': 'Shampoo', 'id': 'tPp724972-694185-694186', 'prod_name': 'Pantene 3in1 Repair & Protect', 'waitrose_Qty': '450ml', 'waitrose_discounted_price': '£3.75', 'waitrose_offer_desc': None, 'waitrose_url': 'https://www.waitrose.com/ecom/shop/browse/groceries/toiletries_health_and_beauty/hair_care/shampoo', 'waitrose_rating': None, 'waitrose_unit_price': '(83.3p/100ml)', 'waitrose_new_flag': None, 'waitrose_prod_name': 'Pantene 3in1 Repair & Protect 450ml', 'images': []}
DEBUG: Scraped from <200 https://www.waitrose.com/ecom/shop/browse/groceries/toiletries_health_and_beauty/hair_care/shampoo>
{'client': 'Waitrose', 'time': datetime.datetime(2020, 9, 14, 12, 20, 13, 264939), 'category': 'Shampoo', 'id': 'tPp076232-38732-38733', 'prod_name': 'AOrganic Lavender Shampoo', 'waitrose_Qty': '325ml', 'waitrose_discounted_price': '£7.00', 'waitrose_offer_desc': None, 'waitrose_url': 'https://www.waitrose.com/ecom/shop/browse/groceries/toiletries_health_and_beauty/hair_care/shampoo', 'waitrose_rating': '3.8', 'waitrose_unit_price': '(£2.16/100ml)', 'waitrose_new_flag': None, 'waitrose_prod_name': 'AOrganic Lavender Shampoo 325ml', 'images': []}
DEBUG: Scraped from <200 https://www.waitrose.com/ecom/shop/browse/groceries/toiletries_health_and_beauty/hair_care/shampoo>
{'client': 'Waitrose', 'time': datetime.datetime(2020, 9, 14, 12, 20, 13, 264939), 'category': 'Shampoo', 'id': 'tPp889100-330444-330445', 'prod_name': 'AOrganic Rosemary Shampoo', 'waitrose_Qty': '325ml', 'waitrose_discounted_price': '£7.00', 'waitrose_offer_desc': None, 'waitrose_url': 'https://www.waitrose.com/ecom/shop/browse/groceries/toiletries_health_and_beauty/hair_care/shampoo', 'waitrose_rating': '2.5', 'waitrose_unit_price': '(£2.16/100ml)', 'waitrose_new_flag': None, 'waitrose_prod_name': 'AOrganic Rosemary Shampoo 325ml', 'images': []}
DEBUG: Scraped from <200 https://www.waitrose.com/ecom/shop/browse/groceries/toiletries_health_and_beauty/hair_care/shampoo>
{'client': 'Waitrose', 'time': datetime.datetime(2020, 9, 14, 12, 20, 13, 264939), 'category': 'Shampoo', 'id': 'tPp861587-154949-154950', 'prod_name': 'Batiste dark & deep brown dry shampoo', 'waitrose_Qty': '200ml', 'waitrose_discounted_price': '£4.00', 'waitrose_offer_desc': None, 'waitrose_url': 'https://www.waitrose.com/ecom/shop/browse/groceries/toiletries_health_and_beauty/hair_care/shampoo', 'waitrose_rating': None, 'waitrose_unit_price': '(£2/100ml)', 'waitrose_new_flag': None, 'waitrose_prod_name': 'Batiste dark & deep brown dry shampoo 200ml', 'images': []}
DEBUG: Scraped from <200 https://www.waitrose.com/ecom/shop/browse/groceries/toiletries_health_and_beauty/hair_care/shampoo>
{'client': 'Waitrose', 'time': datetime.datetime(2020, 9, 14, 12, 20, 13, 264939), 'category': 'Shampoo', 'id': 'tPp480888-154495-154496', 'prod_name': 'Head & Shoulders Smooth Shampoo', 'waitrose_Qty': '500ml', 'waitrose_discounted_price': '£5.15', 'waitrose_offer_desc': None, 'waitrose_url': 'https://www.waitrose.com/ecom/shop/browse/groceries/toiletries_health_and_beauty/hair_care/shampoo', 'waitrose_rating': '5', 'waitrose_unit_price': '(£1.03/100ml)', 'waitrose_new_flag': None, 'waitrose_prod_name': 'Head & Shoulders Smooth Shampoo 500ml', 'images': []}
DEBUG: Scraped from <200 https://www.waitrose.com/ecom/shop/browse/groceries/toiletries_health_and_beauty/hair_care/shampoo>
{'client': 'Waitrose', 'time': datetime.datetime(2020, 9, 14, 12, 20, 13, 264939), 'category': 'Shampoo', 'id': 'tPp027940-13599-13600', 'prod_name': 'Avalon Organics lemon shampoo', 'waitrose_Qty': '325ml', 'waitrose_discounted_price': '£7.00', 'waitrose_offer_desc': None, 'waitrose_url': 'https://www.waitrose.com/ecom/shop/browse/groceries/toiletries_health_and_beauty/hair_care/shampoo', 'waitrose_rating': '3.6', 'waitrose_unit_price': '(£2.16/100ml)', 'waitrose_new_flag': None, 'waitrose_prod_name': 'Avalon Organics lemon shampoo 325ml', 'images': []}
DEBUG: Scraped from <200 https://www.waitrose.com/ecom/shop/browse/groceries/toiletries_health_and_beauty/hair_care/shampoo>
{'client': 'Waitrose', 'time': datetime.datetime(2020, 9, 14, 12, 20, 13, 264939), 'category': 'Shampoo', 'id': 'tPp714629-729752-729753', 'prod_name': 'OGX Keratin Oil Shampoo', 'waitrose_Qty': '385ml', 'waitrose_discounted_price': '£7.00', 'waitrose_offer_desc': None, 'waitrose_url': 'https://www.waitrose.com/ecom/shop/browse/groceries/toiletries_health_and_beauty/hair_care/shampoo', 'waitrose_rating': None, 'waitrose_unit_price': '(£1.82/100ml)', 'waitrose_new_flag': None, 'waitrose_prod_name': 'OGX Keratin Oil Shampoo 385ml', 'images': []}
DEBUG: Scraped from <200 https://www.waitrose.com/ecom/shop/browse/groceries/toiletries_health_and_beauty/hair_care/shampoo>
{'client': 'Waitrose', 'time': datetime.datetime(2020, 9, 14, 12, 20, 13, 264939), 'category': 'Shampoo', 'id': 'tPp554742-695503-695504', 'prod_name': 'Umberto Giannini Violet Shampoo', 'waitrose_Qty': '250ml', 'waitrose_discounted_price': '£8.00', 'waitrose_offer_desc': 'Mix & Match Add 3 for 2 Cheapest Item Free', 'waitrose_url': 'https://www.waitrose.com/ecom/shop/browse/groceries/toiletries_health_and_beauty/hair_care/shampoo', 'waitrose_rating': None, 'waitrose_unit_price': '(£3.20/100ml)', 'waitrose_new_flag': None, 'waitrose_prod_name': 'Umberto Giannini Violet Shampoo 250ml', 'images': []}
DEBUG: Scraped from <200 https://www.waitrose.com/ecom/shop/browse/groceries/toiletries_health_and_beauty/hair_care/shampoo>
{'client': 'Waitrose', 'time': datetime.datetime(2020, 9, 14, 12, 20, 13, 264939), 'category': 'Shampoo', 'id': 'tPp567427-683666-683667', 'prod_name': 'Ogx Charcoal Detox Shampoo', 'waitrose_Qty': '385ml', 'waitrose_discounted_price': '£7.00', 'waitrose_offer_desc': None, 'waitrose_url': 'https://www.waitrose.com/ecom/shop/browse/groceries/toiletries_health_and_beauty/hair_care/shampoo', 'waitrose_rating': None, 'waitrose_unit_price': '(£1.82/100ml)', 'waitrose_new_flag': None, 'waitrose_prod_name': 'Ogx Charcoal Detox Shampoo 385ml', 'images': []}
DEBUG: Scraped from <200 https://www.waitrose.com/ecom/shop/browse/groceries/toiletries_health_and_beauty/hair_care/shampoo>
{'client': 'Waitrose', 'time': datetime.datetime(2020, 9, 14, 12, 20, 13, 264939), 'category': 'Shampoo', 'id': 'tPp721134-337091-337092', 'prod_name': 'Aussie miracle shine shampoo', 'waitrose_Qty': '500ml', 'waitrose_discounted_price': '£6.00', 'waitrose_offer_desc': None, 'waitrose_url': 'https://www.waitrose.com/ecom/shop/browse/groceries/toiletries_health_and_beauty/hair_care/shampoo', 'waitrose_rating': None, 'waitrose_unit_price': '(£1.20/100ml)', 'waitrose_new_flag': None, 'waitrose_prod_name': 'Aussie miracle shine shampoo 500ml', 'images': []}
DEBUG: Scraped from <200 https://www.waitrose.com/ecom/shop/browse/groceries/toiletries_health_and_beauty/hair_care/shampoo>
{'client': 'Waitrose', 'time': datetime.datetime(2020, 9, 14, 12, 20, 13, 264939), 'category': 'Shampoo', 'id': 'tPp567481-719558-719559', 'prod_name': 'Fit Kit Gentle Shampoo &Conditioner', 'waitrose_Qty': '200ml', 'waitrose_discounted_price': '£4.00', 'waitrose_offer_desc': None, 'waitrose_url': 'https://www.waitrose.com/ecom/shop/browse/groceries/toiletries_health_and_beauty/hair_care/shampoo', 'waitrose_rating': '5', 'waitrose_unit_price': '(£2/100ml)', 'waitrose_new_flag': None, 'waitrose_prod_name': 'Fit Kit Gentle Shampoo &Conditioner 200ml', 'images': []}
DEBUG: Scraped from <200 https://www.waitrose.com/ecom/shop/browse/groceries/toiletries_health_and_beauty/hair_care/shampoo>
{'client': 'Waitrose', 'time': datetime.datetime(2020, 9, 14, 12, 20, 13, 264939), 'category': 'Shampoo', 'id': 'tPp694392-98595-98596', 'prod_name': 'Head & Shoulders Shampoo Cool Menthol', 'waitrose_Qty': '500ml', 'waitrose_discounted_price': '£5.15', 'waitrose_offer_desc': None, 'waitrose_url': 'https://www.waitrose.com/ecom/shop/browse/groceries/toiletries_health_and_beauty/hair_care/shampoo', 'waitrose_rating': None, 'waitrose_unit_price': '(£1.03/100ml)', 'waitrose_new_flag': None, 'waitrose_prod_name': 'Head & Shoulders Shampoo Cool Menthol 500ml', 'images': []}
DEBUG: Scraped from <200 https://www.waitrose.com/ecom/shop/browse/groceries/toiletries_health_and_beauty/hair_care/shampoo>
{'client': 'Waitrose', 'time': datetime.datetime(2020, 9, 14, 12, 20, 13, 264939), 'category': 'Shampoo', 'id': 'tPp405353-729640-729641', 'prod_name': 'Percy & Reed No-Fuss Dry Shampoo', 'waitrose_Qty': '200ml', 'waitrose_discounted_price': '£15.00', 'waitrose_offer_desc': None, 'waitrose_url': 'https://www.waitrose.com/ecom/shop/browse/groceries/toiletries_health_and_beauty/hair_care/shampoo', 'waitrose_rating': '3.8', 'waitrose_unit_price': '(£7.50/100ml)', 'waitrose_new_flag': None, 'waitrose_prod_name': 'Percy & Reed No-Fuss Dry Shampoo 200ml', 'images': []}
DEBUG: Scraped from <200 https://www.waitrose.com/ecom/shop/browse/groceries/toiletries_health_and_beauty/hair_care/shampoo>
{'client': 'Waitrose', 'time': datetime.datetime(2020, 9, 14, 12, 20, 13, 264939), 'category': 'Shampoo', 'id': 'tPp863078-695988-695989', 'prod_name': 'Pantene Hair Biology Full & Vibrant', 'waitrose_Qty': '250ml', 'waitrose_discounted_price': '£4.50', 'waitrose_offer_desc': None, 'waitrose_url': 'https://www.waitrose.com/ecom/shop/browse/groceries/toiletries_health_and_beauty/hair_care/shampoo', 'waitrose_rating': None, 'waitrose_unit_price': '(£1.80/100ml)', 'waitrose_new_flag': None, 'waitrose_prod_name': 'Pantene Hair Biology Full & Vibrant 250ml', 'images': []}
DEBUG: Scraped from <200 https://www.waitrose.com/ecom/shop/browse/groceries/toiletries_health_and_beauty/hair_care/shampoo>
{'client': 'Waitrose', 'time': datetime.datetime(2020, 9, 14, 12, 20, 13, 264939), 'category': 'Shampoo', 'id': 'tPp584599-695531-695532', 'prod_name': 'Batiste Dry Shampoo Volume', 'waitrose_Qty': '200ml', 'waitrose_discounted_price': '£4.25', 'waitrose_offer_desc': None, 'waitrose_url': 'https://www.waitrose.com/ecom/shop/browse/groceries/toiletries_health_and_beauty/hair_care/shampoo', 'waitrose_rating': None, 'waitrose_unit_price': '(£2.13/100ml)', 'waitrose_new_flag': None, 'waitrose_prod_name': 'Batiste Dry Shampoo Volume 200ml', 'images': []}
DEBUG: Scraped from <200 https://www.waitrose.com/ecom/shop/browse/groceries/toiletries_health_and_beauty/hair_care/shampoo>
{'client': 'Waitrose', 'time': datetime.datetime(2020, 9, 14, 12, 20, 13, 264939), 'category': 'Shampoo', 'id': 'tPp426973-298983-298984', 'prod_name': 'Head & Shoulders 2in1 Apple Fresh', 'waitrose_Qty': '450ml', 'waitrose_discounted_price': '£5.00', 'waitrose_offer_desc': None, 'waitrose_url': 'https://www.waitrose.com/ecom/shop/browse/groceries/toiletries_health_and_beauty/hair_care/shampoo', 'waitrose_rating': None, 'waitrose_unit_price': '(£1.12/100ml)', 'waitrose_new_flag': None, 'waitrose_prod_name': 'Head & Shoulders 2in1 Apple Fresh 450ml', 'images': []}
DEBUG: Scraped from <200 https://www.waitrose.com/ecom/shop/browse/groceries/toiletries_health_and_beauty/hair_care/shampoo>
{'client': 'Waitrose', 'time': datetime.datetime(2020, 9, 14, 12, 20, 13, 264939), 'category': 'Shampoo', 'id': 'tPp567431-729696-729697', 'prod_name': 'Batiste Dry Shampoo for Blondes', 'waitrose_Qty': '200ml', 'waitrose_discounted_price': '£4.00', 'waitrose_offer_desc': None, 'waitrose_url': 'https://www.waitrose.com/ecom/shop/browse/groceries/toiletries_health_and_beauty/hair_care/shampoo', 'waitrose_rating': None, 'waitrose_unit_price': '(£2/100ml)', 'waitrose_new_flag': None, 'waitrose_prod_name': 'Batiste Dry Shampoo for Blondes 200ml', 'images': []}
DEBUG: Scraped from <200 https://www.waitrose.com/ecom/shop/browse/groceries/toiletries_health_and_beauty/hair_care/shampoo>
{'client': 'Waitrose', 'time': datetime.datetime(2020, 9, 14, 12, 20, 13, 264939), 'category': 'Shampoo', 'id': 'tPp812614-707138-707139', 'prod_name': 'Beco Spring Meadow Shampoo Bar', 'waitrose_Qty': '90g', 'waitrose_discounted_price': '£4.00', 'waitrose_offer_desc': None, 'waitrose_url': 'https://www.waitrose.com/ecom/shop/browse/groceries/toiletries_health_and_beauty/hair_care/shampoo', 'waitrose_rating': '3.3', 'waitrose_unit_price': '(£4.45/100g)', 'waitrose_new_flag': None, 'waitrose_prod_name': 'Beco Spring Meadow Shampoo Bar 90g', 'images': []}
DEBUG: Scraped from <200 https://www.waitrose.com/ecom/shop/browse/groceries/toiletries_health_and_beauty/hair_care/shampoo>
{'client': 'Waitrose', 'time': datetime.datetime(2020, 9, 14, 12, 20, 13, 264939), 'category': 'Shampoo', 'id': 'tPp492090-729670-729671', 'prod_name': 'Percy & Reed Volumising Shampoo', 'waitrose_Qty': '250ml', 'waitrose_discounted_price': '£18.00', 'waitrose_offer_desc': None, 'waitrose_url': 'https://www.waitrose.com/ecom/shop/browse/groceries/toiletries_health_and_beauty/hair_care/shampoo', 'waitrose_rating': None, 'waitrose_unit_price': '(£7.20/100ml)', 'waitrose_new_flag': None, 'waitrose_prod_name': 'Percy & Reed Volumising Shampoo 250ml', 'images': []}
DEBUG: Scraped from <200 https://www.waitrose.com/ecom/shop/browse/groceries/toiletries_health_and_beauty/hair_care/shampoo>
{'client': 'Waitrose', 'time': datetime.datetime(2020, 9, 14, 12, 20, 13, 264939), 'category': 'Shampoo', 'id': 'tPp809690-337194-337195', 'prod_name': 'Head & Shoulders 2in1 Itchy Scalp', 'waitrose_Qty': '450ml', 'waitrose_discounted_price': '£5.15', 'waitrose_offer_desc': None, 'waitrose_url': 'https://www.waitrose.com/ecom/shop/browse/groceries/toiletries_health_and_beauty/hair_care/shampoo', 'waitrose_rating': '5', 'waitrose_unit_price': '(£1.15/100ml)', 'waitrose_new_flag': None, 'waitrose_prod_name': 'Head & Shoulders 2in1 Itchy Scalp 450ml', 'images': []}
DEBUG: Scraped from <200 https://www.waitrose.com/ecom/shop/browse/groceries/toiletries_health_and_beauty/hair_care/shampoo>
{'client': 'Waitrose', 'time': datetime.datetime(2020, 9, 14, 12, 20, 13, 264939), 'category': 'Shampoo', 'id': 'tPp401660-588303-588304', 'prod_name': 'Richard Ward Brunette Shampoo', 'waitrose_Qty': '250ml', 'waitrose_discounted_price': '£6.00', 'waitrose_offer_desc': None, 'waitrose_url': 'https://www.waitrose.com/ecom/shop/browse/groceries/toiletries_health_and_beauty/hair_care/shampoo', 'waitrose_rating': '5', 'waitrose_unit_price': '(£2.40/100ml)', 'waitrose_new_flag': None, 'waitrose_prod_name': 'Richard Ward Brunette Shampoo 250ml', 'images': []}
DEBUG: Scraped from <200 https://www.waitrose.com/ecom/shop/browse/groceries/toiletries_health_and_beauty/hair_care/shampoo>
{'client': 'Waitrose', 'time': datetime.datetime(2020, 9, 14, 12, 20, 13, 264939), 'category': 'Shampoo', 'id': 'tPp407272-440973-440974', 'prod_name': 'Richard Ward Chelsea Cleanse & Condition', 'waitrose_Qty': '250ml', 'waitrose_discounted_price': '£6.00', 'waitrose_offer_desc': None, 'waitrose_url': 'https://www.waitrose.com/ecom/shop/browse/groceries/toiletries_health_and_beauty/hair_care/shampoo', 'waitrose_rating': '3.9', 'waitrose_unit_price': '(£2.40/100ml)', 'waitrose_new_flag': None, 'waitrose_prod_name': 'Richard Ward Chelsea Cleanse & Condition 250ml', 'images': []}
DEBUG: Scraped from <200 https://www.waitrose.com/ecom/shop/browse/groceries/toiletries_health_and_beauty/hair_care/shampoo>
{'client': 'Waitrose', 'time': datetime.datetime(2020, 9, 14, 12, 20, 13, 264939), 'category': 'Shampoo', 'id': 'tPp834106-299691-299692', 'prod_name': 'Head & Shoulders 2in1 smooth & silky', 'waitrose_Qty': '450ml', 'waitrose_discounted_price': '£5.00', 'waitrose_offer_desc': None, 'waitrose_url': 'https://www.waitrose.com/ecom/shop/browse/groceries/toiletries_health_and_beauty/hair_care/shampoo', 'waitrose_rating': None, 'waitrose_unit_price': '(£1.12/100ml)', 'waitrose_new_flag': None, 'waitrose_prod_name': 'Head & Shoulders 2in1 smooth & silky 450ml', 'images': []}
DEBUG: Scraped from <200 https://www.waitrose.com/ecom/shop/browse/groceries/toiletries_health_and_beauty/hair_care/shampoo>
{'client': 'Waitrose', 'time': datetime.datetime(2020, 9, 14, 12, 20, 13, 264939), 'category': 'Shampoo', 'id': 'tPp836383-271490-271491', 'prod_name': 'Head & Shoulders 2in1 citrus care', 'waitrose_Qty': '450ml', 'waitrose_discounted_price': '£5.15', 'waitrose_offer_desc': None, 'waitrose_url': 'https://www.waitrose.com/ecom/shop/browse/groceries/toiletries_health_and_beauty/hair_care/shampoo', 'waitrose_rating': None, 'waitrose_unit_price': '(£1.15/100ml)', 'waitrose_new_flag': None, 'waitrose_prod_name': 'Head & Shoulders 2in1 citrus care 450ml', 'images': []}
DEBUG: Scraped from <200 https://www.waitrose.com/ecom/shop/browse/groceries/toiletries_health_and_beauty/hair_care/shampoo>
{'client': 'Waitrose', 'time': datetime.datetime(2020, 9, 14, 12, 20, 13, 264939), 'category': 'Shampoo', 'id': 'tPp581644-729702-729703', 'prod_name': 'Percy & Reed Hydrating Shampoo', 'waitrose_Qty': '250ml', 'waitrose_discounted_price': '£18.00', 'waitrose_offer_desc': None, 'waitrose_url': 'https://www.waitrose.com/ecom/shop/browse/groceries/toiletries_health_and_beauty/hair_care/shampoo', 'waitrose_rating': None, 'waitrose_unit_price': '(£7.20/100ml)', 'waitrose_new_flag': None, 'waitrose_prod_name': 'Percy & Reed Hydrating Shampoo 250ml', 'images': []}
DEBUG: Scraped from <200 https://www.waitrose.com/ecom/shop/browse/groceries/toiletries_health_and_beauty/hair_care/shampoo>
{'client': 'Waitrose', 'time': datetime.datetime(2020, 9, 14, 12, 20, 13, 264939), 'category': 'Shampoo', 'id': 'tPp855732-695986-695987', 'prod_name': 'Hair Biology De-Frizz Shampoo', 'waitrose_Qty': '250ml', 'waitrose_discounted_price': '£4.50', 'waitrose_offer_desc': None, 'waitrose_url': 'https://www.waitrose.com/ecom/shop/browse/groceries/toiletries_health_and_beauty/hair_care/shampoo', 'waitrose_rating': None, 'waitrose_unit_price': '(£1.80/100ml)', 'waitrose_new_flag': None, 'waitrose_prod_name': 'Hair Biology De-Frizz Shampoo 250ml', 'images': []}
DEBUG: Scraped from <200 https://www.waitrose.com/ecom/shop/browse/groceries/toiletries_health_and_beauty/hair_care/shampoo>
{'client': 'Waitrose', 'time': datetime.datetime(2020, 9, 14, 12, 20, 13, 264939), 'category': 'Shampoo', 'id': 'tPp734002-695705-695706', 'prod_name': 'Percy & Reed Wonder Wash Shampoo', 'waitrose_Qty': '250ml', 'waitrose_discounted_price': '£18.00', 'waitrose_offer_desc': None, 'waitrose_url': 'https://www.waitrose.com/ecom/shop/browse/groceries/toiletries_health_and_beauty/hair_care/shampoo', 'waitrose_rating': '4.1', 'waitrose_unit_price': '(£7.20/100ml)', 'waitrose_new_flag': None, 'waitrose_prod_name': 'Percy & Reed Wonder Wash Shampoo 250ml', 'images': []}
DEBUG: Scraped from <200 https://www.waitrose.com/ecom/shop/browse/groceries/toiletries_health_and_beauty/hair_care/shampoo>
{'client': 'Waitrose', 'time': datetime.datetime(2020, 9, 14, 12, 20, 13, 264939), 'category': 'Shampoo', 'id': 'tPp591666-681031-681032', 'prod_name': 'Pure Grace Shower Gel', 'waitrose_Qty': '480ml', 'waitrose_discounted_price': '£19.50', 'waitrose_offer_desc': None, 'waitrose_url': 'https://www.waitrose.com/ecom/shop/browse/groceries/toiletries_health_and_beauty/hair_care/shampoo', 'waitrose_rating': None, 'waitrose_unit_price': '(£4.07/100ml)', 'waitrose_new_flag': None, 'waitrose_prod_name': 'Pure Grace Shower Gel 480ml', 'images': []}
DEBUG: Scraped from <200 https://www.waitrose.com/ecom/shop/browse/groceries/toiletries_health_and_beauty/hair_care/shampoo>
{'client': 'Waitrose', 'time': datetime.datetime(2020, 9, 14, 12, 20, 13, 264939), 'category': 'Shampoo', 'id': 'tPp803275-329016-329017', 'prod_name': 'AOrganic Peppermint Shampoo', 'waitrose_Qty': '325ml', 'waitrose_discounted_price': '£7.00', 'waitrose_offer_desc': None, 'waitrose_url': 'https://www.waitrose.com/ecom/shop/browse/groceries/toiletries_health_and_beauty/hair_care/shampoo', 'waitrose_rating': '4', 'waitrose_unit_price': '(£2.16/100ml)', 'waitrose_new_flag': None, 'waitrose_prod_name': 'AOrganic Peppermint Shampoo 325ml', 'images': []}
INFO: Closing spider (finished)
INFO: Stored json feed (135 items) in: waitrose_091420.json
INFO: Dumping Scrapy stats:
{'downloader/request_bytes': 2588,
 'downloader/request_count': 1,
 'downloader/request_method_count/POST': 1,
 'downloader/response_bytes': 1699624,
 'downloader/response_count': 1,
 'downloader/response_status_count/200': 1,
 'finish_reason': 'finished',
 'finish_time': datetime.datetime(2020, 9, 14, 6, 51, 43, 202703),
 'item_scraped_count': 135,
 'log_count/DEBUG': 136,
 'log_count/INFO': 11,
 'log_count/WARNING': 1,
 'response_received_count': 1,
 'scheduler/dequeued': 2,
 'scheduler/dequeued/memory': 2,
 'scheduler/enqueued': 2,
 'scheduler/enqueued/memory': 2,
 'splash/execute/request_count': 1,
 'splash/execute/response_count/200': 1,
 'start_time': datetime.datetime(2020, 9, 14, 6, 50, 13, 530425)}
INFO: Spider closed (finished)
INFO: Scrapy 1.6.0 started (bot: waitrose)
INFO: Versions: lxml 4.5.1.0, libxml2 2.9.10, cssselect 1.1.0, parsel 1.6.0, w3lib 1.22.0, Twisted 20.3.0, Python 3.7.7 (default, May  6 2020, 11:45:54) [MSC v.1916 64 bit (AMD64)], pyOpenSSL 19.1.0 (OpenSSL 1.1.1g  21 Apr 2020), cryptography 2.9.2, Platform Windows-10-10.0.18362-SP0
INFO: Overridden settings: {'BOT_NAME': 'waitrose', 'DOWNLOAD_TIMEOUT': 1200, 'DUPEFILTER_CLASS': 'scrapy_splash.SplashAwareDupeFilter', 'FEED_EXPORT_ENCODING': 'utf-8', 'FEED_FORMAT': 'json', 'FEED_URI': 'waitrose_091520.json', 'NEWSPIDER_MODULE': 'waitrose.spiders', 'SPIDER_MODULES': ['waitrose.spiders']}
INFO: Telnet Password: 3a9494201efe559f
INFO: Enabled extensions:
['scrapy.extensions.corestats.CoreStats',
 'scrapy.extensions.telnet.TelnetConsole',
 'scrapy.extensions.feedexport.FeedExporter',
 'scrapy.extensions.logstats.LogStats']
INFO: Enabled downloader middlewares:
['scrapy.downloadermiddlewares.httpauth.HttpAuthMiddleware',
 'scrapy.downloadermiddlewares.downloadtimeout.DownloadTimeoutMiddleware',
 'scrapy.downloadermiddlewares.defaultheaders.DefaultHeadersMiddleware',
 'scrapy.downloadermiddlewares.useragent.UserAgentMiddleware',
 'scrapy.downloadermiddlewares.retry.RetryMiddleware',
 'scrapy.downloadermiddlewares.redirect.MetaRefreshMiddleware',
 'scrapy.downloadermiddlewares.redirect.RedirectMiddleware',
 'scrapy.downloadermiddlewares.cookies.CookiesMiddleware',
 'scrapy_splash.SplashCookiesMiddleware',
 'scrapy_splash.SplashMiddleware',
 'scrapy.downloadermiddlewares.httpproxy.HttpProxyMiddleware',
 'scrapy.downloadermiddlewares.httpcompression.HttpCompressionMiddleware',
 'scrapy.downloadermiddlewares.stats.DownloaderStats']
INFO: Enabled spider middlewares:
['scrapy.spidermiddlewares.httperror.HttpErrorMiddleware',
 'scrapy_splash.SplashDeduplicateArgsMiddleware',
 'scrapy.spidermiddlewares.offsite.OffsiteMiddleware',
 'scrapy.spidermiddlewares.referer.RefererMiddleware',
 'scrapy.spidermiddlewares.urllength.UrlLengthMiddleware',
 'scrapy.spidermiddlewares.depth.DepthMiddleware']
INFO: Enabled item pipelines:
['waitrose.pipelines.ImageDownloaderPipeline',
 'waitrose.pipelines.SQLlitePipeline']
INFO: Spider opened
INFO: Crawled 0 pages (at 0 pages/min), scraped 0 items (at 0 items/min)
WARNING: C:\Users\sujithk\AppData\Local\Continuum\anaconda3\envs\Virtual_Env\lib\site-packages\scrapy\spidermiddlewares\offsite.py:61: URLWarning: allowed_domains accepts only domains, not URLs. Ignoring URL entry https://www.waitrose.com/ in allowed_domains.
  warnings.warn(message, URLWarning)

INFO: Telnet console listening on 127.0.0.1:6026
INFO: Crawled 0 pages (at 0 pages/min), scraped 0 items (at 0 items/min)
DEBUG: Crawled (200) <GET https://www.waitrose.com/ecom/shop/browse/groceries/toiletries_health_and_beauty/hair_care/shampoo via http://192.168.1.3:8050/execute> (referer: None)
DEBUG: Scraped from <200 https://www.waitrose.com/ecom/shop/browse/groceries/toiletries_health_and_beauty/hair_care/shampoo>
{'client': 'Waitrose', 'time': datetime.datetime(2020, 9, 15, 21, 12, 9, 509090), 'category': 'Shampoo', 'id': 'tPp096508-49364-49365', 'prod_name': 'Aussie Miracle Moist Shampoo', 'waitrose_Qty': '300ml', 'waitrose_discounted_price': '£2.05', 'waitrose_offer_desc': 'Half Price.', 'waitrose_url': 'https://www.waitrose.com/ecom/shop/browse/groceries/toiletries_health_and_beauty/hair_care/shampoo', 'waitrose_rating': '3.7', 'waitrose_unit_price': '(68.3p/100ml)', 'waitrose_new_flag': None, 'waitrose_prod_name': 'Aussie Miracle Moist Shampoo 300ml', 'images': []}
DEBUG: Scraped from <200 https://www.waitrose.com/ecom/shop/browse/groceries/toiletries_health_and_beauty/hair_care/shampoo>
{'client': 'Waitrose', 'time': datetime.datetime(2020, 9, 15, 21, 12, 9, 509090), 'category': 'Shampoo', 'id': 'tPp059421-29947-29948', 'prod_name': 'Aussie Aussome Volume Shampoo', 'waitrose_Qty': '300ml', 'waitrose_discounted_price': '£2.00', 'waitrose_offer_desc': 'Half Price.', 'waitrose_url': 'https://www.waitrose.com/ecom/shop/browse/groceries/toiletries_health_and_beauty/hair_care/shampoo', 'waitrose_rating': '5', 'waitrose_unit_price': '(66.7p/100ml)', 'waitrose_new_flag': None, 'waitrose_prod_name': 'Aussie Aussome Volume Shampoo 300ml', 'images': []}
DEBUG: Scraped from <200 https://www.waitrose.com/ecom/shop/browse/groceries/toiletries_health_and_beauty/hair_care/shampoo>
{'client': 'Waitrose', 'time': datetime.datetime(2020, 9, 15, 21, 12, 9, 509090), 'category': 'Shampoo', 'id': 'tPp092708-47659-47660', 'prod_name': 'Vosene Original Shampoo', 'waitrose_Qty': '250ml', 'waitrose_discounted_price': '£1.36', 'waitrose_offer_desc': 'Save 1/3.', 'waitrose_url': 'https://www.waitrose.com/ecom/shop/browse/groceries/toiletries_health_and_beauty/hair_care/shampoo', 'waitrose_rating': '5', 'waitrose_unit_price': '(54.4p/100ml)', 'waitrose_new_flag': None, 'waitrose_prod_name': 'Vosene Original Shampoo 250ml', 'images': []}
DEBUG: Scraped from <200 https://www.waitrose.com/ecom/shop/browse/groceries/toiletries_health_and_beauty/hair_care/shampoo>
{'client': 'Waitrose', 'time': datetime.datetime(2020, 9, 15, 21, 12, 9, 509090), 'category': 'Shampoo', 'id': 'tPp799806-683814-683815', 'prod_name': 'Tresemmé Shampoo Moisture Rich', 'waitrose_Qty': '800ml', 'waitrose_discounted_price': '£2.75', 'waitrose_offer_desc': 'Half Price.', 'waitrose_url': 'https://www.waitrose.com/ecom/shop/browse/groceries/toiletries_health_and_beauty/hair_care/shampoo', 'waitrose_rating': None, 'waitrose_unit_price': '(34.4p/100ml)', 'waitrose_new_flag': None, 'waitrose_prod_name': 'Tresemmé Shampoo Moisture Rich 800ml', 'images': []}
DEBUG: Scraped from <200 https://www.waitrose.com/ecom/shop/browse/groceries/toiletries_health_and_beauty/hair_care/shampoo>
{'client': 'Waitrose', 'time': datetime.datetime(2020, 9, 15, 21, 12, 9, 509090), 'category': 'Shampoo', 'id': 'tPp799806-683814-683815', 'prod_name': 'Tresemmé Shampoo Moisture Rich', 'waitrose_Qty': '800ml', 'waitrose_discounted_price': '£2.75', 'waitrose_offer_desc': 'Half Price.', 'waitrose_url': 'https://www.waitrose.com/ecom/shop/browse/groceries/toiletries_health_and_beauty/hair_care/shampoo', 'waitrose_rating': None, 'waitrose_unit_price': '(34.4p/100ml)', 'waitrose_new_flag': None, 'waitrose_prod_name': 'Tresemmé Shampoo Moisture Rich 800ml', 'images': []}
DEBUG: Scraped from <200 https://www.waitrose.com/ecom/shop/browse/groceries/toiletries_health_and_beauty/hair_care/shampoo>
{'client': 'Waitrose', 'time': datetime.datetime(2020, 9, 15, 21, 12, 9, 509090), 'category': 'Shampoo', 'id': 'tPp639145-337007-337008', 'prod_name': 'Tresemmé Shampoo Deep Cleansing', 'waitrose_Qty': '800ml', 'waitrose_discounted_price': '£2.75', 'waitrose_offer_desc': 'Half Price.', 'waitrose_url': 'https://www.waitrose.com/ecom/shop/browse/groceries/toiletries_health_and_beauty/hair_care/shampoo', 'waitrose_rating': '5', 'waitrose_unit_price': '(34.4p/100ml)', 'waitrose_new_flag': None, 'waitrose_prod_name': 'Tresemmé Shampoo Deep Cleansing 800ml', 'images': []}
DEBUG: Scraped from <200 https://www.waitrose.com/ecom/shop/browse/groceries/toiletries_health_and_beauty/hair_care/shampoo>
{'client': 'Waitrose', 'time': datetime.datetime(2020, 9, 15, 21, 12, 9, 509090), 'category': 'Shampoo', 'id': 'tPp096232-49248-49249', 'prod_name': 'Aussie Mega Shampoo', 'waitrose_Qty': '300ml', 'waitrose_discounted_price': '£2.05', 'waitrose_offer_desc': 'Half Price.', 'waitrose_url': 'https://www.waitrose.com/ecom/shop/browse/groceries/toiletries_health_and_beauty/hair_care/shampoo', 'waitrose_rating': '2.5', 'waitrose_unit_price': '(68.3p/100ml)', 'waitrose_new_flag': None, 'waitrose_prod_name': 'Aussie Mega Shampoo 300ml', 'images': []}
DEBUG: Scraped from <200 https://www.waitrose.com/ecom/shop/browse/groceries/toiletries_health_and_beauty/hair_care/shampoo>
{'client': 'Waitrose', 'time': datetime.datetime(2020, 9, 15, 21, 12, 9, 509090), 'category': 'Shampoo', 'id': 'tPp083596-42439-42440', 'prod_name': 'Aussie Colour Mate Shampoo', 'waitrose_Qty': '300ml', 'waitrose_discounted_price': '£2.05', 'waitrose_offer_desc': 'Half Price.', 'waitrose_url': 'https://www.waitrose.com/ecom/shop/browse/groceries/toiletries_health_and_beauty/hair_care/shampoo', 'waitrose_rating': '5', 'waitrose_unit_price': '(68.3p/100ml)', 'waitrose_new_flag': None, 'waitrose_prod_name': 'Aussie Colour Mate Shampoo 300ml', 'images': []}
DEBUG: Scraped from <200 https://www.waitrose.com/ecom/shop/browse/groceries/toiletries_health_and_beauty/hair_care/shampoo>
{'client': 'Waitrose', 'time': datetime.datetime(2020, 9, 15, 21, 12, 9, 509090), 'category': 'Shampoo', 'id': 'tPp364793-255761-255762', 'prod_name': 'Aussie Miracle Shine Shampoo', 'waitrose_Qty': '300ml', 'waitrose_discounted_price': '£2.00', 'waitrose_offer_desc': 'Half Price.', 'waitrose_url': 'https://www.waitrose.com/ecom/shop/browse/groceries/toiletries_health_and_beauty/hair_care/shampoo', 'waitrose_rating': None, 'waitrose_unit_price': '(66.7p/100ml)', 'waitrose_new_flag': None, 'waitrose_prod_name': 'Aussie Miracle Shine Shampoo 300ml', 'images': []}
DEBUG: Scraped from <200 https://www.waitrose.com/ecom/shop/browse/groceries/toiletries_health_and_beauty/hair_care/shampoo>
{'client': 'Waitrose', 'time': datetime.datetime(2020, 9, 15, 21, 12, 9, 509090), 'category': 'Shampoo', 'id': 'tPp819563-729788-729789', 'prod_name': 'Aussie Blonde Purple Shampoo', 'waitrose_Qty': '290ml', 'waitrose_discounted_price': '£2.99', 'waitrose_offer_desc': 'Half Price.', 'waitrose_url': 'https://www.waitrose.com/ecom/shop/browse/groceries/toiletries_health_and_beauty/hair_care/shampoo', 'waitrose_rating': None, 'waitrose_unit_price': '(£1.04/100ml)', 'waitrose_new_flag': None, 'waitrose_prod_name': 'Aussie Blonde Purple Shampoo 290ml', 'images': []}
DEBUG: Scraped from <200 https://www.waitrose.com/ecom/shop/browse/groceries/toiletries_health_and_beauty/hair_care/shampoo>
{'client': 'Waitrose', 'time': datetime.datetime(2020, 9, 15, 21, 12, 9, 509090), 'category': 'Shampoo', 'id': 'tPp819340-720339-720340', 'prod_name': 'Head & Shoulders Supreme Shampoo', 'waitrose_Qty': '400ml', 'waitrose_discounted_price': '£3.33', 'waitrose_offer_desc': 'Save 1/3.', 'waitrose_url': 'https://www.waitrose.com/ecom/shop/browse/groceries/toiletries_health_and_beauty/hair_care/shampoo', 'waitrose_rating': None, 'waitrose_unit_price': '(83.3p/100ml)', 'waitrose_new_flag': None, 'waitrose_prod_name': 'Head & Shoulders Supreme Shampoo 400ml', 'images': []}
DEBUG: Scraped from <200 https://www.waitrose.com/ecom/shop/browse/groceries/toiletries_health_and_beauty/hair_care/shampoo>
{'client': 'Waitrose', 'time': datetime.datetime(2020, 9, 15, 21, 12, 9, 509090), 'category': 'Shampoo', 'id': 'tPp433216-720111-720112', 'prod_name': 'John Frieda Hydrate & Recharge Shampoo', 'waitrose_Qty': '250ml', 'waitrose_discounted_price': '£3.99', 'waitrose_offer_desc': 'Save 1/3.', 'waitrose_url': 'https://www.waitrose.com/ecom/shop/browse/groceries/toiletries_health_and_beauty/hair_care/shampoo', 'waitrose_rating': None, 'waitrose_unit_price': '(£1.60/100ml)', 'waitrose_new_flag': None, 'waitrose_prod_name': 'John Frieda Hydrate & Recharge Shampoo 250ml', 'images': []}
DEBUG: Scraped from <200 https://www.waitrose.com/ecom/shop/browse/groceries/toiletries_health_and_beauty/hair_care/shampoo>
{'client': 'Waitrose', 'time': datetime.datetime(2020, 9, 15, 21, 12, 9, 509090), 'category': 'Shampoo', 'id': 'tPp610920-86669-86670', 'prod_name': 'Sheer Blonde Go Blonder Shampoo', 'waitrose_Qty': '250ml', 'waitrose_discounted_price': '£3.99', 'waitrose_offer_desc': 'Save 1/3.', 'waitrose_url': 'https://www.waitrose.com/ecom/shop/browse/groceries/toiletries_health_and_beauty/hair_care/shampoo', 'waitrose_rating': '3.5', 'waitrose_unit_price': '(£1.60/100ml)', 'waitrose_new_flag': None, 'waitrose_prod_name': 'Sheer Blonde Go Blonder Shampoo 250ml', 'images': []}
DEBUG: Scraped from <200 https://www.waitrose.com/ecom/shop/browse/groceries/toiletries_health_and_beauty/hair_care/shampoo>
{'client': 'Waitrose', 'time': datetime.datetime(2020, 9, 15, 21, 12, 9, 509090), 'category': 'Shampoo', 'id': 'tPp775870-724036-724037', 'prod_name': 'Faith in Nature Wild Rose Shampoo', 'waitrose_Qty': '400ml', 'waitrose_discounted_price': '£3.86', 'waitrose_offer_desc': 'Save 1/3.', 'waitrose_url': 'https://www.waitrose.com/ecom/shop/browse/groceries/toiletries_health_and_beauty/hair_care/shampoo', 'waitrose_rating': '5', 'waitrose_unit_price': '(96.5p/100ml)', 'waitrose_new_flag': None, 'waitrose_prod_name': 'Faith in Nature Wild Rose Shampoo 400ml', 'images': []}
DEBUG: Scraped from <200 https://www.waitrose.com/ecom/shop/browse/groceries/toiletries_health_and_beauty/hair_care/shampoo>
{'client': 'Waitrose', 'time': datetime.datetime(2020, 9, 15, 21, 12, 9, 509090), 'category': 'Shampoo', 'id': 'tPp502437-720153-720154', 'prod_name': 'Aussie Calm The Frizz Shampoo', 'waitrose_Qty': '300ml', 'waitrose_discounted_price': '£2.00', 'waitrose_offer_desc': 'Half Price.', 'waitrose_url': 'https://www.waitrose.com/ecom/shop/browse/groceries/toiletries_health_and_beauty/hair_care/shampoo', 'waitrose_rating': None, 'waitrose_unit_price': '(66.7p/100ml)', 'waitrose_new_flag': None, 'waitrose_prod_name': 'Aussie Calm The Frizz Shampoo 300ml', 'images': []}
DEBUG: Scraped from <200 https://www.waitrose.com/ecom/shop/browse/groceries/toiletries_health_and_beauty/hair_care/shampoo>
{'client': 'Waitrose', 'time': datetime.datetime(2020, 9, 15, 21, 12, 9, 509090), 'category': 'Shampoo', 'id': 'tPp595050-720203-720204', 'prod_name': 'Herbal Essences Coconut Shampoo', 'waitrose_Qty': '250ml', 'waitrose_discounted_price': '£2.00', 'waitrose_offer_desc': 'Save 1/3.', 'waitrose_url': 'https://www.waitrose.com/ecom/shop/browse/groceries/toiletries_health_and_beauty/hair_care/shampoo', 'waitrose_rating': None, 'waitrose_unit_price': '(80p/100ml)', 'waitrose_new_flag': None, 'waitrose_prod_name': 'Herbal Essences Coconut Shampoo 250ml', 'images': []}
DEBUG: Scraped from <200 https://www.waitrose.com/ecom/shop/browse/groceries/toiletries_health_and_beauty/hair_care/shampoo>
{'client': 'Waitrose', 'time': datetime.datetime(2020, 9, 15, 21, 12, 9, 509090), 'category': 'Shampoo', 'id': 'tPp011495-5706-5707', 'prod_name': 'John Frieda Shampoo Touchably Full', 'waitrose_Qty': '250ml', 'waitrose_discounted_price': '£3.99', 'waitrose_offer_desc': 'Save 1/3.', 'waitrose_url': 'https://www.waitrose.com/ecom/shop/browse/groceries/toiletries_health_and_beauty/hair_care/shampoo', 'waitrose_rating': '4', 'waitrose_unit_price': '(£1.60/100ml)', 'waitrose_new_flag': None, 'waitrose_prod_name': 'John Frieda Shampoo Touchably Full 250ml', 'images': []}
DEBUG: Scraped from <200 https://www.waitrose.com/ecom/shop/browse/groceries/toiletries_health_and_beauty/hair_care/shampoo>
{'client': 'Waitrose', 'time': datetime.datetime(2020, 9, 15, 21, 12, 9, 509090), 'category': 'Shampoo', 'id': 'tPp747801-683764-683765', 'prod_name': 'Aussie Shampoo Scent-sational', 'waitrose_Qty': '300ml', 'waitrose_discounted_price': '£2.00', 'waitrose_offer_desc': 'Half Price.', 'waitrose_url': 'https://www.waitrose.com/ecom/shop/browse/groceries/toiletries_health_and_beauty/hair_care/shampoo', 'waitrose_rating': '5', 'waitrose_unit_price': '(66.7p/100ml)', 'waitrose_new_flag': None, 'waitrose_prod_name': 'Aussie Shampoo Scent-sational 300ml', 'images': []}
DEBUG: Scraped from <200 https://www.waitrose.com/ecom/shop/browse/groceries/toiletries_health_and_beauty/hair_care/shampoo>
{'client': 'Waitrose', 'time': datetime.datetime(2020, 9, 15, 21, 12, 9, 509090), 'category': 'Shampoo', 'id': 'tPp494340-69860-69861', 'prod_name': "Neal's Yard Rose Shampoo", 'waitrose_Qty': '200ml', 'waitrose_discounted_price': '£7.66', 'waitrose_offer_desc': 'Save 1/3.', 'waitrose_url': 'https://www.waitrose.com/ecom/shop/browse/groceries/toiletries_health_and_beauty/hair_care/shampoo', 'waitrose_rating': '3.1', 'waitrose_unit_price': '(£3.83/100ml)', 'waitrose_new_flag': None, 'waitrose_prod_name': "Neal's Yard Rose Shampoo 200ml", 'images': []}
DEBUG: Scraped from <200 https://www.waitrose.com/ecom/shop/browse/groceries/toiletries_health_and_beauty/hair_care/shampoo>
{'client': 'Waitrose', 'time': datetime.datetime(2020, 9, 15, 21, 12, 9, 509090), 'category': 'Shampoo', 'id': 'tPp455905-591789-591790', 'prod_name': 'Herbal Essences clean Shampoo', 'waitrose_Qty': '400ml', 'waitrose_discounted_price': '£4.50', 'waitrose_offer_desc': None, 'waitrose_url': 'https://www.waitrose.com/ecom/shop/browse/groceries/toiletries_health_and_beauty/hair_care/shampoo', 'waitrose_rating': None, 'waitrose_unit_price': '(£1.13/100ml)', 'waitrose_new_flag': None, 'waitrose_prod_name': 'Herbal Essences clean Shampoo 400ml', 'images': []}
DEBUG: Scraped from <200 https://www.waitrose.com/ecom/shop/browse/groceries/toiletries_health_and_beauty/hair_care/shampoo>
{'client': 'Waitrose', 'time': datetime.datetime(2020, 9, 15, 21, 12, 9, 509090), 'category': 'Shampoo', 'id': 'tPp538896-720173-720174', 'prod_name': 'Herbal Essences Argan Oil Shampoo', 'waitrose_Qty': '250ml', 'waitrose_discounted_price': '£2.00', 'waitrose_offer_desc': 'Save 1/3.', 'waitrose_url': 'https://www.waitrose.com/ecom/shop/browse/groceries/toiletries_health_and_beauty/hair_care/shampoo', 'waitrose_rating': None, 'waitrose_unit_price': '(80p/100ml)', 'waitrose_new_flag': None, 'waitrose_prod_name': 'Herbal Essences Argan Oil Shampoo 250ml', 'images': []}
DEBUG: Scraped from <200 https://www.waitrose.com/ecom/shop/browse/groceries/toiletries_health_and_beauty/hair_care/shampoo>
{'client': 'Waitrose', 'time': datetime.datetime(2020, 9, 15, 21, 12, 9, 509090), 'category': 'Shampoo', 'id': 'tPp847454-724141-724142', 'prod_name': 'Faith in Nature Grapefruit Shampoo', 'waitrose_Qty': '400ml', 'waitrose_discounted_price': '£3.86', 'waitrose_offer_desc': 'Save 1/3.', 'waitrose_url': 'https://www.waitrose.com/ecom/shop/browse/groceries/toiletries_health_and_beauty/hair_care/shampoo', 'waitrose_rating': '5', 'waitrose_unit_price': '(96.5p/100ml)', 'waitrose_new_flag': None, 'waitrose_prod_name': 'Faith in Nature Grapefruit Shampoo 400ml', 'images': []}
DEBUG: Scraped from <200 https://www.waitrose.com/ecom/shop/browse/groceries/toiletries_health_and_beauty/hair_care/shampoo>
{'client': 'Waitrose', 'time': datetime.datetime(2020, 9, 15, 21, 12, 9, 509090), 'category': 'Shampoo', 'id': 'tPp833802-337290-337291', 'prod_name': 'Aussie Miracle Moist Spray', 'waitrose_Qty': '250ml', 'waitrose_discounted_price': '£2.57', 'waitrose_offer_desc': 'Half Price.', 'waitrose_url': 'https://www.waitrose.com/ecom/shop/browse/groceries/toiletries_health_and_beauty/hair_care/shampoo', 'waitrose_rating': None, 'waitrose_unit_price': '(£1.03/100ml)', 'waitrose_new_flag': None, 'waitrose_prod_name': 'Aussie Miracle Moist Spray 250ml', 'images': []}
DEBUG: Scraped from <200 https://www.waitrose.com/ecom/shop/browse/groceries/toiletries_health_and_beauty/hair_care/shampoo>
{'client': 'Waitrose', 'time': datetime.datetime(2020, 9, 15, 21, 12, 9, 509090), 'category': 'Shampoo', 'id': 'tPp702159-494964-494965', 'prod_name': 'DGJ Argan Oil Shampoo', 'waitrose_Qty': '250ml', 'waitrose_discounted_price': '£2.50', 'waitrose_offer_desc': 'Half Price.', 'waitrose_url': 'https://www.waitrose.com/ecom/shop/browse/groceries/toiletries_health_and_beauty/hair_care/shampoo', 'waitrose_rating': None, 'waitrose_unit_price': '(£1/100ml)', 'waitrose_new_flag': None, 'waitrose_prod_name': 'DGJ Argan Oil Shampoo 250ml', 'images': []}
DEBUG: Scraped from <200 https://www.waitrose.com/ecom/shop/browse/groceries/toiletries_health_and_beauty/hair_care/shampoo>
{'client': 'Waitrose', 'time': datetime.datetime(2020, 9, 15, 21, 12, 9, 509090), 'category': 'Shampoo', 'id': 'tPp701301-99532-99533', 'prod_name': 'Essential Daily Care Shampoo', 'waitrose_Qty': '300ml', 'waitrose_discounted_price': '80p', 'waitrose_offer_desc': None, 'waitrose_url': 'https://www.waitrose.com/ecom/shop/browse/groceries/toiletries_health_and_beauty/hair_care/shampoo', 'waitrose_rating': '4.1', 'waitrose_unit_price': '(26.7p/100ml)', 'waitrose_new_flag': None, 'waitrose_prod_name': 'Essential Daily Care Shampoo 300ml', 'images': []}
DEBUG: Scraped from <200 https://www.waitrose.com/ecom/shop/browse/groceries/toiletries_health_and_beauty/hair_care/shampoo>
{'client': 'Waitrose', 'time': datetime.datetime(2020, 9, 15, 21, 12, 9, 509090), 'category': 'Shampoo', 'id': 'tPp583946-82773-82774', 'prod_name': "Neal's Yard Lavender Shampoo", 'waitrose_Qty': '200ml', 'waitrose_discounted_price': '£7.66', 'waitrose_offer_desc': 'Save 1/3.', 'waitrose_url': 'https://www.waitrose.com/ecom/shop/browse/groceries/toiletries_health_and_beauty/hair_care/shampoo', 'waitrose_rating': '2.3', 'waitrose_unit_price': '(£3.83/100ml)', 'waitrose_new_flag': None, 'waitrose_prod_name': "Neal's Yard Lavender Shampoo 200ml", 'images': []}
DEBUG: Scraped from <200 https://www.waitrose.com/ecom/shop/browse/groceries/toiletries_health_and_beauty/hair_care/shampoo>
{'client': 'Waitrose', 'time': datetime.datetime(2020, 9, 15, 21, 12, 9, 509090), 'category': 'Shampoo', 'id': 'tPp735040-695707-695708', 'prod_name': 'Vosene Kids 3in1 Tea Tree Shampoo', 'waitrose_Qty': '250ml', 'waitrose_discounted_price': '£1.66', 'waitrose_offer_desc': 'Save 1/3.', 'waitrose_url': 'https://www.waitrose.com/ecom/shop/browse/groceries/toiletries_health_and_beauty/hair_care/shampoo', 'waitrose_rating': None, 'waitrose_unit_price': '(66.4p/100ml)', 'waitrose_new_flag': None, 'waitrose_prod_name': 'Vosene Kids 3in1 Tea Tree Shampoo 250ml', 'images': []}
DEBUG: Scraped from <200 https://www.waitrose.com/ecom/shop/browse/groceries/toiletries_health_and_beauty/hair_care/shampoo>
{'client': 'Waitrose', 'time': datetime.datetime(2020, 9, 15, 21, 12, 9, 509090), 'category': 'Shampoo', 'id': 'tPp425124-59787-59788', 'prod_name': 'Brilliant Brunette Protecting Shampoo', 'waitrose_Qty': '250ml', 'waitrose_discounted_price': '£3.99', 'waitrose_offer_desc': 'Save 1/3.', 'waitrose_url': 'https://www.waitrose.com/ecom/shop/browse/groceries/toiletries_health_and_beauty/hair_care/shampoo', 'waitrose_rating': None, 'waitrose_unit_price': '(£1.60/100ml)', 'waitrose_new_flag': None, 'waitrose_prod_name': 'Brilliant Brunette Protecting Shampoo 250ml', 'images': []}
DEBUG: Scraped from <200 https://www.waitrose.com/ecom/shop/browse/groceries/toiletries_health_and_beauty/hair_care/shampoo>
{'client': 'Waitrose', 'time': datetime.datetime(2020, 9, 15, 21, 12, 9, 509090), 'category': 'Shampoo', 'id': 'tPp865734-216867-216868', 'prod_name': 'Ogx Argan Oil of Morocco Shampoo', 'waitrose_Qty': '385ml', 'waitrose_discounted_price': '£7.00', 'waitrose_offer_desc': None, 'waitrose_url': 'https://www.waitrose.com/ecom/shop/browse/groceries/toiletries_health_and_beauty/hair_care/shampoo', 'waitrose_rating': '3.4', 'waitrose_unit_price': '(£1.82/100ml)', 'waitrose_new_flag': None, 'waitrose_prod_name': 'Ogx Argan Oil of Morocco Shampoo 385ml', 'images': []}
DEBUG: Scraped from <200 https://www.waitrose.com/ecom/shop/browse/groceries/toiletries_health_and_beauty/hair_care/shampoo>
{'client': 'Waitrose', 'time': datetime.datetime(2020, 9, 15, 21, 12, 9, 509090), 'category': 'Shampoo', 'id': 'tPp810201-352482-352483', 'prod_name': 'Essential Daily Care 2 in 1', 'waitrose_Qty': '300ml', 'waitrose_discounted_price': '80p', 'waitrose_offer_desc': None, 'waitrose_url': 'https://www.waitrose.com/ecom/shop/browse/groceries/toiletries_health_and_beauty/hair_care/shampoo', 'waitrose_rating': '4.3', 'waitrose_unit_price': '(26.7p/100ml)', 'waitrose_new_flag': None, 'waitrose_prod_name': 'Essential Daily Care 2 in 1 300ml', 'images': []}
DEBUG: Scraped from <200 https://www.waitrose.com/ecom/shop/browse/groceries/toiletries_health_and_beauty/hair_care/shampoo>
{'client': 'Waitrose', 'time': datetime.datetime(2020, 9, 15, 21, 12, 9, 509090), 'category': 'Shampoo', 'id': 'tPp725068-723986-723987', 'prod_name': 'Faith in Nature Lavender Shampoo', 'waitrose_Qty': '400ml', 'waitrose_discounted_price': '£3.86', 'waitrose_offer_desc': 'Save 1/3.', 'waitrose_url': 'https://www.waitrose.com/ecom/shop/browse/groceries/toiletries_health_and_beauty/hair_care/shampoo', 'waitrose_rating': None, 'waitrose_unit_price': '(96.5p/100ml)', 'waitrose_new_flag': None, 'waitrose_prod_name': 'Faith in Nature Lavender Shampoo 400ml', 'images': []}
DEBUG: Scraped from <200 https://www.waitrose.com/ecom/shop/browse/groceries/toiletries_health_and_beauty/hair_care/shampoo>
{'client': 'Waitrose', 'time': datetime.datetime(2020, 9, 15, 21, 12, 9, 509090), 'category': 'Shampoo', 'id': 'tPp639366-90822-90823', 'prod_name': 'Head & Shoulders Shampoo Classic', 'waitrose_Qty': '500ml', 'waitrose_discounted_price': '£5.15', 'waitrose_offer_desc': None, 'waitrose_url': 'https://www.waitrose.com/ecom/shop/browse/groceries/toiletries_health_and_beauty/hair_care/shampoo', 'waitrose_rating': '3.5', 'waitrose_unit_price': '(£1.03/100ml)', 'waitrose_new_flag': None, 'waitrose_prod_name': 'Head & Shoulders Shampoo Classic 500ml', 'images': []}
DEBUG: Scraped from <200 https://www.waitrose.com/ecom/shop/browse/groceries/toiletries_health_and_beauty/hair_care/shampoo>
{'client': 'Waitrose', 'time': datetime.datetime(2020, 9, 15, 21, 12, 9, 509090), 'category': 'Shampoo', 'id': 'tPp425163-526469-526470', 'prod_name': 'Frizz Ease Shampoo Miraculous Recovery', 'waitrose_Qty': '250ml', 'waitrose_discounted_price': '£3.99', 'waitrose_offer_desc': 'Save 1/3.', 'waitrose_url': 'https://www.waitrose.com/ecom/shop/browse/groceries/toiletries_health_and_beauty/hair_care/shampoo', 'waitrose_rating': None, 'waitrose_unit_price': '(£1.60/100ml)', 'waitrose_new_flag': None, 'waitrose_prod_name': 'Frizz Ease Shampoo Miraculous Recovery 250ml', 'images': []}
DEBUG: Scraped from <200 https://www.waitrose.com/ecom/shop/browse/groceries/toiletries_health_and_beauty/hair_care/shampoo>
{'client': 'Waitrose', 'time': datetime.datetime(2020, 9, 15, 21, 12, 9, 509090), 'category': 'Shampoo', 'id': 'tPp535961-75786-75787', 'prod_name': 'essential Waitrose Nourishing Shampoo', 'waitrose_Qty': '300ml', 'waitrose_discounted_price': '80p', 'waitrose_offer_desc': None, 'waitrose_url': 'https://www.waitrose.com/ecom/shop/browse/groceries/toiletries_health_and_beauty/hair_care/shampoo', 'waitrose_rating': '4.3', 'waitrose_unit_price': '(26.7p/100ml)', 'waitrose_new_flag': None, 'waitrose_prod_name': 'essential Waitrose Nourishing Shampoo 300ml', 'images': []}
DEBUG: Scraped from <200 https://www.waitrose.com/ecom/shop/browse/groceries/toiletries_health_and_beauty/hair_care/shampoo>
{'client': 'Waitrose', 'time': datetime.datetime(2020, 9, 15, 21, 12, 9, 509090), 'category': 'Shampoo', 'id': 'tPp414862-695397-695398', 'prod_name': 'Noughty Wave Hello Shampoo', 'waitrose_Qty': '250ml', 'waitrose_discounted_price': '£4.66', 'waitrose_offer_desc': 'Save 1/3.', 'waitrose_url': 'https://www.waitrose.com/ecom/shop/browse/groceries/toiletries_health_and_beauty/hair_care/shampoo', 'waitrose_rating': None, 'waitrose_unit_price': '(£1.87/100ml)', 'waitrose_new_flag': None, 'waitrose_prod_name': 'Noughty Wave Hello Shampoo 250ml', 'images': []}
DEBUG: Scraped from <200 https://www.waitrose.com/ecom/shop/browse/groceries/toiletries_health_and_beauty/hair_care/shampoo>
{'client': 'Waitrose', 'time': datetime.datetime(2020, 9, 15, 21, 12, 9, 509090), 'category': 'Shampoo', 'id': 'tPp490113-591883-591884', 'prod_name': 'Herbal Essences Volume Shampoo', 'waitrose_Qty': '400ml', 'waitrose_discounted_price': '£4.50', 'waitrose_offer_desc': None, 'waitrose_url': 'https://www.waitrose.com/ecom/shop/browse/groceries/toiletries_health_and_beauty/hair_care/shampoo', 'waitrose_rating': '5', 'waitrose_unit_price': '(£1.13/100ml)', 'waitrose_new_flag': None, 'waitrose_prod_name': 'Herbal Essences Volume Shampoo 400ml', 'images': []}
DEBUG: Scraped from <200 https://www.waitrose.com/ecom/shop/browse/groceries/toiletries_health_and_beauty/hair_care/shampoo>
{'client': 'Waitrose', 'time': datetime.datetime(2020, 9, 15, 21, 12, 9, 509090), 'category': 'Shampoo', 'id': 'tPp472240-591833-591834', 'prod_name': 'Herbal Essences Repair Shampoo', 'waitrose_Qty': '400ml', 'waitrose_discounted_price': '£4.50', 'waitrose_offer_desc': None, 'waitrose_url': 'https://www.waitrose.com/ecom/shop/browse/groceries/toiletries_health_and_beauty/hair_care/shampoo', 'waitrose_rating': '5', 'waitrose_unit_price': '(£1.13/100ml)', 'waitrose_new_flag': None, 'waitrose_prod_name': 'Herbal Essences Repair Shampoo 400ml', 'images': []}
DEBUG: Scraped from <200 https://www.waitrose.com/ecom/shop/browse/groceries/toiletries_health_and_beauty/hair_care/shampoo>
{'client': 'Waitrose', 'time': datetime.datetime(2020, 9, 15, 21, 12, 9, 509090), 'category': 'Shampoo', 'id': 'tPp745828-495012-495013', 'prod_name': 'DGJ Kids Lice Repel Shampoo', 'waitrose_Qty': '250ml', 'waitrose_discounted_price': '£1.75', 'waitrose_offer_desc': 'Half Price.', 'waitrose_url': 'https://www.waitrose.com/ecom/shop/browse/groceries/toiletries_health_and_beauty/hair_care/shampoo', 'waitrose_rating': None, 'waitrose_unit_price': '(70p/100ml)', 'waitrose_new_flag': None, 'waitrose_prod_name': 'DGJ Kids Lice Repel Shampoo 250ml', 'images': []}
DEBUG: Scraped from <200 https://www.waitrose.com/ecom/shop/browse/groceries/toiletries_health_and_beauty/hair_care/shampoo>
{'client': 'Waitrose', 'time': datetime.datetime(2020, 9, 15, 21, 12, 9, 509090), 'category': 'Shampoo', 'id': 'tPp065299-33095-33096', 'prod_name': 'Frizz Ease Dream Curls Shampoo', 'waitrose_Qty': '250ml', 'waitrose_discounted_price': '£3.99', 'waitrose_offer_desc': 'Save 1/3.', 'waitrose_url': 'https://www.waitrose.com/ecom/shop/browse/groceries/toiletries_health_and_beauty/hair_care/shampoo', 'waitrose_rating': '5', 'waitrose_unit_price': '(£1.60/100ml)', 'waitrose_new_flag': None, 'waitrose_prod_name': 'Frizz Ease Dream Curls Shampoo 250ml', 'images': []}
DEBUG: Scraped from <200 https://www.waitrose.com/ecom/shop/browse/groceries/toiletries_health_and_beauty/hair_care/shampoo>
{'client': 'Waitrose', 'time': datetime.datetime(2020, 9, 15, 21, 12, 9, 509090), 'category': 'Shampoo', 'id': 'tPp563832-295347-295348', 'prod_name': 'Argan + Argan Oil 5Oil Miracle Shampoo', 'waitrose_Qty': '300ml', 'waitrose_discounted_price': '£4.00', 'waitrose_offer_desc': 'Save 1/3.', 'waitrose_url': 'https://www.waitrose.com/ecom/shop/browse/groceries/toiletries_health_and_beauty/hair_care/shampoo', 'waitrose_rating': '5', 'waitrose_unit_price': '(£1.34/100ml)', 'waitrose_new_flag': None, 'waitrose_prod_name': 'Argan + Argan Oil 5Oil Miracle Shampoo 300ml', 'images': []}
DEBUG: Scraped from <200 https://www.waitrose.com/ecom/shop/browse/groceries/toiletries_health_and_beauty/hair_care/shampoo>
{'client': 'Waitrose', 'time': datetime.datetime(2020, 9, 15, 21, 12, 9, 509090), 'category': 'Shampoo', 'id': 'tPp755186-495024-495025', 'prod_name': 'DGJ Colour Save Shampoo', 'waitrose_Qty': '250ml', 'waitrose_discounted_price': '£2.50', 'waitrose_offer_desc': 'Half Price.', 'waitrose_url': 'https://www.waitrose.com/ecom/shop/browse/groceries/toiletries_health_and_beauty/hair_care/shampoo', 'waitrose_rating': None, 'waitrose_unit_price': '(£1/100ml)', 'waitrose_new_flag': None, 'waitrose_prod_name': 'DGJ Colour Save Shampoo 250ml', 'images': []}
DEBUG: Scraped from <200 https://www.waitrose.com/ecom/shop/browse/groceries/toiletries_health_and_beauty/hair_care/shampoo>
{'client': 'Waitrose', 'time': datetime.datetime(2020, 9, 15, 21, 12, 9, 509090), 'category': 'Shampoo', 'id': 'tPp711086-652694-652695', 'prod_name': 'Head & Shoulders Supreme Moisture', 'waitrose_Qty': '400ml', 'waitrose_discounted_price': '£3.43', 'waitrose_offer_desc': 'Save 1/3.', 'waitrose_url': 'https://www.waitrose.com/ecom/shop/browse/groceries/toiletries_health_and_beauty/hair_care/shampoo', 'waitrose_rating': None, 'waitrose_unit_price': '(85.8p/100ml)', 'waitrose_new_flag': None, 'waitrose_prod_name': 'Head & Shoulders Supreme Moisture 400ml', 'images': []}
DEBUG: Scraped from <200 https://www.waitrose.com/ecom/shop/browse/groceries/toiletries_health_and_beauty/hair_care/shampoo>
{'client': 'Waitrose', 'time': datetime.datetime(2020, 9, 15, 21, 12, 9, 509090), 'category': 'Shampoo', 'id': 'tPp051100-25409-25410', 'prod_name': 'Sheer Blonde Moisturising Shampoo', 'waitrose_Qty': '250ml', 'waitrose_discounted_price': '£3.99', 'waitrose_offer_desc': 'Save 1/3.', 'waitrose_url': 'https://www.waitrose.com/ecom/shop/browse/groceries/toiletries_health_and_beauty/hair_care/shampoo', 'waitrose_rating': '3', 'waitrose_unit_price': '(£1.60/100ml)', 'waitrose_new_flag': None, 'waitrose_prod_name': 'Sheer Blonde Moisturising Shampoo 250ml', 'images': []}
DEBUG: Scraped from <200 https://www.waitrose.com/ecom/shop/browse/groceries/toiletries_health_and_beauty/hair_care/shampoo>
{'client': 'Waitrose', 'time': datetime.datetime(2020, 9, 15, 21, 12, 9, 509090), 'category': 'Shampoo', 'id': 'tPp844892-695845-695846', 'prod_name': 'Head & Shoulders Colour Protect', 'waitrose_Qty': '400ml', 'waitrose_discounted_price': '£3.33', 'waitrose_offer_desc': 'Save 1/3.', 'waitrose_url': 'https://www.waitrose.com/ecom/shop/browse/groceries/toiletries_health_and_beauty/hair_care/shampoo', 'waitrose_rating': None, 'waitrose_unit_price': '(83.3p/100ml)', 'waitrose_new_flag': None, 'waitrose_prod_name': 'Head & Shoulders Colour Protect 400ml', 'images': []}
DEBUG: Scraped from <200 https://www.waitrose.com/ecom/shop/browse/groceries/toiletries_health_and_beauty/hair_care/shampoo>
{'client': 'Waitrose', 'time': datetime.datetime(2020, 9, 15, 21, 12, 9, 509090), 'category': 'Shampoo', 'id': 'tPp740653-352034-352035', 'prod_name': 'essential Waitrose Anti-Dandruff 2 in 1', 'waitrose_Qty': '300ml', 'waitrose_discounted_price': '£1.00', 'waitrose_offer_desc': 'Featured Product', 'waitrose_url': 'https://www.waitrose.com/ecom/shop/browse/groceries/toiletries_health_and_beauty/hair_care/shampoo', 'waitrose_rating': '4', 'waitrose_unit_price': '(33.3p/100ml)', 'waitrose_new_flag': None, 'waitrose_prod_name': 'essential Waitrose Anti-Dandruff 2 in 1 300ml', 'images': []}
DEBUG: Scraped from <200 https://www.waitrose.com/ecom/shop/browse/groceries/toiletries_health_and_beauty/hair_care/shampoo>
{'client': 'Waitrose', 'time': datetime.datetime(2020, 9, 15, 21, 12, 9, 509090), 'category': 'Shampoo', 'id': 'tPp755068-720289-720290', 'prod_name': 'Herbal Essences Aloe Hemp Shampoo', 'waitrose_Qty': '380ml', 'waitrose_discounted_price': '£4.50', 'waitrose_offer_desc': None, 'waitrose_url': 'https://www.waitrose.com/ecom/shop/browse/groceries/toiletries_health_and_beauty/hair_care/shampoo', 'waitrose_rating': None, 'waitrose_unit_price': '(£1.19/100ml)', 'waitrose_new_flag': None, 'waitrose_prod_name': 'Herbal Essences Aloe Hemp Shampoo 380ml', 'images': []}
DEBUG: Scraped from <200 https://www.waitrose.com/ecom/shop/browse/groceries/toiletries_health_and_beauty/hair_care/shampoo>
{'client': 'Waitrose', 'time': datetime.datetime(2020, 9, 15, 21, 12, 9, 509090), 'category': 'Shampoo', 'id': 'tPp547359-720175-720176', 'prod_name': 'Maui Moisture Bamboo Shampoo', 'waitrose_Qty': '385ml', 'waitrose_discounted_price': '£6.00', 'waitrose_offer_desc': 'Save 1/3.', 'waitrose_url': 'https://www.waitrose.com/ecom/shop/browse/groceries/toiletries_health_and_beauty/hair_care/shampoo', 'waitrose_rating': '5', 'waitrose_unit_price': '(£1.56/100ml)', 'waitrose_new_flag': None, 'waitrose_prod_name': 'Maui Moisture Bamboo Shampoo 385ml', 'images': []}
DEBUG: Scraped from <200 https://www.waitrose.com/ecom/shop/browse/groceries/toiletries_health_and_beauty/hair_care/shampoo>
{'client': 'Waitrose', 'time': datetime.datetime(2020, 9, 15, 21, 12, 9, 509090), 'category': 'Shampoo', 'id': 'tPp582132-472091-472092', 'prod_name': 'Ogx Argan Oil Morocco Shampoo', 'waitrose_Qty': '385ml', 'waitrose_discounted_price': '£7.00', 'waitrose_offer_desc': None, 'waitrose_url': 'https://www.waitrose.com/ecom/shop/browse/groceries/toiletries_health_and_beauty/hair_care/shampoo', 'waitrose_rating': '4', 'waitrose_unit_price': '(£1.82/100ml)', 'waitrose_new_flag': None, 'waitrose_prod_name': 'Ogx Argan Oil Morocco Shampoo 385ml', 'images': []}
DEBUG: Scraped from <200 https://www.waitrose.com/ecom/shop/browse/groceries/toiletries_health_and_beauty/hair_care/shampoo>
{'client': 'Waitrose', 'time': datetime.datetime(2020, 9, 15, 21, 12, 9, 509090), 'category': 'Shampoo', 'id': 'tPp427668-591713-591714', 'prod_name': 'Herbal Essences Hydrate Shampoo', 'waitrose_Qty': '400ml', 'waitrose_discounted_price': '£4.50', 'waitrose_offer_desc': None, 'waitrose_url': 'https://www.waitrose.com/ecom/shop/browse/groceries/toiletries_health_and_beauty/hair_care/shampoo', 'waitrose_rating': '5', 'waitrose_unit_price': '(£1.13/100ml)', 'waitrose_new_flag': None, 'waitrose_prod_name': 'Herbal Essences Hydrate Shampoo 400ml', 'images': []}
DEBUG: Scraped from <200 https://www.waitrose.com/ecom/shop/browse/groceries/toiletries_health_and_beauty/hair_care/shampoo>
{'client': 'Waitrose', 'time': datetime.datetime(2020, 9, 15, 21, 12, 9, 509090), 'category': 'Shampoo', 'id': 'tPp402915-526384-526385', 'prod_name': 'John Frieda Violet Crush Shampoo', 'waitrose_Qty': '250ml', 'waitrose_discounted_price': '£3.99', 'waitrose_offer_desc': 'Save 1/3.', 'waitrose_url': 'https://www.waitrose.com/ecom/shop/browse/groceries/toiletries_health_and_beauty/hair_care/shampoo', 'waitrose_rating': '5', 'waitrose_unit_price': '(£1.60/100ml)', 'waitrose_new_flag': None, 'waitrose_prod_name': 'John Frieda Violet Crush Shampoo 250ml', 'images': []}
DEBUG: Scraped from <200 https://www.waitrose.com/ecom/shop/browse/groceries/toiletries_health_and_beauty/hair_care/shampoo>
{'client': 'Waitrose', 'time': datetime.datetime(2020, 9, 15, 21, 12, 9, 509090), 'category': 'Shampoo', 'id': 'tPp407453-471203-471204', 'prod_name': 'Ogx Biotin & Collagen Shampoo', 'waitrose_Qty': '385ml', 'waitrose_discounted_price': '£7.00', 'waitrose_offer_desc': None, 'waitrose_url': 'https://www.waitrose.com/ecom/shop/browse/groceries/toiletries_health_and_beauty/hair_care/shampoo', 'waitrose_rating': None, 'waitrose_unit_price': '(£1.82/100ml)', 'waitrose_new_flag': None, 'waitrose_prod_name': 'Ogx Biotin & Collagen Shampoo 385ml', 'images': []}
DEBUG: Scraped from <200 https://www.waitrose.com/ecom/shop/browse/groceries/toiletries_health_and_beauty/hair_care/shampoo>
{'client': 'Waitrose', 'time': datetime.datetime(2020, 9, 15, 21, 12, 9, 509090), 'category': 'Shampoo', 'id': 'tPp884562-720413-720414', 'prod_name': 'Maui Moisture Shea Butter Shampoo', 'waitrose_Qty': '385ml', 'waitrose_discounted_price': '£6.00', 'waitrose_offer_desc': 'Save 1/3.', 'waitrose_url': 'https://www.waitrose.com/ecom/shop/browse/groceries/toiletries_health_and_beauty/hair_care/shampoo', 'waitrose_rating': None, 'waitrose_unit_price': '(£1.56/100ml)', 'waitrose_new_flag': None, 'waitrose_prod_name': 'Maui Moisture Shea Butter Shampoo 385ml', 'images': []}
DEBUG: Scraped from <200 https://www.waitrose.com/ecom/shop/browse/groceries/toiletries_health_and_beauty/hair_care/shampoo>
{'client': 'Waitrose', 'time': datetime.datetime(2020, 9, 15, 21, 12, 9, 509090), 'category': 'Shampoo', 'id': 'tPp755349-720291-720292', 'prod_name': 'Herbal Essences Aloe & Mango Shampoo', 'waitrose_Qty': '380ml', 'waitrose_discounted_price': '£4.50', 'waitrose_offer_desc': None, 'waitrose_url': 'https://www.waitrose.com/ecom/shop/browse/groceries/toiletries_health_and_beauty/hair_care/shampoo', 'waitrose_rating': None, 'waitrose_unit_price': '(£1.19/100ml)', 'waitrose_new_flag': None, 'waitrose_prod_name': 'Herbal Essences Aloe & Mango Shampoo 380ml', 'images': []}
DEBUG: Scraped from <200 https://www.waitrose.com/ecom/shop/browse/groceries/toiletries_health_and_beauty/hair_care/shampoo>
{'client': 'Waitrose', 'time': datetime.datetime(2020, 9, 15, 21, 12, 9, 509090), 'category': 'Shampoo', 'id': 'tPp703131-695681-695682', 'prod_name': 'Head & Shoulders Repair Shampoo', 'waitrose_Qty': '400ml', 'waitrose_discounted_price': '£3.33', 'waitrose_offer_desc': 'Save 1/3.', 'waitrose_url': 'https://www.waitrose.com/ecom/shop/browse/groceries/toiletries_health_and_beauty/hair_care/shampoo', 'waitrose_rating': '4', 'waitrose_unit_price': '(83.3p/100ml)', 'waitrose_new_flag': None, 'waitrose_prod_name': 'Head & Shoulders Repair Shampoo 400ml', 'images': []}
DEBUG: Scraped from <200 https://www.waitrose.com/ecom/shop/browse/groceries/toiletries_health_and_beauty/hair_care/shampoo>
{'client': 'Waitrose', 'time': datetime.datetime(2020, 9, 15, 21, 12, 9, 509090), 'category': 'Shampoo', 'id': 'tPp657721-694179-694180', 'prod_name': 'Pantene 3 in 1 Classic Clean', 'waitrose_Qty': '450ml', 'waitrose_discounted_price': '£3.75', 'waitrose_offer_desc': None, 'waitrose_url': 'https://www.waitrose.com/ecom/shop/browse/groceries/toiletries_health_and_beauty/hair_care/shampoo', 'waitrose_rating': None, 'waitrose_unit_price': '(83.3p/100ml)', 'waitrose_new_flag': None, 'waitrose_prod_name': 'Pantene 3 in 1 Classic Clean 450ml', 'images': []}
DEBUG: Scraped from <200 https://www.waitrose.com/ecom/shop/browse/groceries/toiletries_health_and_beauty/hair_care/shampoo>
{'client': 'Waitrose', 'time': datetime.datetime(2020, 9, 15, 21, 12, 9, 509090), 'category': 'Shampoo', 'id': 'tPp649492-695625-695626', 'prod_name': 'Vosene Kids 2in1 Melon Shampoo', 'waitrose_Qty': '250ml', 'waitrose_discounted_price': '£1.33', 'waitrose_offer_desc': 'Save 1/3.', 'waitrose_url': 'https://www.waitrose.com/ecom/shop/browse/groceries/toiletries_health_and_beauty/hair_care/shampoo', 'waitrose_rating': None, 'waitrose_unit_price': '(53.2p/100ml)', 'waitrose_new_flag': None, 'waitrose_prod_name': 'Vosene Kids 2in1 Melon Shampoo 250ml', 'images': []}
DEBUG: Scraped from <200 https://www.waitrose.com/ecom/shop/browse/groceries/toiletries_health_and_beauty/hair_care/shampoo>
{'client': 'Waitrose', 'time': datetime.datetime(2020, 9, 15, 21, 12, 9, 509090), 'category': 'Shampoo', 'id': 'tPp645178-695617-695618', 'prod_name': 'John Frieda Shampoo Weightless Wonder', 'waitrose_Qty': '250ml', 'waitrose_discounted_price': '£3.99', 'waitrose_offer_desc': 'Save 1/3.', 'waitrose_url': 'https://www.waitrose.com/ecom/shop/browse/groceries/toiletries_health_and_beauty/hair_care/shampoo', 'waitrose_rating': '4.6', 'waitrose_unit_price': '(£1.60/100ml)', 'waitrose_new_flag': None, 'waitrose_prod_name': 'John Frieda Shampoo Weightless Wonder 250ml', 'images': []}
DEBUG: Scraped from <200 https://www.waitrose.com/ecom/shop/browse/groceries/toiletries_health_and_beauty/hair_care/shampoo>
{'client': 'Waitrose', 'time': datetime.datetime(2020, 9, 15, 21, 12, 9, 509090), 'category': 'Shampoo', 'id': 'tPp855140-216863-216864', 'prod_name': 'Ogx Coconut Milk Shampoo', 'waitrose_Qty': '385ml', 'waitrose_discounted_price': '£7.00', 'waitrose_offer_desc': None, 'waitrose_url': 'https://www.waitrose.com/ecom/shop/browse/groceries/toiletries_health_and_beauty/hair_care/shampoo', 'waitrose_rating': '5', 'waitrose_unit_price': '(£1.82/100ml)', 'waitrose_new_flag': None, 'waitrose_prod_name': 'Ogx Coconut Milk Shampoo 385ml', 'images': []}
DEBUG: Scraped from <200 https://www.waitrose.com/ecom/shop/browse/groceries/toiletries_health_and_beauty/hair_care/shampoo>
{'client': 'Waitrose', 'time': datetime.datetime(2020, 9, 15, 21, 12, 9, 509090), 'category': 'Shampoo', 'id': 'tPp435635-694165-694166', 'prod_name': 'Pantene Classic Clean Shampoo', 'waitrose_Qty': '500ml', 'waitrose_discounted_price': '£5.15', 'waitrose_offer_desc': None, 'waitrose_url': 'https://www.waitrose.com/ecom/shop/browse/groceries/toiletries_health_and_beauty/hair_care/shampoo', 'waitrose_rating': None, 'waitrose_unit_price': '(£1.03/100ml)', 'waitrose_new_flag': None, 'waitrose_prod_name': 'Pantene Classic Clean Shampoo 500ml', 'images': []}
DEBUG: Scraped from <200 https://www.waitrose.com/ecom/shop/browse/groceries/toiletries_health_and_beauty/hair_care/shampoo>
{'client': 'Waitrose', 'time': datetime.datetime(2020, 9, 15, 21, 12, 9, 509090), 'category': 'Shampoo', 'id': 'tPp530991-695493-695494', 'prod_name': 'John Frieda Shampoo Detox & Repair', 'waitrose_Qty': '250ml', 'waitrose_discounted_price': '£3.99', 'waitrose_offer_desc': 'Save 1/3.', 'waitrose_url': 'https://www.waitrose.com/ecom/shop/browse/groceries/toiletries_health_and_beauty/hair_care/shampoo', 'waitrose_rating': None, 'waitrose_unit_price': '(£1.60/100ml)', 'waitrose_new_flag': None, 'waitrose_prod_name': 'John Frieda Shampoo Detox & Repair 250ml', 'images': []}
DEBUG: Scraped from <200 https://www.waitrose.com/ecom/shop/browse/groceries/toiletries_health_and_beauty/hair_care/shampoo>
{'client': 'Waitrose', 'time': datetime.datetime(2020, 9, 15, 21, 12, 9, 509090), 'category': 'Shampoo', 'id': 'tPp687186-337057-337058', 'prod_name': 'Argan + Argan Oil Rejuvenating Shampoo', 'waitrose_Qty': '300ml', 'waitrose_discounted_price': '£4.00', 'waitrose_offer_desc': 'Save 1/3.', 'waitrose_url': 'https://www.waitrose.com/ecom/shop/browse/groceries/toiletries_health_and_beauty/hair_care/shampoo', 'waitrose_rating': '5', 'waitrose_unit_price': '(£1.34/100ml)', 'waitrose_new_flag': None, 'waitrose_prod_name': 'Argan + Argan Oil Rejuvenating Shampoo 300ml', 'images': []}
DEBUG: Scraped from <200 https://www.waitrose.com/ecom/shop/browse/groceries/toiletries_health_and_beauty/hair_care/shampoo>
{'client': 'Waitrose', 'time': datetime.datetime(2020, 9, 15, 21, 12, 9, 509090), 'category': 'Shampoo', 'id': 'tPp757780-107799-107800', 'prod_name': 'Head & Shoulders 2in1 Classic Clean', 'waitrose_Qty': '450ml', 'waitrose_discounted_price': '£5.15', 'waitrose_offer_desc': None, 'waitrose_url': 'https://www.waitrose.com/ecom/shop/browse/groceries/toiletries_health_and_beauty/hair_care/shampoo', 'waitrose_rating': '4', 'waitrose_unit_price': '(£1.15/100ml)', 'waitrose_new_flag': None, 'waitrose_prod_name': 'Head & Shoulders 2in1 Classic Clean 450ml', 'images': []}
DEBUG: Scraped from <200 https://www.waitrose.com/ecom/shop/browse/groceries/toiletries_health_and_beauty/hair_care/shampoo>
{'client': 'Waitrose', 'time': datetime.datetime(2020, 9, 15, 21, 12, 9, 509090), 'category': 'Shampoo', 'id': 'tPp464815-154487-154488', 'prod_name': 'Batiste original dry shampoo', 'waitrose_Qty': '200ml', 'waitrose_discounted_price': '£3.00', 'waitrose_offer_desc': None, 'waitrose_url': 'https://www.waitrose.com/ecom/shop/browse/groceries/toiletries_health_and_beauty/hair_care/shampoo', 'waitrose_rating': '5', 'waitrose_unit_price': '(£1.50/100ml)', 'waitrose_new_flag': None, 'waitrose_prod_name': 'Batiste original dry shampoo 200ml', 'images': []}
DEBUG: Scraped from <200 https://www.waitrose.com/ecom/shop/browse/groceries/toiletries_health_and_beauty/hair_care/shampoo>
{'client': 'Waitrose', 'time': datetime.datetime(2020, 9, 15, 21, 12, 9, 509090), 'category': 'Shampoo', 'id': 'tPp047805-23664-23665', 'prod_name': 'Avalon Organics tea tree shampoo', 'waitrose_Qty': '325ml', 'waitrose_discounted_price': '£7.00', 'waitrose_offer_desc': None, 'waitrose_url': 'https://www.waitrose.com/ecom/shop/browse/groceries/toiletries_health_and_beauty/hair_care/shampoo', 'waitrose_rating': '4.9', 'waitrose_unit_price': '(£2.16/100ml)', 'waitrose_new_flag': None, 'waitrose_prod_name': 'Avalon Organics tea tree shampoo 325ml', 'images': []}
DEBUG: Scraped from <200 https://www.waitrose.com/ecom/shop/browse/groceries/toiletries_health_and_beauty/hair_care/shampoo>
{'client': 'Waitrose', 'time': datetime.datetime(2020, 9, 15, 21, 12, 9, 509090), 'category': 'Shampoo', 'id': 'tPp711843-717497-717498', 'prod_name': "L'Oreal Elvive Colour Shampoo", 'waitrose_Qty': '400ml', 'waitrose_discounted_price': '£3.75', 'waitrose_offer_desc': None, 'waitrose_url': 'https://www.waitrose.com/ecom/shop/browse/groceries/toiletries_health_and_beauty/hair_care/shampoo', 'waitrose_rating': None, 'waitrose_unit_price': '(93.8p/100ml)', 'waitrose_new_flag': None, 'waitrose_prod_name': "L'Oreal Elvive Colour Shampoo 400ml", 'images': []}
DEBUG: Scraped from <200 https://www.waitrose.com/ecom/shop/browse/groceries/toiletries_health_and_beauty/hair_care/shampoo>
{'client': 'Waitrose', 'time': datetime.datetime(2020, 9, 15, 21, 12, 9, 509090), 'category': 'Shampoo', 'id': 'tPp836753-694201-694202', 'prod_name': 'Pantene Volume & Body Shampoo', 'waitrose_Qty': '500ml', 'waitrose_discounted_price': '£5.15', 'waitrose_offer_desc': None, 'waitrose_url': 'https://www.waitrose.com/ecom/shop/browse/groceries/toiletries_health_and_beauty/hair_care/shampoo', 'waitrose_rating': '4', 'waitrose_unit_price': '(£1.03/100ml)', 'waitrose_new_flag': None, 'waitrose_prod_name': 'Pantene Volume & Body Shampoo 500ml', 'images': []}
DEBUG: Scraped from <200 https://www.waitrose.com/ecom/shop/browse/groceries/toiletries_health_and_beauty/hair_care/shampoo>
{'client': 'Waitrose', 'time': datetime.datetime(2020, 9, 15, 21, 12, 9, 509090), 'category': 'Shampoo', 'id': 'tPp824583-694195-694196', 'prod_name': 'Pantene Repair & Protect Shampoo', 'waitrose_Qty': '500ml', 'waitrose_discounted_price': '£3.75', 'waitrose_offer_desc': None, 'waitrose_url': 'https://www.waitrose.com/ecom/shop/browse/groceries/toiletries_health_and_beauty/hair_care/shampoo', 'waitrose_rating': None, 'waitrose_unit_price': '(75p/100ml)', 'waitrose_new_flag': None, 'waitrose_prod_name': 'Pantene Repair & Protect Shampoo 500ml', 'images': []}
DEBUG: Scraped from <200 https://www.waitrose.com/ecom/shop/browse/groceries/toiletries_health_and_beauty/hair_care/shampoo>
{'client': 'Waitrose', 'time': datetime.datetime(2020, 9, 15, 21, 12, 9, 509090), 'category': 'Shampoo', 'id': 'tPp062495-31737-31738', 'prod_name': 'Neutrogena T/Gel shampoo dry hair', 'waitrose_Qty': '125ml', 'waitrose_discounted_price': '£5.15', 'waitrose_offer_desc': None, 'waitrose_url': 'https://www.waitrose.com/ecom/shop/browse/groceries/toiletries_health_and_beauty/hair_care/shampoo', 'waitrose_rating': None, 'waitrose_unit_price': '(£4.12/100ml)', 'waitrose_new_flag': None, 'waitrose_prod_name': 'Neutrogena T/Gel shampoo dry hair 125ml', 'images': []}
DEBUG: Scraped from <200 https://www.waitrose.com/ecom/shop/browse/groceries/toiletries_health_and_beauty/hair_care/shampoo>
{'client': 'Waitrose', 'time': datetime.datetime(2020, 9, 15, 21, 12, 9, 509090), 'category': 'Shampoo', 'id': 'tPp808436-720325-720326', 'prod_name': 'Hask Biotin Boost Shampoo', 'waitrose_Qty': '355ml', 'waitrose_discounted_price': '£4.66', 'waitrose_offer_desc': 'Save 1/3.', 'waitrose_url': 'https://www.waitrose.com/ecom/shop/browse/groceries/toiletries_health_and_beauty/hair_care/shampoo', 'waitrose_rating': None, 'waitrose_unit_price': '(£1.32/100ml)', 'waitrose_new_flag': None, 'waitrose_prod_name': 'Hask Biotin Boost Shampoo 355ml', 'images': []}
DEBUG: Scraped from <200 https://www.waitrose.com/ecom/shop/browse/groceries/toiletries_health_and_beauty/hair_care/shampoo>
{'client': 'Waitrose', 'time': datetime.datetime(2020, 9, 15, 21, 12, 9, 509090), 'category': 'Shampoo', 'id': 'tPp603087-695555-695556', 'prod_name': 'Noughty Colour Bomb Shampoo', 'waitrose_Qty': '250ml', 'waitrose_discounted_price': '£4.66', 'waitrose_offer_desc': 'Save 1/3.', 'waitrose_url': 'https://www.waitrose.com/ecom/shop/browse/groceries/toiletries_health_and_beauty/hair_care/shampoo', 'waitrose_rating': '3', 'waitrose_unit_price': '(£1.87/100ml)', 'waitrose_new_flag': None, 'waitrose_prod_name': 'Noughty Colour Bomb Shampoo 250ml', 'images': []}
DEBUG: Scraped from <200 https://www.waitrose.com/ecom/shop/browse/groceries/toiletries_health_and_beauty/hair_care/shampoo>
{'client': 'Waitrose', 'time': datetime.datetime(2020, 9, 15, 21, 12, 9, 509090), 'category': 'Shampoo', 'id': 'tPp725372-631511-631512', 'prod_name': 'Hask Moni Coconut Oil Shampoo', 'waitrose_Qty': '355ml', 'waitrose_discounted_price': '£4.66', 'waitrose_offer_desc': 'Save 1/3.', 'waitrose_url': 'https://www.waitrose.com/ecom/shop/browse/groceries/toiletries_health_and_beauty/hair_care/shampoo', 'waitrose_rating': None, 'waitrose_unit_price': '(£1.32/100ml)', 'waitrose_new_flag': None, 'waitrose_prod_name': 'Hask Moni Coconut Oil Shampoo 355ml', 'images': []}
DEBUG: Scraped from <200 https://www.waitrose.com/ecom/shop/browse/groceries/toiletries_health_and_beauty/hair_care/shampoo>
{'client': 'Waitrose', 'time': datetime.datetime(2020, 9, 15, 21, 12, 9, 509090), 'category': 'Shampoo', 'id': 'tPp502050-631293-631294', 'prod_name': 'Hask Argan Oil Repairing Shampoo', 'waitrose_Qty': '355ml', 'waitrose_discounted_price': '£4.66', 'waitrose_offer_desc': 'Save 1/3.', 'waitrose_url': 'https://www.waitrose.com/ecom/shop/browse/groceries/toiletries_health_and_beauty/hair_care/shampoo', 'waitrose_rating': '3.7', 'waitrose_unit_price': '(£1.32/100ml)', 'waitrose_new_flag': None, 'waitrose_prod_name': 'Hask Argan Oil Repairing Shampoo 355ml', 'images': []}
DEBUG: Scraped from <200 https://www.waitrose.com/ecom/shop/browse/groceries/toiletries_health_and_beauty/hair_care/shampoo>
{'client': 'Waitrose', 'time': datetime.datetime(2020, 9, 15, 21, 12, 9, 509090), 'category': 'Shampoo', 'id': 'tPp886458-216893-216894', 'prod_name': 'Ogx Brazilian Keratin Shampoo', 'waitrose_Qty': '385ml', 'waitrose_discounted_price': '£7.00', 'waitrose_offer_desc': None, 'waitrose_url': 'https://www.waitrose.com/ecom/shop/browse/groceries/toiletries_health_and_beauty/hair_care/shampoo', 'waitrose_rating': '5', 'waitrose_unit_price': '(£1.82/100ml)', 'waitrose_new_flag': None, 'waitrose_prod_name': 'Ogx Brazilian Keratin Shampoo 385ml', 'images': []}
DEBUG: Scraped from <200 https://www.waitrose.com/ecom/shop/browse/groceries/toiletries_health_and_beauty/hair_care/shampoo>
{'client': 'Waitrose', 'time': datetime.datetime(2020, 9, 15, 21, 12, 9, 509090), 'category': 'Shampoo', 'id': 'tPp882824-154983-154984', 'prod_name': 'Head & Shoulders itchy scalp shampoo', 'waitrose_Qty': '500ml', 'waitrose_discounted_price': '£5.15', 'waitrose_offer_desc': None, 'waitrose_url': 'https://www.waitrose.com/ecom/shop/browse/groceries/toiletries_health_and_beauty/hair_care/shampoo', 'waitrose_rating': '5', 'waitrose_unit_price': '(£1.03/100ml)', 'waitrose_new_flag': None, 'waitrose_prod_name': 'Head & Shoulders itchy scalp shampoo 500ml', 'images': []}
DEBUG: Scraped from <200 https://www.waitrose.com/ecom/shop/browse/groceries/toiletries_health_and_beauty/hair_care/shampoo>
{'client': 'Waitrose', 'time': datetime.datetime(2020, 9, 15, 21, 12, 9, 509090), 'category': 'Shampoo', 'id': 'tPp486943-68769-68770', 'prod_name': 'Head & Shoulders 2in1 classic clean', 'waitrose_Qty': '225ml', 'waitrose_discounted_price': '£3.00', 'waitrose_offer_desc': None, 'waitrose_url': 'https://www.waitrose.com/ecom/shop/browse/groceries/toiletries_health_and_beauty/hair_care/shampoo', 'waitrose_rating': '4', 'waitrose_unit_price': '(£1.34/100ml)', 'waitrose_new_flag': None, 'waitrose_prod_name': 'Head & Shoulders 2in1 classic clean 225ml', 'images': []}
DEBUG: Scraped from <200 https://www.waitrose.com/ecom/shop/browse/groceries/toiletries_health_and_beauty/hair_care/shampoo>
{'client': 'Waitrose', 'time': datetime.datetime(2020, 9, 15, 21, 12, 9, 509090), 'category': 'Shampoo', 'id': 'tPp807825-473364-473365', 'prod_name': 'SenSpa Deep Cleanse Shampoo', 'waitrose_Qty': '250ml', 'waitrose_discounted_price': '£4.00', 'waitrose_offer_desc': 'Save 1/3.', 'waitrose_url': 'https://www.waitrose.com/ecom/shop/browse/groceries/toiletries_health_and_beauty/hair_care/shampoo', 'waitrose_rating': '3.7', 'waitrose_unit_price': '(£1.60/100ml)', 'waitrose_new_flag': None, 'waitrose_prod_name': 'SenSpa Deep Cleanse Shampoo 250ml', 'images': []}
DEBUG: Scraped from <200 https://www.waitrose.com/ecom/shop/browse/groceries/toiletries_health_and_beauty/hair_care/shampoo>
{'client': 'Waitrose', 'time': datetime.datetime(2020, 9, 15, 21, 12, 9, 509090), 'category': 'Shampoo', 'id': 'tPp839781-154875-154876', 'prod_name': 'Aussie miracle moist shampoo', 'waitrose_Qty': '500ml', 'waitrose_discounted_price': '£6.15', 'waitrose_offer_desc': None, 'waitrose_url': 'https://www.waitrose.com/ecom/shop/browse/groceries/toiletries_health_and_beauty/hair_care/shampoo', 'waitrose_rating': None, 'waitrose_unit_price': '(£1.23/100ml)', 'waitrose_new_flag': None, 'waitrose_prod_name': 'Aussie miracle moist shampoo 500ml', 'images': []}
DEBUG: Scraped from <200 https://www.waitrose.com/ecom/shop/browse/groceries/toiletries_health_and_beauty/hair_care/shampoo>
{'client': 'Waitrose', 'time': datetime.datetime(2020, 9, 15, 21, 12, 9, 509090), 'category': 'Shampoo', 'id': 'tPp735751-154731-154732', 'prod_name': 'Aussie aussome volume shampoo', 'waitrose_Qty': '500ml', 'waitrose_discounted_price': '£6.10', 'waitrose_offer_desc': None, 'waitrose_url': 'https://www.waitrose.com/ecom/shop/browse/groceries/toiletries_health_and_beauty/hair_care/shampoo', 'waitrose_rating': None, 'waitrose_unit_price': '(£1.22/100ml)', 'waitrose_new_flag': None, 'waitrose_prod_name': 'Aussie aussome volume shampoo 500ml', 'images': []}
DEBUG: Scraped from <200 https://www.waitrose.com/ecom/shop/browse/groceries/toiletries_health_and_beauty/hair_care/shampoo>
{'client': 'Waitrose', 'time': datetime.datetime(2020, 9, 15, 21, 12, 9, 509090), 'category': 'Shampoo', 'id': 'tPp853982-154925-154926', 'prod_name': 'Batiste blush dry shampoo', 'waitrose_Qty': '200ml', 'waitrose_discounted_price': '£3.00', 'waitrose_offer_desc': None, 'waitrose_url': 'https://www.waitrose.com/ecom/shop/browse/groceries/toiletries_health_and_beauty/hair_care/shampoo', 'waitrose_rating': '4', 'waitrose_unit_price': '(£1.50/100ml)', 'waitrose_new_flag': None, 'waitrose_prod_name': 'Batiste blush dry shampoo 200ml', 'images': []}
DEBUG: Scraped from <200 https://www.waitrose.com/ecom/shop/browse/groceries/toiletries_health_and_beauty/hair_care/shampoo>
{'client': 'Waitrose', 'time': datetime.datetime(2020, 9, 15, 21, 12, 9, 509090), 'category': 'Shampoo', 'id': 'tPp527154-720165-720166', 'prod_name': 'Maui Moisture Hibiscus Water', 'waitrose_Qty': '385ml', 'waitrose_discounted_price': '£6.00', 'waitrose_offer_desc': 'Save 1/3.', 'waitrose_url': 'https://www.waitrose.com/ecom/shop/browse/groceries/toiletries_health_and_beauty/hair_care/shampoo', 'waitrose_rating': None, 'waitrose_unit_price': '(£1.56/100ml)', 'waitrose_new_flag': None, 'waitrose_prod_name': 'Maui Moisture Hibiscus Water 385ml', 'images': []}
DEBUG: Scraped from <200 https://www.waitrose.com/ecom/shop/browse/groceries/toiletries_health_and_beauty/hair_care/shampoo>
{'client': 'Waitrose', 'time': datetime.datetime(2020, 9, 15, 21, 12, 9, 509090), 'category': 'Shampoo', 'id': 'tPp852396-695857-695858', 'prod_name': 'BECO. Honey Blossom Shampoo Bar', 'waitrose_Qty': '90g', 'waitrose_discounted_price': '£4.00', 'waitrose_offer_desc': None, 'waitrose_url': 'https://www.waitrose.com/ecom/shop/browse/groceries/toiletries_health_and_beauty/hair_care/shampoo', 'waitrose_rating': '4.9', 'waitrose_unit_price': '(£4.45/100g)', 'waitrose_new_flag': None, 'waitrose_prod_name': 'BECO. Honey Blossom Shampoo Bar 90g', 'images': []}
DEBUG: Scraped from <200 https://www.waitrose.com/ecom/shop/browse/groceries/toiletries_health_and_beauty/hair_care/shampoo>
{'client': 'Waitrose', 'time': datetime.datetime(2020, 9, 15, 21, 12, 9, 509090), 'category': 'Shampoo', 'id': 'tPp821139-694191-694192', 'prod_name': 'Pantene Smooth & Sleek Shampoo', 'waitrose_Qty': '500ml', 'waitrose_discounted_price': '£5.15', 'waitrose_offer_desc': None, 'waitrose_url': 'https://www.waitrose.com/ecom/shop/browse/groceries/toiletries_health_and_beauty/hair_care/shampoo', 'waitrose_rating': None, 'waitrose_unit_price': '(£1.03/100ml)', 'waitrose_new_flag': None, 'waitrose_prod_name': 'Pantene Smooth & Sleek Shampoo 500ml', 'images': []}
DEBUG: Scraped from <200 https://www.waitrose.com/ecom/shop/browse/groceries/toiletries_health_and_beauty/hair_care/shampoo>
{'client': 'Waitrose', 'time': datetime.datetime(2020, 9, 15, 21, 12, 9, 509090), 'category': 'Shampoo', 'id': 'tPp581617-694173-694174', 'prod_name': 'Pantene Colour Protect Shampoo', 'waitrose_Qty': '500ml', 'waitrose_discounted_price': '£5.15', 'waitrose_offer_desc': None, 'waitrose_url': 'https://www.waitrose.com/ecom/shop/browse/groceries/toiletries_health_and_beauty/hair_care/shampoo', 'waitrose_rating': None, 'waitrose_unit_price': '(£1.03/100ml)', 'waitrose_new_flag': None, 'waitrose_prod_name': 'Pantene Colour Protect Shampoo 500ml', 'images': []}
DEBUG: Scraped from <200 https://www.waitrose.com/ecom/shop/browse/groceries/toiletries_health_and_beauty/hair_care/shampoo>
{'client': 'Waitrose', 'time': datetime.datetime(2020, 9, 15, 21, 12, 9, 509090), 'category': 'Shampoo', 'id': 'tPp756229-563906-563907', 'prod_name': 'Head & Shoulders 2 in 1 Total Care', 'waitrose_Qty': '225ml', 'waitrose_discounted_price': '£3.00', 'waitrose_offer_desc': None, 'waitrose_url': 'https://www.waitrose.com/ecom/shop/browse/groceries/toiletries_health_and_beauty/hair_care/shampoo', 'waitrose_rating': None, 'waitrose_unit_price': '(£1.34/100ml)', 'waitrose_new_flag': None, 'waitrose_prod_name': 'Head & Shoulders 2 in 1 Total Care 225ml', 'images': []}
DEBUG: Scraped from <200 https://www.waitrose.com/ecom/shop/browse/groceries/toiletries_health_and_beauty/hair_care/shampoo>
{'client': 'Waitrose', 'time': datetime.datetime(2020, 9, 15, 21, 12, 9, 509090), 'category': 'Shampoo', 'id': 'tPp810302-683828-683829', 'prod_name': 'Herbal Essences Deep Repair Shampoo', 'waitrose_Qty': '400ml', 'waitrose_discounted_price': '£4.50', 'waitrose_offer_desc': None, 'waitrose_url': 'https://www.waitrose.com/ecom/shop/browse/groceries/toiletries_health_and_beauty/hair_care/shampoo', 'waitrose_rating': None, 'waitrose_unit_price': '(£1.13/100ml)', 'waitrose_new_flag': None, 'waitrose_prod_name': 'Herbal Essences Deep Repair Shampoo 400ml', 'images': []}
DEBUG: Scraped from <200 https://www.waitrose.com/ecom/shop/browse/groceries/toiletries_health_and_beauty/hair_care/shampoo>
{'client': 'Waitrose', 'time': datetime.datetime(2020, 9, 15, 21, 12, 9, 509090), 'category': 'Shampoo', 'id': 'tPp480728-631267-631268', 'prod_name': 'Ogx Orchid Oil Shampoo', 'waitrose_Qty': '385ml', 'waitrose_discounted_price': '£7.00', 'waitrose_offer_desc': None, 'waitrose_url': 'https://www.waitrose.com/ecom/shop/browse/groceries/toiletries_health_and_beauty/hair_care/shampoo', 'waitrose_rating': '5', 'waitrose_unit_price': '(£1.82/100ml)', 'waitrose_new_flag': None, 'waitrose_prod_name': 'Ogx Orchid Oil Shampoo 385ml', 'images': []}
DEBUG: Scraped from <200 https://www.waitrose.com/ecom/shop/browse/groceries/toiletries_health_and_beauty/hair_care/shampoo>
{'client': 'Waitrose', 'time': datetime.datetime(2020, 9, 15, 21, 12, 9, 509090), 'category': 'Shampoo', 'id': 'tPp816738-442231-442232', 'prod_name': 'SensSpa Nourishing Shampoo', 'waitrose_Qty': '250ml', 'waitrose_discounted_price': '£4.00', 'waitrose_offer_desc': 'Save 1/3.', 'waitrose_url': 'https://www.waitrose.com/ecom/shop/browse/groceries/toiletries_health_and_beauty/hair_care/shampoo', 'waitrose_rating': '2.6', 'waitrose_unit_price': '(£1.60/100ml)', 'waitrose_new_flag': None, 'waitrose_prod_name': 'SensSpa Nourishing Shampoo 250ml', 'images': []}
DEBUG: Scraped from <200 https://www.waitrose.com/ecom/shop/browse/groceries/toiletries_health_and_beauty/hair_care/shampoo>
{'client': 'Waitrose', 'time': datetime.datetime(2020, 9, 15, 21, 12, 9, 509090), 'category': 'Shampoo', 'id': 'tPp627460-154629-154630', 'prod_name': 'Aussie mega shampoo', 'waitrose_Qty': '500ml', 'waitrose_discounted_price': '£6.15', 'waitrose_offer_desc': None, 'waitrose_url': 'https://www.waitrose.com/ecom/shop/browse/groceries/toiletries_health_and_beauty/hair_care/shampoo', 'waitrose_rating': '3.8', 'waitrose_unit_price': '(£1.23/100ml)', 'waitrose_new_flag': None, 'waitrose_prod_name': 'Aussie mega shampoo 500ml', 'images': []}
DEBUG: Scraped from <200 https://www.waitrose.com/ecom/shop/browse/groceries/toiletries_health_and_beauty/hair_care/shampoo>
{'client': 'Waitrose', 'time': datetime.datetime(2020, 9, 15, 21, 12, 9, 509090), 'category': 'Shampoo', 'id': 'tPp484035-715885-715886', 'prod_name': "L'Oreal Elvive Oil Nourishing Shampoo", 'waitrose_Qty': '400ml', 'waitrose_discounted_price': '£3.75', 'waitrose_offer_desc': None, 'waitrose_url': 'https://www.waitrose.com/ecom/shop/browse/groceries/toiletries_health_and_beauty/hair_care/shampoo', 'waitrose_rating': None, 'waitrose_unit_price': '(93.8p/100ml)', 'waitrose_new_flag': None, 'waitrose_prod_name': "L'Oreal Elvive Oil Nourishing Shampoo 400ml", 'images': []}
DEBUG: Scraped from <200 https://www.waitrose.com/ecom/shop/browse/groceries/toiletries_health_and_beauty/hair_care/shampoo>
{'client': 'Waitrose', 'time': datetime.datetime(2020, 9, 15, 21, 12, 9, 509090), 'category': 'Shampoo', 'id': 'tPp790782-694215-694216', 'prod_name': 'Pantene 3in1 Smooth & Sleek', 'waitrose_Qty': '450ml', 'waitrose_discounted_price': '£3.75', 'waitrose_offer_desc': None, 'waitrose_url': 'https://www.waitrose.com/ecom/shop/browse/groceries/toiletries_health_and_beauty/hair_care/shampoo', 'waitrose_rating': None, 'waitrose_unit_price': '(83.3p/100ml)', 'waitrose_new_flag': None, 'waitrose_prod_name': 'Pantene 3in1 Smooth & Sleek 450ml', 'images': []}
DEBUG: Scraped from <200 https://www.waitrose.com/ecom/shop/browse/groceries/toiletries_health_and_beauty/hair_care/shampoo>
{'client': 'Waitrose', 'time': datetime.datetime(2020, 9, 15, 21, 12, 9, 509090), 'category': 'Shampoo', 'id': 'tPp453160-695433-695434', 'prod_name': 'Argan+ Long & Strong Shampoo', 'waitrose_Qty': '300ml', 'waitrose_discounted_price': '£4.00', 'waitrose_offer_desc': 'Save 1/3.', 'waitrose_url': 'https://www.waitrose.com/ecom/shop/browse/groceries/toiletries_health_and_beauty/hair_care/shampoo', 'waitrose_rating': None, 'waitrose_unit_price': '(£1.34/100ml)', 'waitrose_new_flag': None, 'waitrose_prod_name': 'Argan+ Long & Strong Shampoo 300ml', 'images': []}
DEBUG: Scraped from <200 https://www.waitrose.com/ecom/shop/browse/groceries/toiletries_health_and_beauty/hair_care/shampoo>
{'client': 'Waitrose', 'time': datetime.datetime(2020, 9, 15, 21, 12, 9, 509090), 'category': 'Shampoo', 'id': 'tPp492466-631281-631282', 'prod_name': 'Hask Keratin Protein Smoothing Shampoo', 'waitrose_Qty': '355ml', 'waitrose_discounted_price': '£4.66', 'waitrose_offer_desc': 'Save 1/3.', 'waitrose_url': 'https://www.waitrose.com/ecom/shop/browse/groceries/toiletries_health_and_beauty/hair_care/shampoo', 'waitrose_rating': None, 'waitrose_unit_price': '(£1.32/100ml)', 'waitrose_new_flag': None, 'waitrose_prod_name': 'Hask Keratin Protein Smoothing Shampoo 355ml', 'images': []}
DEBUG: Scraped from <200 https://www.waitrose.com/ecom/shop/browse/groceries/toiletries_health_and_beauty/hair_care/shampoo>
{'client': 'Waitrose', 'time': datetime.datetime(2020, 9, 15, 21, 12, 9, 509090), 'category': 'Shampoo', 'id': 'tPp867514-720387-720388', 'prod_name': 'Head & Shoulders Coconut Shampoo', 'waitrose_Qty': '500ml', 'waitrose_discounted_price': '£5.00', 'waitrose_offer_desc': None, 'waitrose_url': 'https://www.waitrose.com/ecom/shop/browse/groceries/toiletries_health_and_beauty/hair_care/shampoo', 'waitrose_rating': None, 'waitrose_unit_price': '(£1/100ml)', 'waitrose_new_flag': None, 'waitrose_prod_name': 'Head & Shoulders Coconut Shampoo 500ml', 'images': []}
DEBUG: Scraped from <200 https://www.waitrose.com/ecom/shop/browse/groceries/toiletries_health_and_beauty/hair_care/shampoo>
{'client': 'Waitrose', 'time': datetime.datetime(2020, 9, 15, 21, 12, 9, 509090), 'category': 'Shampoo', 'id': 'tPp032765-16025-16026', 'prod_name': "L'Oréal kids shampoo berry strawberry", 'waitrose_Qty': '250ml', 'waitrose_discounted_price': '£2.00', 'waitrose_offer_desc': None, 'waitrose_url': 'https://www.waitrose.com/ecom/shop/browse/groceries/toiletries_health_and_beauty/hair_care/shampoo', 'waitrose_rating': None, 'waitrose_unit_price': '(80p/100ml)', 'waitrose_new_flag': None, 'waitrose_prod_name': "L'Oréal kids shampoo berry strawberry 250ml", 'images': []}
DEBUG: Scraped from <200 https://www.waitrose.com/ecom/shop/browse/groceries/toiletries_health_and_beauty/hair_care/shampoo>
{'client': 'Waitrose', 'time': datetime.datetime(2020, 9, 15, 21, 12, 9, 509090), 'category': 'Shampoo', 'id': 'tPp662395-154665-154666', 'prod_name': 'Aussie colour mate shampoo', 'waitrose_Qty': '500ml', 'waitrose_discounted_price': '£6.15', 'waitrose_offer_desc': None, 'waitrose_url': 'https://www.waitrose.com/ecom/shop/browse/groceries/toiletries_health_and_beauty/hair_care/shampoo', 'waitrose_rating': None, 'waitrose_unit_price': '(£1.23/100ml)', 'waitrose_new_flag': None, 'waitrose_prod_name': 'Aussie colour mate shampoo 500ml', 'images': []}
DEBUG: Scraped from <200 https://www.waitrose.com/ecom/shop/browse/groceries/toiletries_health_and_beauty/hair_care/shampoo>
{'client': 'Waitrose', 'time': datetime.datetime(2020, 9, 15, 21, 12, 9, 509090), 'category': 'Shampoo', 'id': 'tPp626001-88825-88826', 'prod_name': 'Head & Shoulders Shampoo Citrus Fresh', 'waitrose_Qty': '500ml', 'waitrose_discounted_price': '£5.15', 'waitrose_offer_desc': None, 'waitrose_url': 'https://www.waitrose.com/ecom/shop/browse/groceries/toiletries_health_and_beauty/hair_care/shampoo', 'waitrose_rating': None, 'waitrose_unit_price': '(£1.03/100ml)', 'waitrose_new_flag': None, 'waitrose_prod_name': 'Head & Shoulders Shampoo Citrus Fresh 500ml', 'images': []}
DEBUG: Scraped from <200 https://www.waitrose.com/ecom/shop/browse/groceries/toiletries_health_and_beauty/hair_care/shampoo>
{'client': 'Waitrose', 'time': datetime.datetime(2020, 9, 15, 21, 12, 9, 509090), 'category': 'Shampoo', 'id': 'tPp778297-720309-720310', 'prod_name': 'Pantene Grow Strong Shampoo', 'waitrose_Qty': '400ml', 'waitrose_discounted_price': '£3.75', 'waitrose_offer_desc': None, 'waitrose_url': 'https://www.waitrose.com/ecom/shop/browse/groceries/toiletries_health_and_beauty/hair_care/shampoo', 'waitrose_rating': None, 'waitrose_unit_price': '(93.8p/100ml)', 'waitrose_new_flag': None, 'waitrose_prod_name': 'Pantene Grow Strong Shampoo 400ml', 'images': []}
DEBUG: Scraped from <200 https://www.waitrose.com/ecom/shop/browse/groceries/toiletries_health_and_beauty/hair_care/shampoo>
{'client': 'Waitrose', 'time': datetime.datetime(2020, 9, 15, 21, 12, 9, 509090), 'category': 'Shampoo', 'id': 'tPp868154-695990-695991', 'prod_name': 'Hair Biology Purple Shampoo', 'waitrose_Qty': '250ml', 'waitrose_discounted_price': '£4.50', 'waitrose_offer_desc': None, 'waitrose_url': 'https://www.waitrose.com/ecom/shop/browse/groceries/toiletries_health_and_beauty/hair_care/shampoo', 'waitrose_rating': None, 'waitrose_unit_price': '(£1.80/100ml)', 'waitrose_new_flag': None, 'waitrose_prod_name': 'Hair Biology Purple Shampoo 250ml', 'images': []}
DEBUG: Scraped from <200 https://www.waitrose.com/ecom/shop/browse/groceries/toiletries_health_and_beauty/hair_care/shampoo>
{'client': 'Waitrose', 'time': datetime.datetime(2020, 9, 15, 21, 12, 9, 509090), 'category': 'Shampoo', 'id': 'tPp698673-735854-735855', 'prod_name': 'Pantene Pro V Rose Water Shampoo', 'waitrose_Qty': '225ml', 'waitrose_discounted_price': '£3.75', 'waitrose_offer_desc': None, 'waitrose_url': 'https://www.waitrose.com/ecom/shop/browse/groceries/toiletries_health_and_beauty/hair_care/shampoo', 'waitrose_rating': None, 'waitrose_unit_price': '(£1.67/100ml)', 'waitrose_new_flag': 'NEW', 'waitrose_prod_name': 'Pantene Pro V Rose Water Shampoo 225ml', 'images': []}
DEBUG: Scraped from <200 https://www.waitrose.com/ecom/shop/browse/groceries/toiletries_health_and_beauty/hair_care/shampoo>
{'client': 'Waitrose', 'time': datetime.datetime(2020, 9, 15, 21, 12, 9, 509090), 'category': 'Shampoo', 'id': 'tPp714629-729752-729753', 'prod_name': 'OGX Keratin Oil Shampoo', 'waitrose_Qty': '385ml', 'waitrose_discounted_price': '£7.00', 'waitrose_offer_desc': None, 'waitrose_url': 'https://www.waitrose.com/ecom/shop/browse/groceries/toiletries_health_and_beauty/hair_care/shampoo', 'waitrose_rating': None, 'waitrose_unit_price': '(£1.82/100ml)', 'waitrose_new_flag': None, 'waitrose_prod_name': 'OGX Keratin Oil Shampoo 385ml', 'images': []}
DEBUG: Scraped from <200 https://www.waitrose.com/ecom/shop/browse/groceries/toiletries_health_and_beauty/hair_care/shampoo>
{'client': 'Waitrose', 'time': datetime.datetime(2020, 9, 15, 21, 12, 9, 509090), 'category': 'Shampoo', 'id': 'tPp888765-695909-695910', 'prod_name': 'Umberto Giannini Curl Jelly Wash', 'waitrose_Qty': '250ml', 'waitrose_discounted_price': '£8.00', 'waitrose_offer_desc': 'Mix & Match Add 3 for 2 Cheapest Item Free', 'waitrose_url': 'https://www.waitrose.com/ecom/shop/browse/groceries/toiletries_health_and_beauty/hair_care/shampoo', 'waitrose_rating': '2.5', 'waitrose_unit_price': '(£3.20/100ml)', 'waitrose_new_flag': None, 'waitrose_prod_name': 'Umberto Giannini Curl Jelly Wash 250ml', 'images': []}
DEBUG: Scraped from <200 https://www.waitrose.com/ecom/shop/browse/groceries/toiletries_health_and_beauty/hair_care/shampoo>
{'client': 'Waitrose', 'time': datetime.datetime(2020, 9, 15, 21, 12, 9, 509090), 'category': 'Shampoo', 'id': 'tPp791725-375655-375656', 'prod_name': 'Ogx Kukuí Oil Shampoo', 'waitrose_Qty': '385ml', 'waitrose_discounted_price': '£7.00', 'waitrose_offer_desc': None, 'waitrose_url': 'https://www.waitrose.com/ecom/shop/browse/groceries/toiletries_health_and_beauty/hair_care/shampoo', 'waitrose_rating': '5', 'waitrose_unit_price': '(£1.82/100ml)', 'waitrose_new_flag': None, 'waitrose_prod_name': 'Ogx Kukuí Oil Shampoo 385ml', 'images': []}
DEBUG: Scraped from <200 https://www.waitrose.com/ecom/shop/browse/groceries/toiletries_health_and_beauty/hair_care/shampoo>
{'client': 'Waitrose', 'time': datetime.datetime(2020, 9, 15, 21, 12, 9, 509090), 'category': 'Shampoo', 'id': 'tPp586765-735804-735805', 'prod_name': "L'Oreal Elvive Restoring Shampoo", 'waitrose_Qty': '400ml', 'waitrose_discounted_price': '£3.75', 'waitrose_offer_desc': None, 'waitrose_url': 'https://www.waitrose.com/ecom/shop/browse/groceries/toiletries_health_and_beauty/hair_care/shampoo', 'waitrose_rating': None, 'waitrose_unit_price': '(93.8p/100ml)', 'waitrose_new_flag': 'NEW', 'waitrose_prod_name': "L'Oreal Elvive Restoring Shampoo 400ml", 'images': []}
DEBUG: Scraped from <200 https://www.waitrose.com/ecom/shop/browse/groceries/toiletries_health_and_beauty/hair_care/shampoo>
{'client': 'Waitrose', 'time': datetime.datetime(2020, 9, 15, 21, 12, 9, 509090), 'category': 'Shampoo', 'id': 'tPp820157-724089-724090', 'prod_name': 'Eco Warrior Shampoo Bar', 'waitrose_Qty': '100g', 'waitrose_discounted_price': '£4.50', 'waitrose_offer_desc': None, 'waitrose_url': 'https://www.waitrose.com/ecom/shop/browse/groceries/toiletries_health_and_beauty/hair_care/shampoo', 'waitrose_rating': None, 'waitrose_unit_price': '(£4.50/100g)', 'waitrose_new_flag': None, 'waitrose_prod_name': 'Eco Warrior Shampoo Bar 100g', 'images': []}
DEBUG: Scraped from <200 https://www.waitrose.com/ecom/shop/browse/groceries/toiletries_health_and_beauty/hair_care/shampoo>
{'client': 'Waitrose', 'time': datetime.datetime(2020, 9, 15, 21, 12, 9, 509090), 'category': 'Shampoo', 'id': 'tPp724972-694185-694186', 'prod_name': 'Pantene 3in1 Repair & Protect', 'waitrose_Qty': '450ml', 'waitrose_discounted_price': '£3.75', 'waitrose_offer_desc': None, 'waitrose_url': 'https://www.waitrose.com/ecom/shop/browse/groceries/toiletries_health_and_beauty/hair_care/shampoo', 'waitrose_rating': None, 'waitrose_unit_price': '(83.3p/100ml)', 'waitrose_new_flag': None, 'waitrose_prod_name': 'Pantene 3in1 Repair & Protect 450ml', 'images': []}
DEBUG: Scraped from <200 https://www.waitrose.com/ecom/shop/browse/groceries/toiletries_health_and_beauty/hair_care/shampoo>
{'client': 'Waitrose', 'time': datetime.datetime(2020, 9, 15, 21, 12, 9, 509090), 'category': 'Shampoo', 'id': 'tPp861587-154949-154950', 'prod_name': 'Batiste dark & deep brown dry shampoo', 'waitrose_Qty': '200ml', 'waitrose_discounted_price': '£4.00', 'waitrose_offer_desc': None, 'waitrose_url': 'https://www.waitrose.com/ecom/shop/browse/groceries/toiletries_health_and_beauty/hair_care/shampoo', 'waitrose_rating': None, 'waitrose_unit_price': '(£2/100ml)', 'waitrose_new_flag': None, 'waitrose_prod_name': 'Batiste dark & deep brown dry shampoo 200ml', 'images': []}
DEBUG: Scraped from <200 https://www.waitrose.com/ecom/shop/browse/groceries/toiletries_health_and_beauty/hair_care/shampoo>
{'client': 'Waitrose', 'time': datetime.datetime(2020, 9, 15, 21, 12, 9, 509090), 'category': 'Shampoo', 'id': 'tPp432893-216691-216692', 'prod_name': 'Head & Shoulders Shampoo Apple Fresh', 'waitrose_Qty': '500ml', 'waitrose_discounted_price': '£5.15', 'waitrose_offer_desc': None, 'waitrose_url': 'https://www.waitrose.com/ecom/shop/browse/groceries/toiletries_health_and_beauty/hair_care/shampoo', 'waitrose_rating': None, 'waitrose_unit_price': '(£1.03/100ml)', 'waitrose_new_flag': None, 'waitrose_prod_name': 'Head & Shoulders Shampoo Apple Fresh 500ml', 'images': []}
DEBUG: Scraped from <200 https://www.waitrose.com/ecom/shop/browse/groceries/toiletries_health_and_beauty/hair_care/shampoo>
{'client': 'Waitrose', 'time': datetime.datetime(2020, 9, 15, 21, 12, 9, 509090), 'category': 'Shampoo', 'id': 'tPp480888-154495-154496', 'prod_name': 'Head & Shoulders Smooth Shampoo', 'waitrose_Qty': '500ml', 'waitrose_discounted_price': '£5.15', 'waitrose_offer_desc': None, 'waitrose_url': 'https://www.waitrose.com/ecom/shop/browse/groceries/toiletries_health_and_beauty/hair_care/shampoo', 'waitrose_rating': '5', 'waitrose_unit_price': '(£1.03/100ml)', 'waitrose_new_flag': None, 'waitrose_prod_name': 'Head & Shoulders Smooth Shampoo 500ml', 'images': []}
DEBUG: Scraped from <200 https://www.waitrose.com/ecom/shop/browse/groceries/toiletries_health_and_beauty/hair_care/shampoo>
{'client': 'Waitrose', 'time': datetime.datetime(2020, 9, 15, 21, 12, 9, 509090), 'category': 'Shampoo', 'id': 'tPp027940-13599-13600', 'prod_name': 'Avalon Organics lemon shampoo', 'waitrose_Qty': '325ml', 'waitrose_discounted_price': '£7.00', 'waitrose_offer_desc': None, 'waitrose_url': 'https://www.waitrose.com/ecom/shop/browse/groceries/toiletries_health_and_beauty/hair_care/shampoo', 'waitrose_rating': '3.6', 'waitrose_unit_price': '(£2.16/100ml)', 'waitrose_new_flag': None, 'waitrose_prod_name': 'Avalon Organics lemon shampoo 325ml', 'images': []}
DEBUG: Scraped from <200 https://www.waitrose.com/ecom/shop/browse/groceries/toiletries_health_and_beauty/hair_care/shampoo>
{'client': 'Waitrose', 'time': datetime.datetime(2020, 9, 15, 21, 12, 9, 509090), 'category': 'Shampoo', 'id': 'tPp863078-695988-695989', 'prod_name': 'Pantene Hair Biology Full & Vibrant', 'waitrose_Qty': '250ml', 'waitrose_discounted_price': '£4.50', 'waitrose_offer_desc': None, 'waitrose_url': 'https://www.waitrose.com/ecom/shop/browse/groceries/toiletries_health_and_beauty/hair_care/shampoo', 'waitrose_rating': None, 'waitrose_unit_price': '(£1.80/100ml)', 'waitrose_new_flag': None, 'waitrose_prod_name': 'Pantene Hair Biology Full & Vibrant 250ml', 'images': []}
DEBUG: Scraped from <200 https://www.waitrose.com/ecom/shop/browse/groceries/toiletries_health_and_beauty/hair_care/shampoo>
{'client': 'Waitrose', 'time': datetime.datetime(2020, 9, 15, 21, 12, 9, 509090), 'category': 'Shampoo', 'id': 'tPp584599-695531-695532', 'prod_name': 'Batiste Dry Shampoo Volume', 'waitrose_Qty': '200ml', 'waitrose_discounted_price': '£4.25', 'waitrose_offer_desc': None, 'waitrose_url': 'https://www.waitrose.com/ecom/shop/browse/groceries/toiletries_health_and_beauty/hair_care/shampoo', 'waitrose_rating': None, 'waitrose_unit_price': '(£2.13/100ml)', 'waitrose_new_flag': None, 'waitrose_prod_name': 'Batiste Dry Shampoo Volume 200ml', 'images': []}
DEBUG: Scraped from <200 https://www.waitrose.com/ecom/shop/browse/groceries/toiletries_health_and_beauty/hair_care/shampoo>
{'client': 'Waitrose', 'time': datetime.datetime(2020, 9, 15, 21, 12, 9, 509090), 'category': 'Shampoo', 'id': 'tPp076232-38732-38733', 'prod_name': 'AOrganic Lavender Shampoo', 'waitrose_Qty': '325ml', 'waitrose_discounted_price': '£7.00', 'waitrose_offer_desc': None, 'waitrose_url': 'https://www.waitrose.com/ecom/shop/browse/groceries/toiletries_health_and_beauty/hair_care/shampoo', 'waitrose_rating': '3.8', 'waitrose_unit_price': '(£2.16/100ml)', 'waitrose_new_flag': None, 'waitrose_prod_name': 'AOrganic Lavender Shampoo 325ml', 'images': []}
DEBUG: Scraped from <200 https://www.waitrose.com/ecom/shop/browse/groceries/toiletries_health_and_beauty/hair_care/shampoo>
{'client': 'Waitrose', 'time': datetime.datetime(2020, 9, 15, 21, 12, 9, 509090), 'category': 'Shampoo', 'id': 'tPp889100-330444-330445', 'prod_name': 'AOrganic Rosemary Shampoo', 'waitrose_Qty': '325ml', 'waitrose_discounted_price': '£7.00', 'waitrose_offer_desc': None, 'waitrose_url': 'https://www.waitrose.com/ecom/shop/browse/groceries/toiletries_health_and_beauty/hair_care/shampoo', 'waitrose_rating': '2.5', 'waitrose_unit_price': '(£2.16/100ml)', 'waitrose_new_flag': None, 'waitrose_prod_name': 'AOrganic Rosemary Shampoo 325ml', 'images': []}
DEBUG: Scraped from <200 https://www.waitrose.com/ecom/shop/browse/groceries/toiletries_health_and_beauty/hair_care/shampoo>
{'client': 'Waitrose', 'time': datetime.datetime(2020, 9, 15, 21, 12, 9, 509090), 'category': 'Shampoo', 'id': 'tPp829437-695831-695832', 'prod_name': 'Umberto Giannini Grow Long Shampoo', 'waitrose_Qty': '250ml', 'waitrose_discounted_price': '£8.00', 'waitrose_offer_desc': 'Mix & Match Add 3 for 2 Cheapest Item Free', 'waitrose_url': 'https://www.waitrose.com/ecom/shop/browse/groceries/toiletries_health_and_beauty/hair_care/shampoo', 'waitrose_rating': '5', 'waitrose_unit_price': '(£3.20/100ml)', 'waitrose_new_flag': None, 'waitrose_prod_name': 'Umberto Giannini Grow Long Shampoo 250ml', 'images': []}
DEBUG: Scraped from <200 https://www.waitrose.com/ecom/shop/browse/groceries/toiletries_health_and_beauty/hair_care/shampoo>
{'client': 'Waitrose', 'time': datetime.datetime(2020, 9, 15, 21, 12, 9, 509090), 'category': 'Shampoo', 'id': 'tPp554742-695503-695504', 'prod_name': 'Umberto Giannini Violet Shampoo', 'waitrose_Qty': '250ml', 'waitrose_discounted_price': '£8.00', 'waitrose_offer_desc': 'Mix & Match Add 3 for 2 Cheapest Item Free', 'waitrose_url': 'https://www.waitrose.com/ecom/shop/browse/groceries/toiletries_health_and_beauty/hair_care/shampoo', 'waitrose_rating': None, 'waitrose_unit_price': '(£3.20/100ml)', 'waitrose_new_flag': None, 'waitrose_prod_name': 'Umberto Giannini Violet Shampoo 250ml', 'images': []}
DEBUG: Scraped from <200 https://www.waitrose.com/ecom/shop/browse/groceries/toiletries_health_and_beauty/hair_care/shampoo>
{'client': 'Waitrose', 'time': datetime.datetime(2020, 9, 15, 21, 12, 9, 509090), 'category': 'Shampoo', 'id': 'tPp567427-683666-683667', 'prod_name': 'Ogx Charcoal Detox Shampoo', 'waitrose_Qty': '385ml', 'waitrose_discounted_price': '£7.00', 'waitrose_offer_desc': None, 'waitrose_url': 'https://www.waitrose.com/ecom/shop/browse/groceries/toiletries_health_and_beauty/hair_care/shampoo', 'waitrose_rating': None, 'waitrose_unit_price': '(£1.82/100ml)', 'waitrose_new_flag': None, 'waitrose_prod_name': 'Ogx Charcoal Detox Shampoo 385ml', 'images': []}
DEBUG: Scraped from <200 https://www.waitrose.com/ecom/shop/browse/groceries/toiletries_health_and_beauty/hair_care/shampoo>
{'client': 'Waitrose', 'time': datetime.datetime(2020, 9, 15, 21, 12, 9, 509090), 'category': 'Shampoo', 'id': 'tPp752186-631541-631542', 'prod_name': 'Ogx Coconut OIl Shampoo', 'waitrose_Qty': '385ml', 'waitrose_discounted_price': '£7.00', 'waitrose_offer_desc': None, 'waitrose_url': 'https://www.waitrose.com/ecom/shop/browse/groceries/toiletries_health_and_beauty/hair_care/shampoo', 'waitrose_rating': None, 'waitrose_unit_price': '(£1.82/100ml)', 'waitrose_new_flag': None, 'waitrose_prod_name': 'Ogx Coconut OIl Shampoo 385ml', 'images': []}
DEBUG: Scraped from <200 https://www.waitrose.com/ecom/shop/browse/groceries/toiletries_health_and_beauty/hair_care/shampoo>
{'client': 'Waitrose', 'time': datetime.datetime(2020, 9, 15, 21, 12, 9, 509090), 'category': 'Shampoo', 'id': 'tPp721134-337091-337092', 'prod_name': 'Aussie miracle shine shampoo', 'waitrose_Qty': '500ml', 'waitrose_discounted_price': '£6.00', 'waitrose_offer_desc': None, 'waitrose_url': 'https://www.waitrose.com/ecom/shop/browse/groceries/toiletries_health_and_beauty/hair_care/shampoo', 'waitrose_rating': None, 'waitrose_unit_price': '(£1.20/100ml)', 'waitrose_new_flag': None, 'waitrose_prod_name': 'Aussie miracle shine shampoo 500ml', 'images': []}
DEBUG: Scraped from <200 https://www.waitrose.com/ecom/shop/browse/groceries/toiletries_health_and_beauty/hair_care/shampoo>
{'client': 'Waitrose', 'time': datetime.datetime(2020, 9, 15, 21, 12, 9, 509090), 'category': 'Shampoo', 'id': 'tPp567481-719558-719559', 'prod_name': 'Fit Kit Gentle Shampoo &Conditioner', 'waitrose_Qty': '200ml', 'waitrose_discounted_price': '£4.00', 'waitrose_offer_desc': None, 'waitrose_url': 'https://www.waitrose.com/ecom/shop/browse/groceries/toiletries_health_and_beauty/hair_care/shampoo', 'waitrose_rating': '5', 'waitrose_unit_price': '(£2/100ml)', 'waitrose_new_flag': None, 'waitrose_prod_name': 'Fit Kit Gentle Shampoo &Conditioner 200ml', 'images': []}
DEBUG: Scraped from <200 https://www.waitrose.com/ecom/shop/browse/groceries/toiletries_health_and_beauty/hair_care/shampoo>
{'client': 'Waitrose', 'time': datetime.datetime(2020, 9, 15, 21, 12, 9, 509090), 'category': 'Shampoo', 'id': 'tPp694392-98595-98596', 'prod_name': 'Head & Shoulders Shampoo Cool Menthol', 'waitrose_Qty': '500ml', 'waitrose_discounted_price': '£5.15', 'waitrose_offer_desc': None, 'waitrose_url': 'https://www.waitrose.com/ecom/shop/browse/groceries/toiletries_health_and_beauty/hair_care/shampoo', 'waitrose_rating': None, 'waitrose_unit_price': '(£1.03/100ml)', 'waitrose_new_flag': None, 'waitrose_prod_name': 'Head & Shoulders Shampoo Cool Menthol 500ml', 'images': []}
DEBUG: Scraped from <200 https://www.waitrose.com/ecom/shop/browse/groceries/toiletries_health_and_beauty/hair_care/shampoo>
{'client': 'Waitrose', 'time': datetime.datetime(2020, 9, 15, 21, 12, 9, 509090), 'category': 'Shampoo', 'id': 'tPp812614-707138-707139', 'prod_name': 'Beco Spring Meadow Shampoo Bar', 'waitrose_Qty': '90g', 'waitrose_discounted_price': '£4.00', 'waitrose_offer_desc': None, 'waitrose_url': 'https://www.waitrose.com/ecom/shop/browse/groceries/toiletries_health_and_beauty/hair_care/shampoo', 'waitrose_rating': '3.3', 'waitrose_unit_price': '(£4.45/100g)', 'waitrose_new_flag': None, 'waitrose_prod_name': 'Beco Spring Meadow Shampoo Bar 90g', 'images': []}
DEBUG: Scraped from <200 https://www.waitrose.com/ecom/shop/browse/groceries/toiletries_health_and_beauty/hair_care/shampoo>
{'client': 'Waitrose', 'time': datetime.datetime(2020, 9, 15, 21, 12, 9, 509090), 'category': 'Shampoo', 'id': 'tPp426973-298983-298984', 'prod_name': 'Head & Shoulders 2in1 Apple Fresh', 'waitrose_Qty': '450ml', 'waitrose_discounted_price': '£5.00', 'waitrose_offer_desc': None, 'waitrose_url': 'https://www.waitrose.com/ecom/shop/browse/groceries/toiletries_health_and_beauty/hair_care/shampoo', 'waitrose_rating': None, 'waitrose_unit_price': '(£1.12/100ml)', 'waitrose_new_flag': None, 'waitrose_prod_name': 'Head & Shoulders 2in1 Apple Fresh 450ml', 'images': []}
DEBUG: Scraped from <200 https://www.waitrose.com/ecom/shop/browse/groceries/toiletries_health_and_beauty/hair_care/shampoo>
{'client': 'Waitrose', 'time': datetime.datetime(2020, 9, 15, 21, 12, 9, 509090), 'category': 'Shampoo', 'id': 'tPp567431-729696-729697', 'prod_name': 'Batiste Dry Shampoo for Blondes', 'waitrose_Qty': '200ml', 'waitrose_discounted_price': '£4.00', 'waitrose_offer_desc': None, 'waitrose_url': 'https://www.waitrose.com/ecom/shop/browse/groceries/toiletries_health_and_beauty/hair_care/shampoo', 'waitrose_rating': None, 'waitrose_unit_price': '(£2/100ml)', 'waitrose_new_flag': None, 'waitrose_prod_name': 'Batiste Dry Shampoo for Blondes 200ml', 'images': []}
DEBUG: Scraped from <200 https://www.waitrose.com/ecom/shop/browse/groceries/toiletries_health_and_beauty/hair_care/shampoo>
{'client': 'Waitrose', 'time': datetime.datetime(2020, 9, 15, 21, 12, 9, 509090), 'category': 'Shampoo', 'id': 'tPp405353-729640-729641', 'prod_name': 'Percy & Reed No-Fuss Dry Shampoo', 'waitrose_Qty': '200ml', 'waitrose_discounted_price': '£15.00', 'waitrose_offer_desc': None, 'waitrose_url': 'https://www.waitrose.com/ecom/shop/browse/groceries/toiletries_health_and_beauty/hair_care/shampoo', 'waitrose_rating': '3.8', 'waitrose_unit_price': '(£7.50/100ml)', 'waitrose_new_flag': None, 'waitrose_prod_name': 'Percy & Reed No-Fuss Dry Shampoo 200ml', 'images': []}
DEBUG: Scraped from <200 https://www.waitrose.com/ecom/shop/browse/groceries/toiletries_health_and_beauty/hair_care/shampoo>
{'client': 'Waitrose', 'time': datetime.datetime(2020, 9, 15, 21, 12, 9, 509090), 'category': 'Shampoo', 'id': 'tPp809690-337194-337195', 'prod_name': 'Head & Shoulders 2in1 Itchy Scalp', 'waitrose_Qty': '450ml', 'waitrose_discounted_price': '£5.15', 'waitrose_offer_desc': None, 'waitrose_url': 'https://www.waitrose.com/ecom/shop/browse/groceries/toiletries_health_and_beauty/hair_care/shampoo', 'waitrose_rating': '5', 'waitrose_unit_price': '(£1.15/100ml)', 'waitrose_new_flag': None, 'waitrose_prod_name': 'Head & Shoulders 2in1 Itchy Scalp 450ml', 'images': []}
DEBUG: Scraped from <200 https://www.waitrose.com/ecom/shop/browse/groceries/toiletries_health_and_beauty/hair_care/shampoo>
{'client': 'Waitrose', 'time': datetime.datetime(2020, 9, 15, 21, 12, 9, 509090), 'category': 'Shampoo', 'id': 'tPp492090-729670-729671', 'prod_name': 'Percy & Reed Volumising Shampoo', 'waitrose_Qty': '250ml', 'waitrose_discounted_price': '£18.00', 'waitrose_offer_desc': None, 'waitrose_url': 'https://www.waitrose.com/ecom/shop/browse/groceries/toiletries_health_and_beauty/hair_care/shampoo', 'waitrose_rating': None, 'waitrose_unit_price': '(£7.20/100ml)', 'waitrose_new_flag': None, 'waitrose_prod_name': 'Percy & Reed Volumising Shampoo 250ml', 'images': []}
DEBUG: Scraped from <200 https://www.waitrose.com/ecom/shop/browse/groceries/toiletries_health_and_beauty/hair_care/shampoo>
{'client': 'Waitrose', 'time': datetime.datetime(2020, 9, 15, 21, 12, 9, 509090), 'category': 'Shampoo', 'id': 'tPp803275-329016-329017', 'prod_name': 'AOrganic Peppermint Shampoo', 'waitrose_Qty': '325ml', 'waitrose_discounted_price': '£7.00', 'waitrose_offer_desc': None, 'waitrose_url': 'https://www.waitrose.com/ecom/shop/browse/groceries/toiletries_health_and_beauty/hair_care/shampoo', 'waitrose_rating': '4', 'waitrose_unit_price': '(£2.16/100ml)', 'waitrose_new_flag': None, 'waitrose_prod_name': 'AOrganic Peppermint Shampoo 325ml', 'images': []}
DEBUG: Scraped from <200 https://www.waitrose.com/ecom/shop/browse/groceries/toiletries_health_and_beauty/hair_care/shampoo>
{'client': 'Waitrose', 'time': datetime.datetime(2020, 9, 15, 21, 12, 9, 509090), 'category': 'Shampoo', 'id': 'tPp407272-440973-440974', 'prod_name': 'Richard Ward Chelsea Cleanse & Condition', 'waitrose_Qty': '250ml', 'waitrose_discounted_price': '£6.00', 'waitrose_offer_desc': None, 'waitrose_url': 'https://www.waitrose.com/ecom/shop/browse/groceries/toiletries_health_and_beauty/hair_care/shampoo', 'waitrose_rating': '3.9', 'waitrose_unit_price': '(£2.40/100ml)', 'waitrose_new_flag': None, 'waitrose_prod_name': 'Richard Ward Chelsea Cleanse & Condition 250ml', 'images': []}
DEBUG: Scraped from <200 https://www.waitrose.com/ecom/shop/browse/groceries/toiletries_health_and_beauty/hair_care/shampoo>
{'client': 'Waitrose', 'time': datetime.datetime(2020, 9, 15, 21, 12, 9, 509090), 'category': 'Shampoo', 'id': 'tPp834106-299691-299692', 'prod_name': 'Head & Shoulders 2in1 smooth & silky', 'waitrose_Qty': '450ml', 'waitrose_discounted_price': '£5.00', 'waitrose_offer_desc': None, 'waitrose_url': 'https://www.waitrose.com/ecom/shop/browse/groceries/toiletries_health_and_beauty/hair_care/shampoo', 'waitrose_rating': None, 'waitrose_unit_price': '(£1.12/100ml)', 'waitrose_new_flag': None, 'waitrose_prod_name': 'Head & Shoulders 2in1 smooth & silky 450ml', 'images': []}
DEBUG: Scraped from <200 https://www.waitrose.com/ecom/shop/browse/groceries/toiletries_health_and_beauty/hair_care/shampoo>
{'client': 'Waitrose', 'time': datetime.datetime(2020, 9, 15, 21, 12, 9, 509090), 'category': 'Shampoo', 'id': 'tPp836383-271490-271491', 'prod_name': 'Head & Shoulders 2in1 citrus care', 'waitrose_Qty': '450ml', 'waitrose_discounted_price': '£5.15', 'waitrose_offer_desc': None, 'waitrose_url': 'https://www.waitrose.com/ecom/shop/browse/groceries/toiletries_health_and_beauty/hair_care/shampoo', 'waitrose_rating': None, 'waitrose_unit_price': '(£1.15/100ml)', 'waitrose_new_flag': None, 'waitrose_prod_name': 'Head & Shoulders 2in1 citrus care 450ml', 'images': []}
DEBUG: Scraped from <200 https://www.waitrose.com/ecom/shop/browse/groceries/toiletries_health_and_beauty/hair_care/shampoo>
{'client': 'Waitrose', 'time': datetime.datetime(2020, 9, 15, 21, 12, 9, 509090), 'category': 'Shampoo', 'id': 'tPp581644-729702-729703', 'prod_name': 'Percy & Reed Hydrating Shampoo', 'waitrose_Qty': '250ml', 'waitrose_discounted_price': '£18.00', 'waitrose_offer_desc': None, 'waitrose_url': 'https://www.waitrose.com/ecom/shop/browse/groceries/toiletries_health_and_beauty/hair_care/shampoo', 'waitrose_rating': None, 'waitrose_unit_price': '(£7.20/100ml)', 'waitrose_new_flag': None, 'waitrose_prod_name': 'Percy & Reed Hydrating Shampoo 250ml', 'images': []}
DEBUG: Scraped from <200 https://www.waitrose.com/ecom/shop/browse/groceries/toiletries_health_and_beauty/hair_care/shampoo>
{'client': 'Waitrose', 'time': datetime.datetime(2020, 9, 15, 21, 12, 9, 509090), 'category': 'Shampoo', 'id': 'tPp855732-695986-695987', 'prod_name': 'Hair Biology De-Frizz Shampoo', 'waitrose_Qty': '250ml', 'waitrose_discounted_price': '£4.50', 'waitrose_offer_desc': None, 'waitrose_url': 'https://www.waitrose.com/ecom/shop/browse/groceries/toiletries_health_and_beauty/hair_care/shampoo', 'waitrose_rating': None, 'waitrose_unit_price': '(£1.80/100ml)', 'waitrose_new_flag': None, 'waitrose_prod_name': 'Hair Biology De-Frizz Shampoo 250ml', 'images': []}
DEBUG: Scraped from <200 https://www.waitrose.com/ecom/shop/browse/groceries/toiletries_health_and_beauty/hair_care/shampoo>
{'client': 'Waitrose', 'time': datetime.datetime(2020, 9, 15, 21, 12, 9, 509090), 'category': 'Shampoo', 'id': 'tPp734002-695705-695706', 'prod_name': 'Percy & Reed Wonder Wash Shampoo', 'waitrose_Qty': '250ml', 'waitrose_discounted_price': '£18.00', 'waitrose_offer_desc': None, 'waitrose_url': 'https://www.waitrose.com/ecom/shop/browse/groceries/toiletries_health_and_beauty/hair_care/shampoo', 'waitrose_rating': '4.1', 'waitrose_unit_price': '(£7.20/100ml)', 'waitrose_new_flag': None, 'waitrose_prod_name': 'Percy & Reed Wonder Wash Shampoo 250ml', 'images': []}
DEBUG: Scraped from <200 https://www.waitrose.com/ecom/shop/browse/groceries/toiletries_health_and_beauty/hair_care/shampoo>
{'client': 'Waitrose', 'time': datetime.datetime(2020, 9, 15, 21, 12, 9, 509090), 'category': 'Shampoo', 'id': 'tPp591666-681031-681032', 'prod_name': 'Pure Grace Shower Gel', 'waitrose_Qty': '480ml', 'waitrose_discounted_price': '£19.50', 'waitrose_offer_desc': None, 'waitrose_url': 'https://www.waitrose.com/ecom/shop/browse/groceries/toiletries_health_and_beauty/hair_care/shampoo', 'waitrose_rating': None, 'waitrose_unit_price': '(£4.07/100ml)', 'waitrose_new_flag': None, 'waitrose_prod_name': 'Pure Grace Shower Gel 480ml', 'images': []}
DEBUG: Scraped from <200 https://www.waitrose.com/ecom/shop/browse/groceries/toiletries_health_and_beauty/hair_care/shampoo>
{'client': 'Waitrose', 'time': datetime.datetime(2020, 9, 15, 21, 12, 9, 509090), 'category': 'Shampoo', 'id': 'tPp401660-588303-588304', 'prod_name': 'Richard Ward Brunette Shampoo', 'waitrose_Qty': '250ml', 'waitrose_discounted_price': '£6.00', 'waitrose_offer_desc': None, 'waitrose_url': 'https://www.waitrose.com/ecom/shop/browse/groceries/toiletries_health_and_beauty/hair_care/shampoo', 'waitrose_rating': '5', 'waitrose_unit_price': '(£2.40/100ml)', 'waitrose_new_flag': None, 'waitrose_prod_name': 'Richard Ward Brunette Shampoo 250ml', 'images': []}
INFO: Closing spider (finished)
INFO: Stored json feed (135 items) in: waitrose_091520.json
INFO: Dumping Scrapy stats:
{'downloader/request_bytes': 2588,
 'downloader/request_count': 1,
 'downloader/request_method_count/POST': 1,
 'downloader/response_bytes': 1698240,
 'downloader/response_count': 1,
 'downloader/response_status_count/200': 1,
 'finish_reason': 'finished',
 'finish_time': datetime.datetime(2020, 9, 15, 15, 43, 49, 442541),
 'item_scraped_count': 135,
 'log_count/DEBUG': 136,
 'log_count/INFO': 11,
 'log_count/WARNING': 1,
 'response_received_count': 1,
 'scheduler/dequeued': 2,
 'scheduler/dequeued/memory': 2,
 'scheduler/enqueued': 2,
 'scheduler/enqueued/memory': 2,
 'splash/execute/request_count': 1,
 'splash/execute/response_count/200': 1,
 'start_time': datetime.datetime(2020, 9, 15, 15, 42, 10, 50209)}
INFO: Spider closed (finished)
INFO: Scrapy 1.6.0 started (bot: waitrose)
INFO: Versions: lxml 4.5.1.0, libxml2 2.9.10, cssselect 1.1.0, parsel 1.6.0, w3lib 1.22.0, Twisted 20.3.0, Python 3.7.7 (default, May  6 2020, 11:45:54) [MSC v.1916 64 bit (AMD64)], pyOpenSSL 19.1.0 (OpenSSL 1.1.1g  21 Apr 2020), cryptography 2.9.2, Platform Windows-10-10.0.18362-SP0
INFO: Overridden settings: {'BOT_NAME': 'waitrose', 'DOWNLOAD_TIMEOUT': 1200, 'DUPEFILTER_CLASS': 'scrapy_splash.SplashAwareDupeFilter', 'FEED_EXPORT_ENCODING': 'utf-8', 'FEED_FORMAT': 'json', 'FEED_URI': 'waitrose_091620.json', 'NEWSPIDER_MODULE': 'waitrose.spiders', 'SPIDER_MODULES': ['waitrose.spiders']}
INFO: Telnet Password: 90ae1de38224d985
INFO: Enabled extensions:
['scrapy.extensions.corestats.CoreStats',
 'scrapy.extensions.telnet.TelnetConsole',
 'scrapy.extensions.feedexport.FeedExporter',
 'scrapy.extensions.logstats.LogStats']
INFO: Enabled downloader middlewares:
['scrapy.downloadermiddlewares.httpauth.HttpAuthMiddleware',
 'scrapy.downloadermiddlewares.downloadtimeout.DownloadTimeoutMiddleware',
 'scrapy.downloadermiddlewares.defaultheaders.DefaultHeadersMiddleware',
 'scrapy.downloadermiddlewares.useragent.UserAgentMiddleware',
 'scrapy.downloadermiddlewares.retry.RetryMiddleware',
 'scrapy.downloadermiddlewares.redirect.MetaRefreshMiddleware',
 'scrapy.downloadermiddlewares.redirect.RedirectMiddleware',
 'scrapy.downloadermiddlewares.cookies.CookiesMiddleware',
 'scrapy_splash.SplashCookiesMiddleware',
 'scrapy_splash.SplashMiddleware',
 'scrapy.downloadermiddlewares.httpproxy.HttpProxyMiddleware',
 'scrapy.downloadermiddlewares.httpcompression.HttpCompressionMiddleware',
 'scrapy.downloadermiddlewares.stats.DownloaderStats']
INFO: Enabled spider middlewares:
['scrapy.spidermiddlewares.httperror.HttpErrorMiddleware',
 'scrapy_splash.SplashDeduplicateArgsMiddleware',
 'scrapy.spidermiddlewares.offsite.OffsiteMiddleware',
 'scrapy.spidermiddlewares.referer.RefererMiddleware',
 'scrapy.spidermiddlewares.urllength.UrlLengthMiddleware',
 'scrapy.spidermiddlewares.depth.DepthMiddleware']
INFO: Enabled item pipelines:
['waitrose.pipelines.ImageDownloaderPipeline',
 'waitrose.pipelines.SQLlitePipeline']
INFO: Spider opened
INFO: Crawled 0 pages (at 0 pages/min), scraped 0 items (at 0 items/min)
WARNING: C:\Users\sujithk\AppData\Local\Continuum\anaconda3\envs\Virtual_Env\lib\site-packages\scrapy\spidermiddlewares\offsite.py:61: URLWarning: allowed_domains accepts only domains, not URLs. Ignoring URL entry https://www.waitrose.com/ in allowed_domains.
  warnings.warn(message, URLWarning)

INFO: Telnet console listening on 127.0.0.1:6024
INFO: Crawled 0 pages (at 0 pages/min), scraped 0 items (at 0 items/min)
DEBUG: Crawled (200) <GET https://www.waitrose.com/ecom/shop/browse/groceries/toiletries_health_and_beauty/hair_care/shampoo via http://192.168.1.9:8050/execute> (referer: None)
DEBUG: Scraped from <200 https://www.waitrose.com/ecom/shop/browse/groceries/toiletries_health_and_beauty/hair_care/shampoo>
{'client': 'Waitrose', 'time': datetime.datetime(2020, 9, 16, 10, 24, 12, 559297), 'category': 'Shampoo', 'id': 'tPp096508-49364-49365', 'prod_name': 'Aussie Miracle Moist Shampoo', 'waitrose_Qty': '300ml', 'waitrose_discounted_price': '£2.05', 'waitrose_offer_desc': 'Half Price.', 'waitrose_url': 'https://www.waitrose.com/ecom/shop/browse/groceries/toiletries_health_and_beauty/hair_care/shampoo', 'waitrose_rating': '3.7', 'waitrose_unit_price': '(68.3p/100ml)', 'waitrose_new_flag': None, 'waitrose_prod_name': 'Aussie Miracle Moist Shampoo 300ml', 'images': []}
DEBUG: Scraped from <200 https://www.waitrose.com/ecom/shop/browse/groceries/toiletries_health_and_beauty/hair_care/shampoo>
{'client': 'Waitrose', 'time': datetime.datetime(2020, 9, 16, 10, 24, 12, 559297), 'category': 'Shampoo', 'id': 'tPp059421-29947-29948', 'prod_name': 'Aussie Aussome Volume Shampoo', 'waitrose_Qty': '300ml', 'waitrose_discounted_price': '£2.00', 'waitrose_offer_desc': 'Half Price.', 'waitrose_url': 'https://www.waitrose.com/ecom/shop/browse/groceries/toiletries_health_and_beauty/hair_care/shampoo', 'waitrose_rating': '5', 'waitrose_unit_price': '(66.7p/100ml)', 'waitrose_new_flag': None, 'waitrose_prod_name': 'Aussie Aussome Volume Shampoo 300ml', 'images': []}
DEBUG: Scraped from <200 https://www.waitrose.com/ecom/shop/browse/groceries/toiletries_health_and_beauty/hair_care/shampoo>
{'client': 'Waitrose', 'time': datetime.datetime(2020, 9, 16, 10, 24, 12, 559297), 'category': 'Shampoo', 'id': 'tPp092708-47659-47660', 'prod_name': 'Vosene Original Shampoo', 'waitrose_Qty': '250ml', 'waitrose_discounted_price': '£1.36', 'waitrose_offer_desc': 'Save 1/3.', 'waitrose_url': 'https://www.waitrose.com/ecom/shop/browse/groceries/toiletries_health_and_beauty/hair_care/shampoo', 'waitrose_rating': '5', 'waitrose_unit_price': '(54.4p/100ml)', 'waitrose_new_flag': None, 'waitrose_prod_name': 'Vosene Original Shampoo 250ml', 'images': []}
DEBUG: Scraped from <200 https://www.waitrose.com/ecom/shop/browse/groceries/toiletries_health_and_beauty/hair_care/shampoo>
{'client': 'Waitrose', 'time': datetime.datetime(2020, 9, 16, 10, 24, 12, 559297), 'category': 'Shampoo', 'id': 'tPp639145-337007-337008', 'prod_name': 'Tresemmé Shampoo Deep Cleansing', 'waitrose_Qty': '800ml', 'waitrose_discounted_price': '£2.75', 'waitrose_offer_desc': 'Half Price.', 'waitrose_url': 'https://www.waitrose.com/ecom/shop/browse/groceries/toiletries_health_and_beauty/hair_care/shampoo', 'waitrose_rating': '5', 'waitrose_unit_price': '(34.4p/100ml)', 'waitrose_new_flag': None, 'waitrose_prod_name': 'Tresemmé Shampoo Deep Cleansing 800ml', 'images': []}
DEBUG: Scraped from <200 https://www.waitrose.com/ecom/shop/browse/groceries/toiletries_health_and_beauty/hair_care/shampoo>
{'client': 'Waitrose', 'time': datetime.datetime(2020, 9, 16, 10, 24, 12, 559297), 'category': 'Shampoo', 'id': 'tPp639145-337007-337008', 'prod_name': 'Tresemmé Shampoo Deep Cleansing', 'waitrose_Qty': '800ml', 'waitrose_discounted_price': '£2.75', 'waitrose_offer_desc': 'Half Price.', 'waitrose_url': 'https://www.waitrose.com/ecom/shop/browse/groceries/toiletries_health_and_beauty/hair_care/shampoo', 'waitrose_rating': '5', 'waitrose_unit_price': '(34.4p/100ml)', 'waitrose_new_flag': None, 'waitrose_prod_name': 'Tresemmé Shampoo Deep Cleansing 800ml', 'images': []}
DEBUG: Scraped from <200 https://www.waitrose.com/ecom/shop/browse/groceries/toiletries_health_and_beauty/hair_care/shampoo>
{'client': 'Waitrose', 'time': datetime.datetime(2020, 9, 16, 10, 24, 12, 559297), 'category': 'Shampoo', 'id': 'tPp096232-49248-49249', 'prod_name': 'Aussie Mega Shampoo', 'waitrose_Qty': '300ml', 'waitrose_discounted_price': '£2.05', 'waitrose_offer_desc': 'Half Price.', 'waitrose_url': 'https://www.waitrose.com/ecom/shop/browse/groceries/toiletries_health_and_beauty/hair_care/shampoo', 'waitrose_rating': '2.5', 'waitrose_unit_price': '(68.3p/100ml)', 'waitrose_new_flag': None, 'waitrose_prod_name': 'Aussie Mega Shampoo 300ml', 'images': []}
DEBUG: Scraped from <200 https://www.waitrose.com/ecom/shop/browse/groceries/toiletries_health_and_beauty/hair_care/shampoo>
{'client': 'Waitrose', 'time': datetime.datetime(2020, 9, 16, 10, 24, 12, 559297), 'category': 'Shampoo', 'id': 'tPp799806-683814-683815', 'prod_name': 'Tresemmé Shampoo Moisture Rich', 'waitrose_Qty': '800ml', 'waitrose_discounted_price': '£2.75', 'waitrose_offer_desc': 'Half Price.', 'waitrose_url': 'https://www.waitrose.com/ecom/shop/browse/groceries/toiletries_health_and_beauty/hair_care/shampoo', 'waitrose_rating': None, 'waitrose_unit_price': '(34.4p/100ml)', 'waitrose_new_flag': None, 'waitrose_prod_name': 'Tresemmé Shampoo Moisture Rich 800ml', 'images': []}
DEBUG: Scraped from <200 https://www.waitrose.com/ecom/shop/browse/groceries/toiletries_health_and_beauty/hair_care/shampoo>
{'client': 'Waitrose', 'time': datetime.datetime(2020, 9, 16, 10, 24, 12, 559297), 'category': 'Shampoo', 'id': 'tPp819340-720339-720340', 'prod_name': 'Head & Shoulders Supreme Shampoo', 'waitrose_Qty': '400ml', 'waitrose_discounted_price': '£3.33', 'waitrose_offer_desc': 'Save 1/3.', 'waitrose_url': 'https://www.waitrose.com/ecom/shop/browse/groceries/toiletries_health_and_beauty/hair_care/shampoo', 'waitrose_rating': None, 'waitrose_unit_price': '(83.3p/100ml)', 'waitrose_new_flag': None, 'waitrose_prod_name': 'Head & Shoulders Supreme Shampoo 400ml', 'images': []}
DEBUG: Scraped from <200 https://www.waitrose.com/ecom/shop/browse/groceries/toiletries_health_and_beauty/hair_care/shampoo>
{'client': 'Waitrose', 'time': datetime.datetime(2020, 9, 16, 10, 24, 12, 559297), 'category': 'Shampoo', 'id': 'tPp083596-42439-42440', 'prod_name': 'Aussie Colour Mate Shampoo', 'waitrose_Qty': '300ml', 'waitrose_discounted_price': '£2.05', 'waitrose_offer_desc': 'Half Price.', 'waitrose_url': 'https://www.waitrose.com/ecom/shop/browse/groceries/toiletries_health_and_beauty/hair_care/shampoo', 'waitrose_rating': '5', 'waitrose_unit_price': '(68.3p/100ml)', 'waitrose_new_flag': None, 'waitrose_prod_name': 'Aussie Colour Mate Shampoo 300ml', 'images': []}
DEBUG: Scraped from <200 https://www.waitrose.com/ecom/shop/browse/groceries/toiletries_health_and_beauty/hair_care/shampoo>
{'client': 'Waitrose', 'time': datetime.datetime(2020, 9, 16, 10, 24, 12, 559297), 'category': 'Shampoo', 'id': 'tPp364793-255761-255762', 'prod_name': 'Aussie Miracle Shine Shampoo', 'waitrose_Qty': '300ml', 'waitrose_discounted_price': '£2.00', 'waitrose_offer_desc': 'Half Price.', 'waitrose_url': 'https://www.waitrose.com/ecom/shop/browse/groceries/toiletries_health_and_beauty/hair_care/shampoo', 'waitrose_rating': None, 'waitrose_unit_price': '(66.7p/100ml)', 'waitrose_new_flag': None, 'waitrose_prod_name': 'Aussie Miracle Shine Shampoo 300ml', 'images': []}
DEBUG: Scraped from <200 https://www.waitrose.com/ecom/shop/browse/groceries/toiletries_health_and_beauty/hair_care/shampoo>
{'client': 'Waitrose', 'time': datetime.datetime(2020, 9, 16, 10, 24, 12, 559297), 'category': 'Shampoo', 'id': 'tPp819563-729788-729789', 'prod_name': 'Aussie Blonde Purple Shampoo', 'waitrose_Qty': '290ml', 'waitrose_discounted_price': '£2.99', 'waitrose_offer_desc': 'Half Price.', 'waitrose_url': 'https://www.waitrose.com/ecom/shop/browse/groceries/toiletries_health_and_beauty/hair_care/shampoo', 'waitrose_rating': None, 'waitrose_unit_price': '(£1.04/100ml)', 'waitrose_new_flag': None, 'waitrose_prod_name': 'Aussie Blonde Purple Shampoo 290ml', 'images': []}
DEBUG: Scraped from <200 https://www.waitrose.com/ecom/shop/browse/groceries/toiletries_health_and_beauty/hair_care/shampoo>
{'client': 'Waitrose', 'time': datetime.datetime(2020, 9, 16, 10, 24, 12, 559297), 'category': 'Shampoo', 'id': 'tPp433216-720111-720112', 'prod_name': 'John Frieda Hydrate & Recharge Shampoo', 'waitrose_Qty': '250ml', 'waitrose_discounted_price': '£3.99', 'waitrose_offer_desc': 'Save 1/3.', 'waitrose_url': 'https://www.waitrose.com/ecom/shop/browse/groceries/toiletries_health_and_beauty/hair_care/shampoo', 'waitrose_rating': None, 'waitrose_unit_price': '(£1.60/100ml)', 'waitrose_new_flag': None, 'waitrose_prod_name': 'John Frieda Hydrate & Recharge Shampoo 250ml', 'images': []}
DEBUG: Scraped from <200 https://www.waitrose.com/ecom/shop/browse/groceries/toiletries_health_and_beauty/hair_care/shampoo>
{'client': 'Waitrose', 'time': datetime.datetime(2020, 9, 16, 10, 24, 12, 559297), 'category': 'Shampoo', 'id': 'tPp595050-720203-720204', 'prod_name': 'Herbal Essences Coconut Shampoo', 'waitrose_Qty': '250ml', 'waitrose_discounted_price': '£2.00', 'waitrose_offer_desc': 'Save 1/3.', 'waitrose_url': 'https://www.waitrose.com/ecom/shop/browse/groceries/toiletries_health_and_beauty/hair_care/shampoo', 'waitrose_rating': None, 'waitrose_unit_price': '(80p/100ml)', 'waitrose_new_flag': None, 'waitrose_prod_name': 'Herbal Essences Coconut Shampoo 250ml', 'images': []}
DEBUG: Scraped from <200 https://www.waitrose.com/ecom/shop/browse/groceries/toiletries_health_and_beauty/hair_care/shampoo>
{'client': 'Waitrose', 'time': datetime.datetime(2020, 9, 16, 10, 24, 12, 559297), 'category': 'Shampoo', 'id': 'tPp775870-724036-724037', 'prod_name': 'Faith in Nature Wild Rose Shampoo', 'waitrose_Qty': '400ml', 'waitrose_discounted_price': '£3.86', 'waitrose_offer_desc': 'Save 1/3.', 'waitrose_url': 'https://www.waitrose.com/ecom/shop/browse/groceries/toiletries_health_and_beauty/hair_care/shampoo', 'waitrose_rating': '5', 'waitrose_unit_price': '(96.5p/100ml)', 'waitrose_new_flag': None, 'waitrose_prod_name': 'Faith in Nature Wild Rose Shampoo 400ml', 'images': []}
DEBUG: Scraped from <200 https://www.waitrose.com/ecom/shop/browse/groceries/toiletries_health_and_beauty/hair_care/shampoo>
{'client': 'Waitrose', 'time': datetime.datetime(2020, 9, 16, 10, 24, 12, 559297), 'category': 'Shampoo', 'id': 'tPp455905-591789-591790', 'prod_name': 'Herbal Essences clean Shampoo', 'waitrose_Qty': '400ml', 'waitrose_discounted_price': '£4.50', 'waitrose_offer_desc': None, 'waitrose_url': 'https://www.waitrose.com/ecom/shop/browse/groceries/toiletries_health_and_beauty/hair_care/shampoo', 'waitrose_rating': None, 'waitrose_unit_price': '(£1.13/100ml)', 'waitrose_new_flag': None, 'waitrose_prod_name': 'Herbal Essences clean Shampoo 400ml', 'images': []}
DEBUG: Scraped from <200 https://www.waitrose.com/ecom/shop/browse/groceries/toiletries_health_and_beauty/hair_care/shampoo>
{'client': 'Waitrose', 'time': datetime.datetime(2020, 9, 16, 10, 24, 12, 559297), 'category': 'Shampoo', 'id': 'tPp747801-683764-683765', 'prod_name': 'Aussie Shampoo Scent-sational', 'waitrose_Qty': '300ml', 'waitrose_discounted_price': '£2.00', 'waitrose_offer_desc': 'Half Price.', 'waitrose_url': 'https://www.waitrose.com/ecom/shop/browse/groceries/toiletries_health_and_beauty/hair_care/shampoo', 'waitrose_rating': '5', 'waitrose_unit_price': '(66.7p/100ml)', 'waitrose_new_flag': None, 'waitrose_prod_name': 'Aussie Shampoo Scent-sational 300ml', 'images': []}
DEBUG: Scraped from <200 https://www.waitrose.com/ecom/shop/browse/groceries/toiletries_health_and_beauty/hair_care/shampoo>
{'client': 'Waitrose', 'time': datetime.datetime(2020, 9, 16, 10, 24, 12, 559297), 'category': 'Shampoo', 'id': 'tPp011495-5706-5707', 'prod_name': 'John Frieda Shampoo Touchably Full', 'waitrose_Qty': '250ml', 'waitrose_discounted_price': '£3.99', 'waitrose_offer_desc': 'Save 1/3.', 'waitrose_url': 'https://www.waitrose.com/ecom/shop/browse/groceries/toiletries_health_and_beauty/hair_care/shampoo', 'waitrose_rating': '4', 'waitrose_unit_price': '(£1.60/100ml)', 'waitrose_new_flag': None, 'waitrose_prod_name': 'John Frieda Shampoo Touchably Full 250ml', 'images': []}
DEBUG: Scraped from <200 https://www.waitrose.com/ecom/shop/browse/groceries/toiletries_health_and_beauty/hair_care/shampoo>
{'client': 'Waitrose', 'time': datetime.datetime(2020, 9, 16, 10, 24, 12, 559297), 'category': 'Shampoo', 'id': 'tPp538896-720173-720174', 'prod_name': 'Herbal Essences Argan Oil Shampoo', 'waitrose_Qty': '250ml', 'waitrose_discounted_price': '£2.00', 'waitrose_offer_desc': 'Save 1/3.', 'waitrose_url': 'https://www.waitrose.com/ecom/shop/browse/groceries/toiletries_health_and_beauty/hair_care/shampoo', 'waitrose_rating': None, 'waitrose_unit_price': '(80p/100ml)', 'waitrose_new_flag': None, 'waitrose_prod_name': 'Herbal Essences Argan Oil Shampoo 250ml', 'images': []}
DEBUG: Scraped from <200 https://www.waitrose.com/ecom/shop/browse/groceries/toiletries_health_and_beauty/hair_care/shampoo>
{'client': 'Waitrose', 'time': datetime.datetime(2020, 9, 16, 10, 24, 12, 559297), 'category': 'Shampoo', 'id': 'tPp502437-720153-720154', 'prod_name': 'Aussie Calm The Frizz Shampoo', 'waitrose_Qty': '300ml', 'waitrose_discounted_price': '£2.00', 'waitrose_offer_desc': 'Half Price.', 'waitrose_url': 'https://www.waitrose.com/ecom/shop/browse/groceries/toiletries_health_and_beauty/hair_care/shampoo', 'waitrose_rating': None, 'waitrose_unit_price': '(66.7p/100ml)', 'waitrose_new_flag': None, 'waitrose_prod_name': 'Aussie Calm The Frizz Shampoo 300ml', 'images': []}
DEBUG: Scraped from <200 https://www.waitrose.com/ecom/shop/browse/groceries/toiletries_health_and_beauty/hair_care/shampoo>
{'client': 'Waitrose', 'time': datetime.datetime(2020, 9, 16, 10, 24, 12, 559297), 'category': 'Shampoo', 'id': 'tPp494340-69860-69861', 'prod_name': "Neal's Yard Rose Shampoo", 'waitrose_Qty': '200ml', 'waitrose_discounted_price': '£7.66', 'waitrose_offer_desc': 'Save 1/3.', 'waitrose_url': 'https://www.waitrose.com/ecom/shop/browse/groceries/toiletries_health_and_beauty/hair_care/shampoo', 'waitrose_rating': '3.1', 'waitrose_unit_price': '(£3.83/100ml)', 'waitrose_new_flag': None, 'waitrose_prod_name': "Neal's Yard Rose Shampoo 200ml", 'images': []}
DEBUG: Scraped from <200 https://www.waitrose.com/ecom/shop/browse/groceries/toiletries_health_and_beauty/hair_care/shampoo>
{'client': 'Waitrose', 'time': datetime.datetime(2020, 9, 16, 10, 24, 12, 559297), 'category': 'Shampoo', 'id': 'tPp610920-86669-86670', 'prod_name': 'Sheer Blonde Go Blonder Shampoo', 'waitrose_Qty': '250ml', 'waitrose_discounted_price': '£3.99', 'waitrose_offer_desc': 'Save 1/3.', 'waitrose_url': 'https://www.waitrose.com/ecom/shop/browse/groceries/toiletries_health_and_beauty/hair_care/shampoo', 'waitrose_rating': '3.5', 'waitrose_unit_price': '(£1.60/100ml)', 'waitrose_new_flag': None, 'waitrose_prod_name': 'Sheer Blonde Go Blonder Shampoo 250ml', 'images': []}
DEBUG: Scraped from <200 https://www.waitrose.com/ecom/shop/browse/groceries/toiletries_health_and_beauty/hair_care/shampoo>
{'client': 'Waitrose', 'time': datetime.datetime(2020, 9, 16, 10, 24, 12, 559297), 'category': 'Shampoo', 'id': 'tPp847454-724141-724142', 'prod_name': 'Faith in Nature Grapefruit Shampoo', 'waitrose_Qty': '400ml', 'waitrose_discounted_price': '£3.86', 'waitrose_offer_desc': 'Save 1/3.', 'waitrose_url': 'https://www.waitrose.com/ecom/shop/browse/groceries/toiletries_health_and_beauty/hair_care/shampoo', 'waitrose_rating': '5', 'waitrose_unit_price': '(96.5p/100ml)', 'waitrose_new_flag': None, 'waitrose_prod_name': 'Faith in Nature Grapefruit Shampoo 400ml', 'images': []}
DEBUG: Scraped from <200 https://www.waitrose.com/ecom/shop/browse/groceries/toiletries_health_and_beauty/hair_care/shampoo>
{'client': 'Waitrose', 'time': datetime.datetime(2020, 9, 16, 10, 24, 12, 559297), 'category': 'Shampoo', 'id': 'tPp701301-99532-99533', 'prod_name': 'Essential Daily Care Shampoo', 'waitrose_Qty': '300ml', 'waitrose_discounted_price': '80p', 'waitrose_offer_desc': None, 'waitrose_url': 'https://www.waitrose.com/ecom/shop/browse/groceries/toiletries_health_and_beauty/hair_care/shampoo', 'waitrose_rating': '4.1', 'waitrose_unit_price': '(26.7p/100ml)', 'waitrose_new_flag': None, 'waitrose_prod_name': 'Essential Daily Care Shampoo 300ml', 'images': []}
DEBUG: Scraped from <200 https://www.waitrose.com/ecom/shop/browse/groceries/toiletries_health_and_beauty/hair_care/shampoo>
{'client': 'Waitrose', 'time': datetime.datetime(2020, 9, 16, 10, 24, 12, 559297), 'category': 'Shampoo', 'id': 'tPp583946-82773-82774', 'prod_name': "Neal's Yard Lavender Shampoo", 'waitrose_Qty': '200ml', 'waitrose_discounted_price': '£7.66', 'waitrose_offer_desc': 'Save 1/3.', 'waitrose_url': 'https://www.waitrose.com/ecom/shop/browse/groceries/toiletries_health_and_beauty/hair_care/shampoo', 'waitrose_rating': '2.3', 'waitrose_unit_price': '(£3.83/100ml)', 'waitrose_new_flag': None, 'waitrose_prod_name': "Neal's Yard Lavender Shampoo 200ml", 'images': []}
DEBUG: Scraped from <200 https://www.waitrose.com/ecom/shop/browse/groceries/toiletries_health_and_beauty/hair_care/shampoo>
{'client': 'Waitrose', 'time': datetime.datetime(2020, 9, 16, 10, 24, 12, 559297), 'category': 'Shampoo', 'id': 'tPp702159-494964-494965', 'prod_name': 'DGJ Argan Oil Shampoo', 'waitrose_Qty': '250ml', 'waitrose_discounted_price': '£2.50', 'waitrose_offer_desc': 'Half Price.', 'waitrose_url': 'https://www.waitrose.com/ecom/shop/browse/groceries/toiletries_health_and_beauty/hair_care/shampoo', 'waitrose_rating': None, 'waitrose_unit_price': '(£1/100ml)', 'waitrose_new_flag': None, 'waitrose_prod_name': 'DGJ Argan Oil Shampoo 250ml', 'images': []}
DEBUG: Scraped from <200 https://www.waitrose.com/ecom/shop/browse/groceries/toiletries_health_and_beauty/hair_care/shampoo>
{'client': 'Waitrose', 'time': datetime.datetime(2020, 9, 16, 10, 24, 12, 559297), 'category': 'Shampoo', 'id': 'tPp735040-695707-695708', 'prod_name': 'Vosene Kids 3in1 Tea Tree Shampoo', 'waitrose_Qty': '250ml', 'waitrose_discounted_price': '£1.66', 'waitrose_offer_desc': 'Save 1/3.', 'waitrose_url': 'https://www.waitrose.com/ecom/shop/browse/groceries/toiletries_health_and_beauty/hair_care/shampoo', 'waitrose_rating': None, 'waitrose_unit_price': '(66.4p/100ml)', 'waitrose_new_flag': None, 'waitrose_prod_name': 'Vosene Kids 3in1 Tea Tree Shampoo 250ml', 'images': []}
DEBUG: Scraped from <200 https://www.waitrose.com/ecom/shop/browse/groceries/toiletries_health_and_beauty/hair_care/shampoo>
{'client': 'Waitrose', 'time': datetime.datetime(2020, 9, 16, 10, 24, 12, 559297), 'category': 'Shampoo', 'id': 'tPp865734-216867-216868', 'prod_name': 'Ogx Argan Oil of Morocco Shampoo', 'waitrose_Qty': '385ml', 'waitrose_discounted_price': '£7.00', 'waitrose_offer_desc': None, 'waitrose_url': 'https://www.waitrose.com/ecom/shop/browse/groceries/toiletries_health_and_beauty/hair_care/shampoo', 'waitrose_rating': '3.4', 'waitrose_unit_price': '(£1.82/100ml)', 'waitrose_new_flag': None, 'waitrose_prod_name': 'Ogx Argan Oil of Morocco Shampoo 385ml', 'images': []}
DEBUG: Scraped from <200 https://www.waitrose.com/ecom/shop/browse/groceries/toiletries_health_and_beauty/hair_care/shampoo>
{'client': 'Waitrose', 'time': datetime.datetime(2020, 9, 16, 10, 24, 12, 559297), 'category': 'Shampoo', 'id': 'tPp490113-591883-591884', 'prod_name': 'Herbal Essences Volume Shampoo', 'waitrose_Qty': '400ml', 'waitrose_discounted_price': '£4.50', 'waitrose_offer_desc': None, 'waitrose_url': 'https://www.waitrose.com/ecom/shop/browse/groceries/toiletries_health_and_beauty/hair_care/shampoo', 'waitrose_rating': '5', 'waitrose_unit_price': '(£1.13/100ml)', 'waitrose_new_flag': None, 'waitrose_prod_name': 'Herbal Essences Volume Shampoo 400ml', 'images': []}
DEBUG: Scraped from <200 https://www.waitrose.com/ecom/shop/browse/groceries/toiletries_health_and_beauty/hair_care/shampoo>
{'client': 'Waitrose', 'time': datetime.datetime(2020, 9, 16, 10, 24, 12, 559297), 'category': 'Shampoo', 'id': 'tPp833802-337290-337291', 'prod_name': 'Aussie Miracle Moist Spray', 'waitrose_Qty': '250ml', 'waitrose_discounted_price': '£2.57', 'waitrose_offer_desc': 'Half Price.', 'waitrose_url': 'https://www.waitrose.com/ecom/shop/browse/groceries/toiletries_health_and_beauty/hair_care/shampoo', 'waitrose_rating': None, 'waitrose_unit_price': '(£1.03/100ml)', 'waitrose_new_flag': None, 'waitrose_prod_name': 'Aussie Miracle Moist Spray 250ml', 'images': []}
DEBUG: Scraped from <200 https://www.waitrose.com/ecom/shop/browse/groceries/toiletries_health_and_beauty/hair_care/shampoo>
{'client': 'Waitrose', 'time': datetime.datetime(2020, 9, 16, 10, 24, 12, 559297), 'category': 'Shampoo', 'id': 'tPp639366-90822-90823', 'prod_name': 'Head & Shoulders Shampoo Classic', 'waitrose_Qty': '500ml', 'waitrose_discounted_price': '£5.15', 'waitrose_offer_desc': None, 'waitrose_url': 'https://www.waitrose.com/ecom/shop/browse/groceries/toiletries_health_and_beauty/hair_care/shampoo', 'waitrose_rating': '3.5', 'waitrose_unit_price': '(£1.03/100ml)', 'waitrose_new_flag': None, 'waitrose_prod_name': 'Head & Shoulders Shampoo Classic 500ml', 'images': []}
DEBUG: Scraped from <200 https://www.waitrose.com/ecom/shop/browse/groceries/toiletries_health_and_beauty/hair_care/shampoo>
{'client': 'Waitrose', 'time': datetime.datetime(2020, 9, 16, 10, 24, 12, 559297), 'category': 'Shampoo', 'id': 'tPp414862-695397-695398', 'prod_name': 'Noughty Wave Hello Shampoo', 'waitrose_Qty': '250ml', 'waitrose_discounted_price': '£4.66', 'waitrose_offer_desc': 'Save 1/3.', 'waitrose_url': 'https://www.waitrose.com/ecom/shop/browse/groceries/toiletries_health_and_beauty/hair_care/shampoo', 'waitrose_rating': None, 'waitrose_unit_price': '(£1.87/100ml)', 'waitrose_new_flag': None, 'waitrose_prod_name': 'Noughty Wave Hello Shampoo 250ml', 'images': []}
DEBUG: Scraped from <200 https://www.waitrose.com/ecom/shop/browse/groceries/toiletries_health_and_beauty/hair_care/shampoo>
{'client': 'Waitrose', 'time': datetime.datetime(2020, 9, 16, 10, 24, 12, 559297), 'category': 'Shampoo', 'id': 'tPp425124-59787-59788', 'prod_name': 'Brilliant Brunette Protecting Shampoo', 'waitrose_Qty': '250ml', 'waitrose_discounted_price': '£3.99', 'waitrose_offer_desc': 'Save 1/3.', 'waitrose_url': 'https://www.waitrose.com/ecom/shop/browse/groceries/toiletries_health_and_beauty/hair_care/shampoo', 'waitrose_rating': None, 'waitrose_unit_price': '(£1.60/100ml)', 'waitrose_new_flag': None, 'waitrose_prod_name': 'Brilliant Brunette Protecting Shampoo 250ml', 'images': []}
DEBUG: Scraped from <200 https://www.waitrose.com/ecom/shop/browse/groceries/toiletries_health_and_beauty/hair_care/shampoo>
{'client': 'Waitrose', 'time': datetime.datetime(2020, 9, 16, 10, 24, 12, 559297), 'category': 'Shampoo', 'id': 'tPp745828-495012-495013', 'prod_name': 'DGJ Kids Lice Repel Shampoo', 'waitrose_Qty': '250ml', 'waitrose_discounted_price': '£1.75', 'waitrose_offer_desc': 'Half Price.', 'waitrose_url': 'https://www.waitrose.com/ecom/shop/browse/groceries/toiletries_health_and_beauty/hair_care/shampoo', 'waitrose_rating': None, 'waitrose_unit_price': '(70p/100ml)', 'waitrose_new_flag': None, 'waitrose_prod_name': 'DGJ Kids Lice Repel Shampoo 250ml', 'images': []}
DEBUG: Scraped from <200 https://www.waitrose.com/ecom/shop/browse/groceries/toiletries_health_and_beauty/hair_care/shampoo>
{'client': 'Waitrose', 'time': datetime.datetime(2020, 9, 16, 10, 24, 12, 559297), 'category': 'Shampoo', 'id': 'tPp563832-295347-295348', 'prod_name': 'Argan + Argan Oil 5Oil Miracle Shampoo', 'waitrose_Qty': '300ml', 'waitrose_discounted_price': '£4.00', 'waitrose_offer_desc': 'Save 1/3.', 'waitrose_url': 'https://www.waitrose.com/ecom/shop/browse/groceries/toiletries_health_and_beauty/hair_care/shampoo', 'waitrose_rating': '5', 'waitrose_unit_price': '(£1.34/100ml)', 'waitrose_new_flag': None, 'waitrose_prod_name': 'Argan + Argan Oil 5Oil Miracle Shampoo 300ml', 'images': []}
DEBUG: Scraped from <200 https://www.waitrose.com/ecom/shop/browse/groceries/toiletries_health_and_beauty/hair_care/shampoo>
{'client': 'Waitrose', 'time': datetime.datetime(2020, 9, 16, 10, 24, 12, 559297), 'category': 'Shampoo', 'id': 'tPp535961-75786-75787', 'prod_name': 'essential Waitrose Nourishing Shampoo', 'waitrose_Qty': '300ml', 'waitrose_discounted_price': '80p', 'waitrose_offer_desc': None, 'waitrose_url': 'https://www.waitrose.com/ecom/shop/browse/groceries/toiletries_health_and_beauty/hair_care/shampoo', 'waitrose_rating': '4.3', 'waitrose_unit_price': '(26.7p/100ml)', 'waitrose_new_flag': None, 'waitrose_prod_name': 'essential Waitrose Nourishing Shampoo 300ml', 'images': []}
DEBUG: Scraped from <200 https://www.waitrose.com/ecom/shop/browse/groceries/toiletries_health_and_beauty/hair_care/shampoo>
{'client': 'Waitrose', 'time': datetime.datetime(2020, 9, 16, 10, 24, 12, 559297), 'category': 'Shampoo', 'id': 'tPp810201-352482-352483', 'prod_name': 'Essential Daily Care 2 in 1', 'waitrose_Qty': '300ml', 'waitrose_discounted_price': '80p', 'waitrose_offer_desc': None, 'waitrose_url': 'https://www.waitrose.com/ecom/shop/browse/groceries/toiletries_health_and_beauty/hair_care/shampoo', 'waitrose_rating': '4.3', 'waitrose_unit_price': '(26.7p/100ml)', 'waitrose_new_flag': None, 'waitrose_prod_name': 'Essential Daily Care 2 in 1 300ml', 'images': []}
DEBUG: Scraped from <200 https://www.waitrose.com/ecom/shop/browse/groceries/toiletries_health_and_beauty/hair_care/shampoo>
{'client': 'Waitrose', 'time': datetime.datetime(2020, 9, 16, 10, 24, 12, 559297), 'category': 'Shampoo', 'id': 'tPp711086-652694-652695', 'prod_name': 'Head & Shoulders Supreme Moisture', 'waitrose_Qty': '400ml', 'waitrose_discounted_price': '£3.43', 'waitrose_offer_desc': 'Save 1/3.', 'waitrose_url': 'https://www.waitrose.com/ecom/shop/browse/groceries/toiletries_health_and_beauty/hair_care/shampoo', 'waitrose_rating': None, 'waitrose_unit_price': '(85.8p/100ml)', 'waitrose_new_flag': None, 'waitrose_prod_name': 'Head & Shoulders Supreme Moisture 400ml', 'images': []}
DEBUG: Scraped from <200 https://www.waitrose.com/ecom/shop/browse/groceries/toiletries_health_and_beauty/hair_care/shampoo>
{'client': 'Waitrose', 'time': datetime.datetime(2020, 9, 16, 10, 24, 12, 559297), 'category': 'Shampoo', 'id': 'tPp472240-591833-591834', 'prod_name': 'Herbal Essences Repair Shampoo', 'waitrose_Qty': '400ml', 'waitrose_discounted_price': '£4.50', 'waitrose_offer_desc': None, 'waitrose_url': 'https://www.waitrose.com/ecom/shop/browse/groceries/toiletries_health_and_beauty/hair_care/shampoo', 'waitrose_rating': '5', 'waitrose_unit_price': '(£1.13/100ml)', 'waitrose_new_flag': None, 'waitrose_prod_name': 'Herbal Essences Repair Shampoo 400ml', 'images': []}
DEBUG: Scraped from <200 https://www.waitrose.com/ecom/shop/browse/groceries/toiletries_health_and_beauty/hair_care/shampoo>
{'client': 'Waitrose', 'time': datetime.datetime(2020, 9, 16, 10, 24, 12, 559297), 'category': 'Shampoo', 'id': 'tPp425163-526469-526470', 'prod_name': 'Frizz Ease Shampoo Miraculous Recovery', 'waitrose_Qty': '250ml', 'waitrose_discounted_price': '£3.99', 'waitrose_offer_desc': 'Save 1/3.', 'waitrose_url': 'https://www.waitrose.com/ecom/shop/browse/groceries/toiletries_health_and_beauty/hair_care/shampoo', 'waitrose_rating': None, 'waitrose_unit_price': '(£1.60/100ml)', 'waitrose_new_flag': None, 'waitrose_prod_name': 'Frizz Ease Shampoo Miraculous Recovery 250ml', 'images': []}
DEBUG: Scraped from <200 https://www.waitrose.com/ecom/shop/browse/groceries/toiletries_health_and_beauty/hair_care/shampoo>
{'client': 'Waitrose', 'time': datetime.datetime(2020, 9, 16, 10, 24, 12, 559297), 'category': 'Shampoo', 'id': 'tPp065299-33095-33096', 'prod_name': 'Frizz Ease Dream Curls Shampoo', 'waitrose_Qty': '250ml', 'waitrose_discounted_price': '£3.99', 'waitrose_offer_desc': 'Save 1/3.', 'waitrose_url': 'https://www.waitrose.com/ecom/shop/browse/groceries/toiletries_health_and_beauty/hair_care/shampoo', 'waitrose_rating': '5', 'waitrose_unit_price': '(£1.60/100ml)', 'waitrose_new_flag': None, 'waitrose_prod_name': 'Frizz Ease Dream Curls Shampoo 250ml', 'images': []}
DEBUG: Scraped from <200 https://www.waitrose.com/ecom/shop/browse/groceries/toiletries_health_and_beauty/hair_care/shampoo>
{'client': 'Waitrose', 'time': datetime.datetime(2020, 9, 16, 10, 24, 12, 559297), 'category': 'Shampoo', 'id': 'tPp725068-723986-723987', 'prod_name': 'Faith in Nature Lavender Shampoo', 'waitrose_Qty': '400ml', 'waitrose_discounted_price': '£3.86', 'waitrose_offer_desc': 'Save 1/3.', 'waitrose_url': 'https://www.waitrose.com/ecom/shop/browse/groceries/toiletries_health_and_beauty/hair_care/shampoo', 'waitrose_rating': None, 'waitrose_unit_price': '(96.5p/100ml)', 'waitrose_new_flag': None, 'waitrose_prod_name': 'Faith in Nature Lavender Shampoo 400ml', 'images': []}
DEBUG: Scraped from <200 https://www.waitrose.com/ecom/shop/browse/groceries/toiletries_health_and_beauty/hair_care/shampoo>
{'client': 'Waitrose', 'time': datetime.datetime(2020, 9, 16, 10, 24, 12, 559297), 'category': 'Shampoo', 'id': 'tPp755186-495024-495025', 'prod_name': 'DGJ Colour Save Shampoo', 'waitrose_Qty': '250ml', 'waitrose_discounted_price': '£2.50', 'waitrose_offer_desc': 'Half Price.', 'waitrose_url': 'https://www.waitrose.com/ecom/shop/browse/groceries/toiletries_health_and_beauty/hair_care/shampoo', 'waitrose_rating': None, 'waitrose_unit_price': '(£1/100ml)', 'waitrose_new_flag': None, 'waitrose_prod_name': 'DGJ Colour Save Shampoo 250ml', 'images': []}
DEBUG: Scraped from <200 https://www.waitrose.com/ecom/shop/browse/groceries/toiletries_health_and_beauty/hair_care/shampoo>
{'client': 'Waitrose', 'time': datetime.datetime(2020, 9, 16, 10, 24, 12, 559297), 'category': 'Shampoo', 'id': 'tPp407453-471203-471204', 'prod_name': 'Ogx Biotin & Collagen Shampoo', 'waitrose_Qty': '385ml', 'waitrose_discounted_price': '£7.00', 'waitrose_offer_desc': None, 'waitrose_url': 'https://www.waitrose.com/ecom/shop/browse/groceries/toiletries_health_and_beauty/hair_care/shampoo', 'waitrose_rating': None, 'waitrose_unit_price': '(£1.82/100ml)', 'waitrose_new_flag': None, 'waitrose_prod_name': 'Ogx Biotin & Collagen Shampoo 385ml', 'images': []}
DEBUG: Scraped from <200 https://www.waitrose.com/ecom/shop/browse/groceries/toiletries_health_and_beauty/hair_care/shampoo>
{'client': 'Waitrose', 'time': datetime.datetime(2020, 9, 16, 10, 24, 12, 559297), 'category': 'Shampoo', 'id': 'tPp855140-216863-216864', 'prod_name': 'Ogx Coconut Milk Shampoo', 'waitrose_Qty': '385ml', 'waitrose_discounted_price': '£7.00', 'waitrose_offer_desc': None, 'waitrose_url': 'https://www.waitrose.com/ecom/shop/browse/groceries/toiletries_health_and_beauty/hair_care/shampoo', 'waitrose_rating': '5', 'waitrose_unit_price': '(£1.82/100ml)', 'waitrose_new_flag': None, 'waitrose_prod_name': 'Ogx Coconut Milk Shampoo 385ml', 'images': []}
DEBUG: Scraped from <200 https://www.waitrose.com/ecom/shop/browse/groceries/toiletries_health_and_beauty/hair_care/shampoo>
{'client': 'Waitrose', 'time': datetime.datetime(2020, 9, 16, 10, 24, 12, 559297), 'category': 'Shampoo', 'id': 'tPp740653-352034-352035', 'prod_name': 'essential Waitrose Anti-Dandruff 2 in 1', 'waitrose_Qty': '300ml', 'waitrose_discounted_price': '£1.00', 'waitrose_offer_desc': 'Featured Product', 'waitrose_url': 'https://www.waitrose.com/ecom/shop/browse/groceries/toiletries_health_and_beauty/hair_care/shampoo', 'waitrose_rating': '4', 'waitrose_unit_price': '(33.3p/100ml)', 'waitrose_new_flag': None, 'waitrose_prod_name': 'essential Waitrose Anti-Dandruff 2 in 1 300ml', 'images': []}
DEBUG: Scraped from <200 https://www.waitrose.com/ecom/shop/browse/groceries/toiletries_health_and_beauty/hair_care/shampoo>
{'client': 'Waitrose', 'time': datetime.datetime(2020, 9, 16, 10, 24, 12, 559297), 'category': 'Shampoo', 'id': 'tPp755349-720291-720292', 'prod_name': 'Herbal Essences Aloe & Mango Shampoo', 'waitrose_Qty': '380ml', 'waitrose_discounted_price': '£4.50', 'waitrose_offer_desc': None, 'waitrose_url': 'https://www.waitrose.com/ecom/shop/browse/groceries/toiletries_health_and_beauty/hair_care/shampoo', 'waitrose_rating': None, 'waitrose_unit_price': '(£1.19/100ml)', 'waitrose_new_flag': None, 'waitrose_prod_name': 'Herbal Essences Aloe & Mango Shampoo 380ml', 'images': []}
DEBUG: Scraped from <200 https://www.waitrose.com/ecom/shop/browse/groceries/toiletries_health_and_beauty/hair_care/shampoo>
{'client': 'Waitrose', 'time': datetime.datetime(2020, 9, 16, 10, 24, 12, 559297), 'category': 'Shampoo', 'id': 'tPp427668-591713-591714', 'prod_name': 'Herbal Essences Hydrate Shampoo', 'waitrose_Qty': '400ml', 'waitrose_discounted_price': '£4.50', 'waitrose_offer_desc': None, 'waitrose_url': 'https://www.waitrose.com/ecom/shop/browse/groceries/toiletries_health_and_beauty/hair_care/shampoo', 'waitrose_rating': '5', 'waitrose_unit_price': '(£1.13/100ml)', 'waitrose_new_flag': None, 'waitrose_prod_name': 'Herbal Essences Hydrate Shampoo 400ml', 'images': []}
DEBUG: Scraped from <200 https://www.waitrose.com/ecom/shop/browse/groceries/toiletries_health_and_beauty/hair_care/shampoo>
{'client': 'Waitrose', 'time': datetime.datetime(2020, 9, 16, 10, 24, 12, 559297), 'category': 'Shampoo', 'id': 'tPp051100-25409-25410', 'prod_name': 'Sheer Blonde Moisturising Shampoo', 'waitrose_Qty': '250ml', 'waitrose_discounted_price': '£3.99', 'waitrose_offer_desc': 'Save 1/3.', 'waitrose_url': 'https://www.waitrose.com/ecom/shop/browse/groceries/toiletries_health_and_beauty/hair_care/shampoo', 'waitrose_rating': '3', 'waitrose_unit_price': '(£1.60/100ml)', 'waitrose_new_flag': None, 'waitrose_prod_name': 'Sheer Blonde Moisturising Shampoo 250ml', 'images': []}
DEBUG: Scraped from <200 https://www.waitrose.com/ecom/shop/browse/groceries/toiletries_health_and_beauty/hair_care/shampoo>
{'client': 'Waitrose', 'time': datetime.datetime(2020, 9, 16, 10, 24, 12, 559297), 'category': 'Shampoo', 'id': 'tPp735751-154731-154732', 'prod_name': 'Aussie aussome volume shampoo', 'waitrose_Qty': '500ml', 'waitrose_discounted_price': '£6.10', 'waitrose_offer_desc': None, 'waitrose_url': 'https://www.waitrose.com/ecom/shop/browse/groceries/toiletries_health_and_beauty/hair_care/shampoo', 'waitrose_rating': None, 'waitrose_unit_price': '(£1.22/100ml)', 'waitrose_new_flag': None, 'waitrose_prod_name': 'Aussie aussome volume shampoo 500ml', 'images': []}
DEBUG: Scraped from <200 https://www.waitrose.com/ecom/shop/browse/groceries/toiletries_health_and_beauty/hair_care/shampoo>
{'client': 'Waitrose', 'time': datetime.datetime(2020, 9, 16, 10, 24, 12, 559297), 'category': 'Shampoo', 'id': 'tPp657721-694179-694180', 'prod_name': 'Pantene 3 in 1 Classic Clean', 'waitrose_Qty': '450ml', 'waitrose_discounted_price': '£3.75', 'waitrose_offer_desc': None, 'waitrose_url': 'https://www.waitrose.com/ecom/shop/browse/groceries/toiletries_health_and_beauty/hair_care/shampoo', 'waitrose_rating': None, 'waitrose_unit_price': '(83.3p/100ml)', 'waitrose_new_flag': None, 'waitrose_prod_name': 'Pantene 3 in 1 Classic Clean 450ml', 'images': []}
DEBUG: Scraped from <200 https://www.waitrose.com/ecom/shop/browse/groceries/toiletries_health_and_beauty/hair_care/shampoo>
{'client': 'Waitrose', 'time': datetime.datetime(2020, 9, 16, 10, 24, 12, 559297), 'category': 'Shampoo', 'id': 'tPp755068-720289-720290', 'prod_name': 'Herbal Essences Aloe Hemp Shampoo', 'waitrose_Qty': '380ml', 'waitrose_discounted_price': '£4.50', 'waitrose_offer_desc': None, 'waitrose_url': 'https://www.waitrose.com/ecom/shop/browse/groceries/toiletries_health_and_beauty/hair_care/shampoo', 'waitrose_rating': None, 'waitrose_unit_price': '(£1.19/100ml)', 'waitrose_new_flag': None, 'waitrose_prod_name': 'Herbal Essences Aloe Hemp Shampoo 380ml', 'images': []}
DEBUG: Scraped from <200 https://www.waitrose.com/ecom/shop/browse/groceries/toiletries_health_and_beauty/hair_care/shampoo>
{'client': 'Waitrose', 'time': datetime.datetime(2020, 9, 16, 10, 24, 12, 559297), 'category': 'Shampoo', 'id': 'tPp725372-631511-631512', 'prod_name': 'Hask Moni Coconut Oil Shampoo', 'waitrose_Qty': '355ml', 'waitrose_discounted_price': '£4.66', 'waitrose_offer_desc': 'Save 1/3.', 'waitrose_url': 'https://www.waitrose.com/ecom/shop/browse/groceries/toiletries_health_and_beauty/hair_care/shampoo', 'waitrose_rating': None, 'waitrose_unit_price': '(£1.32/100ml)', 'waitrose_new_flag': None, 'waitrose_prod_name': 'Hask Moni Coconut Oil Shampoo 355ml', 'images': []}
DEBUG: Scraped from <200 https://www.waitrose.com/ecom/shop/browse/groceries/toiletries_health_and_beauty/hair_care/shampoo>
{'client': 'Waitrose', 'time': datetime.datetime(2020, 9, 16, 10, 24, 12, 559297), 'category': 'Shampoo', 'id': 'tPp844892-695845-695846', 'prod_name': 'Head & Shoulders Colour Protect', 'waitrose_Qty': '400ml', 'waitrose_discounted_price': '£3.33', 'waitrose_offer_desc': 'Save 1/3.', 'waitrose_url': 'https://www.waitrose.com/ecom/shop/browse/groceries/toiletries_health_and_beauty/hair_care/shampoo', 'waitrose_rating': None, 'waitrose_unit_price': '(83.3p/100ml)', 'waitrose_new_flag': None, 'waitrose_prod_name': 'Head & Shoulders Colour Protect 400ml', 'images': []}
DEBUG: Scraped from <200 https://www.waitrose.com/ecom/shop/browse/groceries/toiletries_health_and_beauty/hair_care/shampoo>
{'client': 'Waitrose', 'time': datetime.datetime(2020, 9, 16, 10, 24, 12, 559297), 'category': 'Shampoo', 'id': 'tPp703131-695681-695682', 'prod_name': 'Head & Shoulders Repair Shampoo', 'waitrose_Qty': '400ml', 'waitrose_discounted_price': '£3.33', 'waitrose_offer_desc': 'Save 1/3.', 'waitrose_url': 'https://www.waitrose.com/ecom/shop/browse/groceries/toiletries_health_and_beauty/hair_care/shampoo', 'waitrose_rating': '4', 'waitrose_unit_price': '(83.3p/100ml)', 'waitrose_new_flag': None, 'waitrose_prod_name': 'Head & Shoulders Repair Shampoo 400ml', 'images': []}
DEBUG: Scraped from <200 https://www.waitrose.com/ecom/shop/browse/groceries/toiletries_health_and_beauty/hair_care/shampoo>
{'client': 'Waitrose', 'time': datetime.datetime(2020, 9, 16, 10, 24, 12, 559297), 'category': 'Shampoo', 'id': 'tPp435635-694165-694166', 'prod_name': 'Pantene Classic Clean Shampoo', 'waitrose_Qty': '500ml', 'waitrose_discounted_price': '£5.15', 'waitrose_offer_desc': None, 'waitrose_url': 'https://www.waitrose.com/ecom/shop/browse/groceries/toiletries_health_and_beauty/hair_care/shampoo', 'waitrose_rating': None, 'waitrose_unit_price': '(£1.03/100ml)', 'waitrose_new_flag': None, 'waitrose_prod_name': 'Pantene Classic Clean Shampoo 500ml', 'images': []}
DEBUG: Scraped from <200 https://www.waitrose.com/ecom/shop/browse/groceries/toiletries_health_and_beauty/hair_care/shampoo>
{'client': 'Waitrose', 'time': datetime.datetime(2020, 9, 16, 10, 24, 12, 559297), 'category': 'Shampoo', 'id': 'tPp464815-154487-154488', 'prod_name': 'Batiste original dry shampoo', 'waitrose_Qty': '200ml', 'waitrose_discounted_price': '£3.00', 'waitrose_offer_desc': None, 'waitrose_url': 'https://www.waitrose.com/ecom/shop/browse/groceries/toiletries_health_and_beauty/hair_care/shampoo', 'waitrose_rating': '5', 'waitrose_unit_price': '(£1.50/100ml)', 'waitrose_new_flag': None, 'waitrose_prod_name': 'Batiste original dry shampoo 200ml', 'images': []}
DEBUG: Scraped from <200 https://www.waitrose.com/ecom/shop/browse/groceries/toiletries_health_and_beauty/hair_care/shampoo>
{'client': 'Waitrose', 'time': datetime.datetime(2020, 9, 16, 10, 24, 12, 559297), 'category': 'Shampoo', 'id': 'tPp547359-720175-720176', 'prod_name': 'Maui Moisture Bamboo Shampoo', 'waitrose_Qty': '385ml', 'waitrose_discounted_price': '£6.00', 'waitrose_offer_desc': 'Save 1/3.', 'waitrose_url': 'https://www.waitrose.com/ecom/shop/browse/groceries/toiletries_health_and_beauty/hair_care/shampoo', 'waitrose_rating': '5', 'waitrose_unit_price': '(£1.56/100ml)', 'waitrose_new_flag': None, 'waitrose_prod_name': 'Maui Moisture Bamboo Shampoo 385ml', 'images': []}
DEBUG: Scraped from <200 https://www.waitrose.com/ecom/shop/browse/groceries/toiletries_health_and_beauty/hair_care/shampoo>
{'client': 'Waitrose', 'time': datetime.datetime(2020, 9, 16, 10, 24, 12, 559297), 'category': 'Shampoo', 'id': 'tPp645178-695617-695618', 'prod_name': 'John Frieda Shampoo Weightless Wonder', 'waitrose_Qty': '250ml', 'waitrose_discounted_price': '£3.99', 'waitrose_offer_desc': 'Save 1/3.', 'waitrose_url': 'https://www.waitrose.com/ecom/shop/browse/groceries/toiletries_health_and_beauty/hair_care/shampoo', 'waitrose_rating': '4.6', 'waitrose_unit_price': '(£1.60/100ml)', 'waitrose_new_flag': None, 'waitrose_prod_name': 'John Frieda Shampoo Weightless Wonder 250ml', 'images': []}
DEBUG: Scraped from <200 https://www.waitrose.com/ecom/shop/browse/groceries/toiletries_health_and_beauty/hair_care/shampoo>
{'client': 'Waitrose', 'time': datetime.datetime(2020, 9, 16, 10, 24, 12, 559297), 'category': 'Shampoo', 'id': 'tPp687186-337057-337058', 'prod_name': 'Argan + Argan Oil Rejuvenating Shampoo', 'waitrose_Qty': '300ml', 'waitrose_discounted_price': '£4.00', 'waitrose_offer_desc': 'Save 1/3.', 'waitrose_url': 'https://www.waitrose.com/ecom/shop/browse/groceries/toiletries_health_and_beauty/hair_care/shampoo', 'waitrose_rating': '5', 'waitrose_unit_price': '(£1.34/100ml)', 'waitrose_new_flag': None, 'waitrose_prod_name': 'Argan + Argan Oil Rejuvenating Shampoo 300ml', 'images': []}
DEBUG: Scraped from <200 https://www.waitrose.com/ecom/shop/browse/groceries/toiletries_health_and_beauty/hair_care/shampoo>
{'client': 'Waitrose', 'time': datetime.datetime(2020, 9, 16, 10, 24, 12, 559297), 'category': 'Shampoo', 'id': 'tPp886458-216893-216894', 'prod_name': 'Ogx Brazilian Keratin Shampoo', 'waitrose_Qty': '385ml', 'waitrose_discounted_price': '£7.00', 'waitrose_offer_desc': None, 'waitrose_url': 'https://www.waitrose.com/ecom/shop/browse/groceries/toiletries_health_and_beauty/hair_care/shampoo', 'waitrose_rating': '5', 'waitrose_unit_price': '(£1.82/100ml)', 'waitrose_new_flag': None, 'waitrose_prod_name': 'Ogx Brazilian Keratin Shampoo 385ml', 'images': []}
DEBUG: Scraped from <200 https://www.waitrose.com/ecom/shop/browse/groceries/toiletries_health_and_beauty/hair_care/shampoo>
{'client': 'Waitrose', 'time': datetime.datetime(2020, 9, 16, 10, 24, 12, 559297), 'category': 'Shampoo', 'id': 'tPp884562-720413-720414', 'prod_name': 'Maui Moisture Shea Butter Shampoo', 'waitrose_Qty': '385ml', 'waitrose_discounted_price': '£6.00', 'waitrose_offer_desc': 'Save 1/3.', 'waitrose_url': 'https://www.waitrose.com/ecom/shop/browse/groceries/toiletries_health_and_beauty/hair_care/shampoo', 'waitrose_rating': None, 'waitrose_unit_price': '(£1.56/100ml)', 'waitrose_new_flag': None, 'waitrose_prod_name': 'Maui Moisture Shea Butter Shampoo 385ml', 'images': []}
DEBUG: Scraped from <200 https://www.waitrose.com/ecom/shop/browse/groceries/toiletries_health_and_beauty/hair_care/shampoo>
{'client': 'Waitrose', 'time': datetime.datetime(2020, 9, 16, 10, 24, 12, 559297), 'category': 'Shampoo', 'id': 'tPp530991-695493-695494', 'prod_name': 'John Frieda Shampoo Detox & Repair', 'waitrose_Qty': '250ml', 'waitrose_discounted_price': '£3.99', 'waitrose_offer_desc': 'Save 1/3.', 'waitrose_url': 'https://www.waitrose.com/ecom/shop/browse/groceries/toiletries_health_and_beauty/hair_care/shampoo', 'waitrose_rating': None, 'waitrose_unit_price': '(£1.60/100ml)', 'waitrose_new_flag': None, 'waitrose_prod_name': 'John Frieda Shampoo Detox & Repair 250ml', 'images': []}
DEBUG: Scraped from <200 https://www.waitrose.com/ecom/shop/browse/groceries/toiletries_health_and_beauty/hair_care/shampoo>
{'client': 'Waitrose', 'time': datetime.datetime(2020, 9, 16, 10, 24, 12, 559297), 'category': 'Shampoo', 'id': 'tPp480728-631267-631268', 'prod_name': 'Ogx Orchid Oil Shampoo', 'waitrose_Qty': '385ml', 'waitrose_discounted_price': '£7.00', 'waitrose_offer_desc': None, 'waitrose_url': 'https://www.waitrose.com/ecom/shop/browse/groceries/toiletries_health_and_beauty/hair_care/shampoo', 'waitrose_rating': '5', 'waitrose_unit_price': '(£1.82/100ml)', 'waitrose_new_flag': None, 'waitrose_prod_name': 'Ogx Orchid Oil Shampoo 385ml', 'images': []}
DEBUG: Scraped from <200 https://www.waitrose.com/ecom/shop/browse/groceries/toiletries_health_and_beauty/hair_care/shampoo>
{'client': 'Waitrose', 'time': datetime.datetime(2020, 9, 16, 10, 24, 12, 559297), 'category': 'Shampoo', 'id': 'tPp649492-695625-695626', 'prod_name': 'Vosene Kids 2in1 Melon Shampoo', 'waitrose_Qty': '250ml', 'waitrose_discounted_price': '£1.33', 'waitrose_offer_desc': 'Save 1/3.', 'waitrose_url': 'https://www.waitrose.com/ecom/shop/browse/groceries/toiletries_health_and_beauty/hair_care/shampoo', 'waitrose_rating': None, 'waitrose_unit_price': '(53.2p/100ml)', 'waitrose_new_flag': None, 'waitrose_prod_name': 'Vosene Kids 2in1 Melon Shampoo 250ml', 'images': []}
DEBUG: Scraped from <200 https://www.waitrose.com/ecom/shop/browse/groceries/toiletries_health_and_beauty/hair_care/shampoo>
{'client': 'Waitrose', 'time': datetime.datetime(2020, 9, 16, 10, 24, 12, 559297), 'category': 'Shampoo', 'id': 'tPp402915-526384-526385', 'prod_name': 'John Frieda Violet Crush Shampoo', 'waitrose_Qty': '250ml', 'waitrose_discounted_price': '£3.99', 'waitrose_offer_desc': 'Save 1/3.', 'waitrose_url': 'https://www.waitrose.com/ecom/shop/browse/groceries/toiletries_health_and_beauty/hair_care/shampoo', 'waitrose_rating': '5', 'waitrose_unit_price': '(£1.60/100ml)', 'waitrose_new_flag': None, 'waitrose_prod_name': 'John Frieda Violet Crush Shampoo 250ml', 'images': []}
DEBUG: Scraped from <200 https://www.waitrose.com/ecom/shop/browse/groceries/toiletries_health_and_beauty/hair_care/shampoo>
{'client': 'Waitrose', 'time': datetime.datetime(2020, 9, 16, 10, 24, 12, 559297), 'category': 'Shampoo', 'id': 'tPp582132-472091-472092', 'prod_name': 'Ogx Argan Oil Morocco Shampoo', 'waitrose_Qty': '385ml', 'waitrose_discounted_price': '£7.00', 'waitrose_offer_desc': None, 'waitrose_url': 'https://www.waitrose.com/ecom/shop/browse/groceries/toiletries_health_and_beauty/hair_care/shampoo', 'waitrose_rating': '4', 'waitrose_unit_price': '(£1.82/100ml)', 'waitrose_new_flag': None, 'waitrose_prod_name': 'Ogx Argan Oil Morocco Shampoo 385ml', 'images': []}
DEBUG: Scraped from <200 https://www.waitrose.com/ecom/shop/browse/groceries/toiletries_health_and_beauty/hair_care/shampoo>
{'client': 'Waitrose', 'time': datetime.datetime(2020, 9, 16, 10, 24, 12, 559297), 'category': 'Shampoo', 'id': 'tPp486943-68769-68770', 'prod_name': 'Head & Shoulders 2in1 classic clean', 'waitrose_Qty': '225ml', 'waitrose_discounted_price': '£3.00', 'waitrose_offer_desc': None, 'waitrose_url': 'https://www.waitrose.com/ecom/shop/browse/groceries/toiletries_health_and_beauty/hair_care/shampoo', 'waitrose_rating': '4', 'waitrose_unit_price': '(£1.34/100ml)', 'waitrose_new_flag': None, 'waitrose_prod_name': 'Head & Shoulders 2in1 classic clean 225ml', 'images': []}
DEBUG: Scraped from <200 https://www.waitrose.com/ecom/shop/browse/groceries/toiletries_health_and_beauty/hair_care/shampoo>
{'client': 'Waitrose', 'time': datetime.datetime(2020, 9, 16, 10, 24, 12, 559297), 'category': 'Shampoo', 'id': 'tPp839781-154875-154876', 'prod_name': 'Aussie miracle moist shampoo', 'waitrose_Qty': '500ml', 'waitrose_discounted_price': '£6.15', 'waitrose_offer_desc': None, 'waitrose_url': 'https://www.waitrose.com/ecom/shop/browse/groceries/toiletries_health_and_beauty/hair_care/shampoo', 'waitrose_rating': None, 'waitrose_unit_price': '(£1.23/100ml)', 'waitrose_new_flag': None, 'waitrose_prod_name': 'Aussie miracle moist shampoo 500ml', 'images': []}
DEBUG: Scraped from <200 https://www.waitrose.com/ecom/shop/browse/groceries/toiletries_health_and_beauty/hair_care/shampoo>
{'client': 'Waitrose', 'time': datetime.datetime(2020, 9, 16, 10, 24, 12, 559297), 'category': 'Shampoo', 'id': 'tPp711843-717497-717498', 'prod_name': "L'Oreal Elvive Colour Shampoo", 'waitrose_Qty': '400ml', 'waitrose_discounted_price': '£3.75', 'waitrose_offer_desc': None, 'waitrose_url': 'https://www.waitrose.com/ecom/shop/browse/groceries/toiletries_health_and_beauty/hair_care/shampoo', 'waitrose_rating': None, 'waitrose_unit_price': '(93.8p/100ml)', 'waitrose_new_flag': None, 'waitrose_prod_name': "L'Oreal Elvive Colour Shampoo 400ml", 'images': []}
DEBUG: Scraped from <200 https://www.waitrose.com/ecom/shop/browse/groceries/toiletries_health_and_beauty/hair_care/shampoo>
{'client': 'Waitrose', 'time': datetime.datetime(2020, 9, 16, 10, 24, 12, 559297), 'category': 'Shampoo', 'id': 'tPp836753-694201-694202', 'prod_name': 'Pantene Volume & Body Shampoo', 'waitrose_Qty': '500ml', 'waitrose_discounted_price': '£5.15', 'waitrose_offer_desc': None, 'waitrose_url': 'https://www.waitrose.com/ecom/shop/browse/groceries/toiletries_health_and_beauty/hair_care/shampoo', 'waitrose_rating': '4', 'waitrose_unit_price': '(£1.03/100ml)', 'waitrose_new_flag': None, 'waitrose_prod_name': 'Pantene Volume & Body Shampoo 500ml', 'images': []}
DEBUG: Scraped from <200 https://www.waitrose.com/ecom/shop/browse/groceries/toiletries_health_and_beauty/hair_care/shampoo>
{'client': 'Waitrose', 'time': datetime.datetime(2020, 9, 16, 10, 24, 12, 559297), 'category': 'Shampoo', 'id': 'tPp824583-694195-694196', 'prod_name': 'Pantene Repair & Protect Shampoo', 'waitrose_Qty': '500ml', 'waitrose_discounted_price': '£3.75', 'waitrose_offer_desc': None, 'waitrose_url': 'https://www.waitrose.com/ecom/shop/browse/groceries/toiletries_health_and_beauty/hair_care/shampoo', 'waitrose_rating': None, 'waitrose_unit_price': '(75p/100ml)', 'waitrose_new_flag': None, 'waitrose_prod_name': 'Pantene Repair & Protect Shampoo 500ml', 'images': []}
DEBUG: Scraped from <200 https://www.waitrose.com/ecom/shop/browse/groceries/toiletries_health_and_beauty/hair_care/shampoo>
{'client': 'Waitrose', 'time': datetime.datetime(2020, 9, 16, 10, 24, 12, 559297), 'category': 'Shampoo', 'id': 'tPp757780-107799-107800', 'prod_name': 'Head & Shoulders 2in1 Classic Clean', 'waitrose_Qty': '450ml', 'waitrose_discounted_price': '£5.15', 'waitrose_offer_desc': None, 'waitrose_url': 'https://www.waitrose.com/ecom/shop/browse/groceries/toiletries_health_and_beauty/hair_care/shampoo', 'waitrose_rating': '4', 'waitrose_unit_price': '(£1.15/100ml)', 'waitrose_new_flag': None, 'waitrose_prod_name': 'Head & Shoulders 2in1 Classic Clean 450ml', 'images': []}
DEBUG: Scraped from <200 https://www.waitrose.com/ecom/shop/browse/groceries/toiletries_health_and_beauty/hair_care/shampoo>
{'client': 'Waitrose', 'time': datetime.datetime(2020, 9, 16, 10, 24, 12, 559297), 'category': 'Shampoo', 'id': 'tPp810302-683828-683829', 'prod_name': 'Herbal Essences Deep Repair Shampoo', 'waitrose_Qty': '400ml', 'waitrose_discounted_price': '£4.50', 'waitrose_offer_desc': None, 'waitrose_url': 'https://www.waitrose.com/ecom/shop/browse/groceries/toiletries_health_and_beauty/hair_care/shampoo', 'waitrose_rating': None, 'waitrose_unit_price': '(£1.13/100ml)', 'waitrose_new_flag': None, 'waitrose_prod_name': 'Herbal Essences Deep Repair Shampoo 400ml', 'images': []}
DEBUG: Scraped from <200 https://www.waitrose.com/ecom/shop/browse/groceries/toiletries_health_and_beauty/hair_care/shampoo>
{'client': 'Waitrose', 'time': datetime.datetime(2020, 9, 16, 10, 24, 12, 559297), 'category': 'Shampoo', 'id': 'tPp502050-631293-631294', 'prod_name': 'Hask Argan Oil Repairing Shampoo', 'waitrose_Qty': '355ml', 'waitrose_discounted_price': '£4.66', 'waitrose_offer_desc': 'Save 1/3.', 'waitrose_url': 'https://www.waitrose.com/ecom/shop/browse/groceries/toiletries_health_and_beauty/hair_care/shampoo', 'waitrose_rating': '3.7', 'waitrose_unit_price': '(£1.32/100ml)', 'waitrose_new_flag': None, 'waitrose_prod_name': 'Hask Argan Oil Repairing Shampoo 355ml', 'images': []}
DEBUG: Scraped from <200 https://www.waitrose.com/ecom/shop/browse/groceries/toiletries_health_and_beauty/hair_care/shampoo>
{'client': 'Waitrose', 'time': datetime.datetime(2020, 9, 16, 10, 24, 12, 559297), 'category': 'Shampoo', 'id': 'tPp062495-31737-31738', 'prod_name': 'Neutrogena T/Gel shampoo dry hair', 'waitrose_Qty': '125ml', 'waitrose_discounted_price': '£5.15', 'waitrose_offer_desc': None, 'waitrose_url': 'https://www.waitrose.com/ecom/shop/browse/groceries/toiletries_health_and_beauty/hair_care/shampoo', 'waitrose_rating': None, 'waitrose_unit_price': '(£4.12/100ml)', 'waitrose_new_flag': None, 'waitrose_prod_name': 'Neutrogena T/Gel shampoo dry hair 125ml', 'images': []}
DEBUG: Scraped from <200 https://www.waitrose.com/ecom/shop/browse/groceries/toiletries_health_and_beauty/hair_care/shampoo>
{'client': 'Waitrose', 'time': datetime.datetime(2020, 9, 16, 10, 24, 12, 559297), 'category': 'Shampoo', 'id': 'tPp853982-154925-154926', 'prod_name': 'Batiste blush dry shampoo', 'waitrose_Qty': '200ml', 'waitrose_discounted_price': '£3.00', 'waitrose_offer_desc': None, 'waitrose_url': 'https://www.waitrose.com/ecom/shop/browse/groceries/toiletries_health_and_beauty/hair_care/shampoo', 'waitrose_rating': '4', 'waitrose_unit_price': '(£1.50/100ml)', 'waitrose_new_flag': None, 'waitrose_prod_name': 'Batiste blush dry shampoo 200ml', 'images': []}
DEBUG: Scraped from <200 https://www.waitrose.com/ecom/shop/browse/groceries/toiletries_health_and_beauty/hair_care/shampoo>
{'client': 'Waitrose', 'time': datetime.datetime(2020, 9, 16, 10, 24, 12, 559297), 'category': 'Shampoo', 'id': 'tPp808436-720325-720326', 'prod_name': 'Hask Biotin Boost Shampoo', 'waitrose_Qty': '355ml', 'waitrose_discounted_price': '£4.66', 'waitrose_offer_desc': 'Save 1/3.', 'waitrose_url': 'https://www.waitrose.com/ecom/shop/browse/groceries/toiletries_health_and_beauty/hair_care/shampoo', 'waitrose_rating': None, 'waitrose_unit_price': '(£1.32/100ml)', 'waitrose_new_flag': None, 'waitrose_prod_name': 'Hask Biotin Boost Shampoo 355ml', 'images': []}
DEBUG: Scraped from <200 https://www.waitrose.com/ecom/shop/browse/groceries/toiletries_health_and_beauty/hair_care/shampoo>
{'client': 'Waitrose', 'time': datetime.datetime(2020, 9, 16, 10, 24, 12, 559297), 'category': 'Shampoo', 'id': 'tPp527154-720165-720166', 'prod_name': 'Maui Moisture Hibiscus Water', 'waitrose_Qty': '385ml', 'waitrose_discounted_price': '£6.00', 'waitrose_offer_desc': 'Save 1/3.', 'waitrose_url': 'https://www.waitrose.com/ecom/shop/browse/groceries/toiletries_health_and_beauty/hair_care/shampoo', 'waitrose_rating': None, 'waitrose_unit_price': '(£1.56/100ml)', 'waitrose_new_flag': None, 'waitrose_prod_name': 'Maui Moisture Hibiscus Water 385ml', 'images': []}
DEBUG: Scraped from <200 https://www.waitrose.com/ecom/shop/browse/groceries/toiletries_health_and_beauty/hair_care/shampoo>
{'client': 'Waitrose', 'time': datetime.datetime(2020, 9, 16, 10, 24, 12, 559297), 'category': 'Shampoo', 'id': 'tPp852396-695857-695858', 'prod_name': 'BECO. Honey Blossom Shampoo Bar', 'waitrose_Qty': '90g', 'waitrose_discounted_price': '£4.00', 'waitrose_offer_desc': None, 'waitrose_url': 'https://www.waitrose.com/ecom/shop/browse/groceries/toiletries_health_and_beauty/hair_care/shampoo', 'waitrose_rating': '4.9', 'waitrose_unit_price': '(£4.45/100g)', 'waitrose_new_flag': None, 'waitrose_prod_name': 'BECO. Honey Blossom Shampoo Bar 90g', 'images': []}
DEBUG: Scraped from <200 https://www.waitrose.com/ecom/shop/browse/groceries/toiletries_health_and_beauty/hair_care/shampoo>
{'client': 'Waitrose', 'time': datetime.datetime(2020, 9, 16, 10, 24, 12, 559297), 'category': 'Shampoo', 'id': 'tPp047805-23664-23665', 'prod_name': 'Avalon Organics tea tree shampoo', 'waitrose_Qty': '325ml', 'waitrose_discounted_price': '£7.00', 'waitrose_offer_desc': None, 'waitrose_url': 'https://www.waitrose.com/ecom/shop/browse/groceries/toiletries_health_and_beauty/hair_care/shampoo', 'waitrose_rating': '4.9', 'waitrose_unit_price': '(£2.16/100ml)', 'waitrose_new_flag': None, 'waitrose_prod_name': 'Avalon Organics tea tree shampoo 325ml', 'images': []}
DEBUG: Scraped from <200 https://www.waitrose.com/ecom/shop/browse/groceries/toiletries_health_and_beauty/hair_care/shampoo>
{'client': 'Waitrose', 'time': datetime.datetime(2020, 9, 16, 10, 24, 12, 559297), 'category': 'Shampoo', 'id': 'tPp484035-715885-715886', 'prod_name': "L'Oreal Elvive Oil Nourishing Shampoo", 'waitrose_Qty': '400ml', 'waitrose_discounted_price': '£3.75', 'waitrose_offer_desc': None, 'waitrose_url': 'https://www.waitrose.com/ecom/shop/browse/groceries/toiletries_health_and_beauty/hair_care/shampoo', 'waitrose_rating': None, 'waitrose_unit_price': '(93.8p/100ml)', 'waitrose_new_flag': None, 'waitrose_prod_name': "L'Oreal Elvive Oil Nourishing Shampoo 400ml", 'images': []}
DEBUG: Scraped from <200 https://www.waitrose.com/ecom/shop/browse/groceries/toiletries_health_and_beauty/hair_care/shampoo>
{'client': 'Waitrose', 'time': datetime.datetime(2020, 9, 16, 10, 24, 12, 559297), 'category': 'Shampoo', 'id': 'tPp882824-154983-154984', 'prod_name': 'Head & Shoulders itchy scalp shampoo', 'waitrose_Qty': '500ml', 'waitrose_discounted_price': '£5.15', 'waitrose_offer_desc': None, 'waitrose_url': 'https://www.waitrose.com/ecom/shop/browse/groceries/toiletries_health_and_beauty/hair_care/shampoo', 'waitrose_rating': '5', 'waitrose_unit_price': '(£1.03/100ml)', 'waitrose_new_flag': None, 'waitrose_prod_name': 'Head & Shoulders itchy scalp shampoo 500ml', 'images': []}
DEBUG: Scraped from <200 https://www.waitrose.com/ecom/shop/browse/groceries/toiletries_health_and_beauty/hair_care/shampoo>
{'client': 'Waitrose', 'time': datetime.datetime(2020, 9, 16, 10, 24, 12, 559297), 'category': 'Shampoo', 'id': 'tPp662395-154665-154666', 'prod_name': 'Aussie colour mate shampoo', 'waitrose_Qty': '500ml', 'waitrose_discounted_price': '£6.15', 'waitrose_offer_desc': None, 'waitrose_url': 'https://www.waitrose.com/ecom/shop/browse/groceries/toiletries_health_and_beauty/hair_care/shampoo', 'waitrose_rating': None, 'waitrose_unit_price': '(£1.23/100ml)', 'waitrose_new_flag': None, 'waitrose_prod_name': 'Aussie colour mate shampoo 500ml', 'images': []}
DEBUG: Scraped from <200 https://www.waitrose.com/ecom/shop/browse/groceries/toiletries_health_and_beauty/hair_care/shampoo>
{'client': 'Waitrose', 'time': datetime.datetime(2020, 9, 16, 10, 24, 12, 559297), 'category': 'Shampoo', 'id': 'tPp756229-563906-563907', 'prod_name': 'Head & Shoulders 2 in 1 Total Care', 'waitrose_Qty': '225ml', 'waitrose_discounted_price': '£3.00', 'waitrose_offer_desc': None, 'waitrose_url': 'https://www.waitrose.com/ecom/shop/browse/groceries/toiletries_health_and_beauty/hair_care/shampoo', 'waitrose_rating': None, 'waitrose_unit_price': '(£1.34/100ml)', 'waitrose_new_flag': None, 'waitrose_prod_name': 'Head & Shoulders 2 in 1 Total Care 225ml', 'images': []}
DEBUG: Scraped from <200 https://www.waitrose.com/ecom/shop/browse/groceries/toiletries_health_and_beauty/hair_care/shampoo>
{'client': 'Waitrose', 'time': datetime.datetime(2020, 9, 16, 10, 24, 12, 559297), 'category': 'Shampoo', 'id': 'tPp807825-473364-473365', 'prod_name': 'SenSpa Deep Cleanse Shampoo', 'waitrose_Qty': '250ml', 'waitrose_discounted_price': '£4.00', 'waitrose_offer_desc': 'Save 1/3.', 'waitrose_url': 'https://www.waitrose.com/ecom/shop/browse/groceries/toiletries_health_and_beauty/hair_care/shampoo', 'waitrose_rating': '3.7', 'waitrose_unit_price': '(£1.60/100ml)', 'waitrose_new_flag': None, 'waitrose_prod_name': 'SenSpa Deep Cleanse Shampoo 250ml', 'images': []}
DEBUG: Scraped from <200 https://www.waitrose.com/ecom/shop/browse/groceries/toiletries_health_and_beauty/hair_care/shampoo>
{'client': 'Waitrose', 'time': datetime.datetime(2020, 9, 16, 10, 24, 12, 559297), 'category': 'Shampoo', 'id': 'tPp790782-694215-694216', 'prod_name': 'Pantene 3in1 Smooth & Sleek', 'waitrose_Qty': '450ml', 'waitrose_discounted_price': '£3.75', 'waitrose_offer_desc': None, 'waitrose_url': 'https://www.waitrose.com/ecom/shop/browse/groceries/toiletries_health_and_beauty/hair_care/shampoo', 'waitrose_rating': None, 'waitrose_unit_price': '(83.3p/100ml)', 'waitrose_new_flag': None, 'waitrose_prod_name': 'Pantene 3in1 Smooth & Sleek 450ml', 'images': []}
DEBUG: Scraped from <200 https://www.waitrose.com/ecom/shop/browse/groceries/toiletries_health_and_beauty/hair_care/shampoo>
{'client': 'Waitrose', 'time': datetime.datetime(2020, 9, 16, 10, 24, 12, 559297), 'category': 'Shampoo', 'id': 'tPp821139-694191-694192', 'prod_name': 'Pantene Smooth & Sleek Shampoo', 'waitrose_Qty': '500ml', 'waitrose_discounted_price': '£5.15', 'waitrose_offer_desc': None, 'waitrose_url': 'https://www.waitrose.com/ecom/shop/browse/groceries/toiletries_health_and_beauty/hair_care/shampoo', 'waitrose_rating': None, 'waitrose_unit_price': '(£1.03/100ml)', 'waitrose_new_flag': None, 'waitrose_prod_name': 'Pantene Smooth & Sleek Shampoo 500ml', 'images': []}
DEBUG: Scraped from <200 https://www.waitrose.com/ecom/shop/browse/groceries/toiletries_health_and_beauty/hair_care/shampoo>
{'client': 'Waitrose', 'time': datetime.datetime(2020, 9, 16, 10, 24, 12, 559297), 'category': 'Shampoo', 'id': 'tPp603087-695555-695556', 'prod_name': 'Noughty Colour Bomb Shampoo', 'waitrose_Qty': '250ml', 'waitrose_discounted_price': '£4.66', 'waitrose_offer_desc': 'Save 1/3.', 'waitrose_url': 'https://www.waitrose.com/ecom/shop/browse/groceries/toiletries_health_and_beauty/hair_care/shampoo', 'waitrose_rating': '3', 'waitrose_unit_price': '(£1.87/100ml)', 'waitrose_new_flag': None, 'waitrose_prod_name': 'Noughty Colour Bomb Shampoo 250ml', 'images': []}
DEBUG: Scraped from <200 https://www.waitrose.com/ecom/shop/browse/groceries/toiletries_health_and_beauty/hair_care/shampoo>
{'client': 'Waitrose', 'time': datetime.datetime(2020, 9, 16, 10, 24, 12, 559297), 'category': 'Shampoo', 'id': 'tPp453160-695433-695434', 'prod_name': 'Argan+ Long & Strong Shampoo', 'waitrose_Qty': '300ml', 'waitrose_discounted_price': '£4.00', 'waitrose_offer_desc': 'Save 1/3.', 'waitrose_url': 'https://www.waitrose.com/ecom/shop/browse/groceries/toiletries_health_and_beauty/hair_care/shampoo', 'waitrose_rating': None, 'waitrose_unit_price': '(£1.34/100ml)', 'waitrose_new_flag': None, 'waitrose_prod_name': 'Argan+ Long & Strong Shampoo 300ml', 'images': []}
DEBUG: Scraped from <200 https://www.waitrose.com/ecom/shop/browse/groceries/toiletries_health_and_beauty/hair_care/shampoo>
{'client': 'Waitrose', 'time': datetime.datetime(2020, 9, 16, 10, 24, 12, 559297), 'category': 'Shampoo', 'id': 'tPp816738-442231-442232', 'prod_name': 'SensSpa Nourishing Shampoo', 'waitrose_Qty': '250ml', 'waitrose_discounted_price': '£4.00', 'waitrose_offer_desc': 'Save 1/3.', 'waitrose_url': 'https://www.waitrose.com/ecom/shop/browse/groceries/toiletries_health_and_beauty/hair_care/shampoo', 'waitrose_rating': '2.6', 'waitrose_unit_price': '(£1.60/100ml)', 'waitrose_new_flag': None, 'waitrose_prod_name': 'SensSpa Nourishing Shampoo 250ml', 'images': []}
DEBUG: Scraped from <200 https://www.waitrose.com/ecom/shop/browse/groceries/toiletries_health_and_beauty/hair_care/shampoo>
{'client': 'Waitrose', 'time': datetime.datetime(2020, 9, 16, 10, 24, 12, 559297), 'category': 'Shampoo', 'id': 'tPp627460-154629-154630', 'prod_name': 'Aussie mega shampoo', 'waitrose_Qty': '500ml', 'waitrose_discounted_price': '£6.15', 'waitrose_offer_desc': None, 'waitrose_url': 'https://www.waitrose.com/ecom/shop/browse/groceries/toiletries_health_and_beauty/hair_care/shampoo', 'waitrose_rating': '3.8', 'waitrose_unit_price': '(£1.23/100ml)', 'waitrose_new_flag': None, 'waitrose_prod_name': 'Aussie mega shampoo 500ml', 'images': []}
DEBUG: Scraped from <200 https://www.waitrose.com/ecom/shop/browse/groceries/toiletries_health_and_beauty/hair_care/shampoo>
{'client': 'Waitrose', 'time': datetime.datetime(2020, 9, 16, 10, 24, 12, 559297), 'category': 'Shampoo', 'id': 'tPp492466-631281-631282', 'prod_name': 'Hask Keratin Protein Smoothing Shampoo', 'waitrose_Qty': '355ml', 'waitrose_discounted_price': '£4.66', 'waitrose_offer_desc': 'Save 1/3.', 'waitrose_url': 'https://www.waitrose.com/ecom/shop/browse/groceries/toiletries_health_and_beauty/hair_care/shampoo', 'waitrose_rating': None, 'waitrose_unit_price': '(£1.32/100ml)', 'waitrose_new_flag': None, 'waitrose_prod_name': 'Hask Keratin Protein Smoothing Shampoo 355ml', 'images': []}
DEBUG: Scraped from <200 https://www.waitrose.com/ecom/shop/browse/groceries/toiletries_health_and_beauty/hair_care/shampoo>
{'client': 'Waitrose', 'time': datetime.datetime(2020, 9, 16, 10, 24, 12, 559297), 'category': 'Shampoo', 'id': 'tPp791725-375655-375656', 'prod_name': 'Ogx Kukuí Oil Shampoo', 'waitrose_Qty': '385ml', 'waitrose_discounted_price': '£7.00', 'waitrose_offer_desc': None, 'waitrose_url': 'https://www.waitrose.com/ecom/shop/browse/groceries/toiletries_health_and_beauty/hair_care/shampoo', 'waitrose_rating': '5', 'waitrose_unit_price': '(£1.82/100ml)', 'waitrose_new_flag': None, 'waitrose_prod_name': 'Ogx Kukuí Oil Shampoo 385ml', 'images': []}
DEBUG: Scraped from <200 https://www.waitrose.com/ecom/shop/browse/groceries/toiletries_health_and_beauty/hair_care/shampoo>
{'client': 'Waitrose', 'time': datetime.datetime(2020, 9, 16, 10, 24, 12, 559297), 'category': 'Shampoo', 'id': 'tPp721134-337091-337092', 'prod_name': 'Aussie miracle shine shampoo', 'waitrose_Qty': '500ml', 'waitrose_discounted_price': '£6.00', 'waitrose_offer_desc': None, 'waitrose_url': 'https://www.waitrose.com/ecom/shop/browse/groceries/toiletries_health_and_beauty/hair_care/shampoo', 'waitrose_rating': None, 'waitrose_unit_price': '(£1.20/100ml)', 'waitrose_new_flag': None, 'waitrose_prod_name': 'Aussie miracle shine shampoo 500ml', 'images': []}
DEBUG: Scraped from <200 https://www.waitrose.com/ecom/shop/browse/groceries/toiletries_health_and_beauty/hair_care/shampoo>
{'client': 'Waitrose', 'time': datetime.datetime(2020, 9, 16, 10, 24, 12, 559297), 'category': 'Shampoo', 'id': 'tPp778297-720309-720310', 'prod_name': 'Pantene Grow Strong Shampoo', 'waitrose_Qty': '400ml', 'waitrose_discounted_price': '£3.75', 'waitrose_offer_desc': None, 'waitrose_url': 'https://www.waitrose.com/ecom/shop/browse/groceries/toiletries_health_and_beauty/hair_care/shampoo', 'waitrose_rating': None, 'waitrose_unit_price': '(93.8p/100ml)', 'waitrose_new_flag': None, 'waitrose_prod_name': 'Pantene Grow Strong Shampoo 400ml', 'images': []}
DEBUG: Scraped from <200 https://www.waitrose.com/ecom/shop/browse/groceries/toiletries_health_and_beauty/hair_care/shampoo>
{'client': 'Waitrose', 'time': datetime.datetime(2020, 9, 16, 10, 24, 12, 559297), 'category': 'Shampoo', 'id': 'tPp581617-694173-694174', 'prod_name': 'Pantene Colour Protect Shampoo', 'waitrose_Qty': '500ml', 'waitrose_discounted_price': '£5.15', 'waitrose_offer_desc': None, 'waitrose_url': 'https://www.waitrose.com/ecom/shop/browse/groceries/toiletries_health_and_beauty/hair_care/shampoo', 'waitrose_rating': None, 'waitrose_unit_price': '(£1.03/100ml)', 'waitrose_new_flag': None, 'waitrose_prod_name': 'Pantene Colour Protect Shampoo 500ml', 'images': []}
DEBUG: Scraped from <200 https://www.waitrose.com/ecom/shop/browse/groceries/toiletries_health_and_beauty/hair_care/shampoo>
{'client': 'Waitrose', 'time': datetime.datetime(2020, 9, 16, 10, 24, 12, 559297), 'category': 'Shampoo', 'id': 'tPp032765-16025-16026', 'prod_name': "L'Oréal kids shampoo berry strawberry", 'waitrose_Qty': '250ml', 'waitrose_discounted_price': '£2.00', 'waitrose_offer_desc': None, 'waitrose_url': 'https://www.waitrose.com/ecom/shop/browse/groceries/toiletries_health_and_beauty/hair_care/shampoo', 'waitrose_rating': None, 'waitrose_unit_price': '(80p/100ml)', 'waitrose_new_flag': None, 'waitrose_prod_name': "L'Oréal kids shampoo berry strawberry 250ml", 'images': []}
DEBUG: Scraped from <200 https://www.waitrose.com/ecom/shop/browse/groceries/toiletries_health_and_beauty/hair_care/shampoo>
{'client': 'Waitrose', 'time': datetime.datetime(2020, 9, 16, 10, 24, 12, 559297), 'category': 'Shampoo', 'id': 'tPp027940-13599-13600', 'prod_name': 'Avalon Organics lemon shampoo', 'waitrose_Qty': '325ml', 'waitrose_discounted_price': '£7.00', 'waitrose_offer_desc': None, 'waitrose_url': 'https://www.waitrose.com/ecom/shop/browse/groceries/toiletries_health_and_beauty/hair_care/shampoo', 'waitrose_rating': '3.6', 'waitrose_unit_price': '(£2.16/100ml)', 'waitrose_new_flag': None, 'waitrose_prod_name': 'Avalon Organics lemon shampoo 325ml', 'images': []}
DEBUG: Scraped from <200 https://www.waitrose.com/ecom/shop/browse/groceries/toiletries_health_and_beauty/hair_care/shampoo>
{'client': 'Waitrose', 'time': datetime.datetime(2020, 9, 16, 10, 24, 12, 559297), 'category': 'Shampoo', 'id': 'tPp626001-88825-88826', 'prod_name': 'Head & Shoulders Shampoo Citrus Fresh', 'waitrose_Qty': '500ml', 'waitrose_discounted_price': '£5.15', 'waitrose_offer_desc': None, 'waitrose_url': 'https://www.waitrose.com/ecom/shop/browse/groceries/toiletries_health_and_beauty/hair_care/shampoo', 'waitrose_rating': None, 'waitrose_unit_price': '(£1.03/100ml)', 'waitrose_new_flag': None, 'waitrose_prod_name': 'Head & Shoulders Shampoo Citrus Fresh 500ml', 'images': []}
DEBUG: Scraped from <200 https://www.waitrose.com/ecom/shop/browse/groceries/toiletries_health_and_beauty/hair_care/shampoo>
{'client': 'Waitrose', 'time': datetime.datetime(2020, 9, 16, 10, 24, 12, 559297), 'category': 'Shampoo', 'id': 'tPp861587-154949-154950', 'prod_name': 'Batiste dark & deep brown dry shampoo', 'waitrose_Qty': '200ml', 'waitrose_discounted_price': '£4.00', 'waitrose_offer_desc': None, 'waitrose_url': 'https://www.waitrose.com/ecom/shop/browse/groceries/toiletries_health_and_beauty/hair_care/shampoo', 'waitrose_rating': None, 'waitrose_unit_price': '(£2/100ml)', 'waitrose_new_flag': None, 'waitrose_prod_name': 'Batiste dark & deep brown dry shampoo 200ml', 'images': []}
DEBUG: Scraped from <200 https://www.waitrose.com/ecom/shop/browse/groceries/toiletries_health_and_beauty/hair_care/shampoo>
{'client': 'Waitrose', 'time': datetime.datetime(2020, 9, 16, 10, 24, 12, 559297), 'category': 'Shampoo', 'id': 'tPp586765-735804-735805', 'prod_name': "L'Oreal Elvive Restoring Shampoo", 'waitrose_Qty': '400ml', 'waitrose_discounted_price': '£3.75', 'waitrose_offer_desc': None, 'waitrose_url': 'https://www.waitrose.com/ecom/shop/browse/groceries/toiletries_health_and_beauty/hair_care/shampoo', 'waitrose_rating': None, 'waitrose_unit_price': '(93.8p/100ml)', 'waitrose_new_flag': 'NEW', 'waitrose_prod_name': "L'Oreal Elvive Restoring Shampoo 400ml", 'images': []}
DEBUG: Scraped from <200 https://www.waitrose.com/ecom/shop/browse/groceries/toiletries_health_and_beauty/hair_care/shampoo>
{'client': 'Waitrose', 'time': datetime.datetime(2020, 9, 16, 10, 24, 12, 559297), 'category': 'Shampoo', 'id': 'tPp820157-724089-724090', 'prod_name': 'Eco Warrior Shampoo Bar', 'waitrose_Qty': '100g', 'waitrose_discounted_price': '£4.50', 'waitrose_offer_desc': None, 'waitrose_url': 'https://www.waitrose.com/ecom/shop/browse/groceries/toiletries_health_and_beauty/hair_care/shampoo', 'waitrose_rating': None, 'waitrose_unit_price': '(£4.50/100g)', 'waitrose_new_flag': None, 'waitrose_prod_name': 'Eco Warrior Shampoo Bar 100g', 'images': []}
DEBUG: Scraped from <200 https://www.waitrose.com/ecom/shop/browse/groceries/toiletries_health_and_beauty/hair_care/shampoo>
{'client': 'Waitrose', 'time': datetime.datetime(2020, 9, 16, 10, 24, 12, 559297), 'category': 'Shampoo', 'id': 'tPp867514-720387-720388', 'prod_name': 'Head & Shoulders Coconut Shampoo', 'waitrose_Qty': '500ml', 'waitrose_discounted_price': '£5.00', 'waitrose_offer_desc': None, 'waitrose_url': 'https://www.waitrose.com/ecom/shop/browse/groceries/toiletries_health_and_beauty/hair_care/shampoo', 'waitrose_rating': None, 'waitrose_unit_price': '(£1/100ml)', 'waitrose_new_flag': None, 'waitrose_prod_name': 'Head & Shoulders Coconut Shampoo 500ml', 'images': []}
DEBUG: Scraped from <200 https://www.waitrose.com/ecom/shop/browse/groceries/toiletries_health_and_beauty/hair_care/shampoo>
{'client': 'Waitrose', 'time': datetime.datetime(2020, 9, 16, 10, 24, 12, 559297), 'category': 'Shampoo', 'id': 'tPp868154-695990-695991', 'prod_name': 'Hair Biology Purple Shampoo', 'waitrose_Qty': '250ml', 'waitrose_discounted_price': '£4.50', 'waitrose_offer_desc': None, 'waitrose_url': 'https://www.waitrose.com/ecom/shop/browse/groceries/toiletries_health_and_beauty/hair_care/shampoo', 'waitrose_rating': None, 'waitrose_unit_price': '(£1.80/100ml)', 'waitrose_new_flag': None, 'waitrose_prod_name': 'Hair Biology Purple Shampoo 250ml', 'images': []}
DEBUG: Scraped from <200 https://www.waitrose.com/ecom/shop/browse/groceries/toiletries_health_and_beauty/hair_care/shampoo>
{'client': 'Waitrose', 'time': datetime.datetime(2020, 9, 16, 10, 24, 12, 559297), 'category': 'Shampoo', 'id': 'tPp076232-38732-38733', 'prod_name': 'AOrganic Lavender Shampoo', 'waitrose_Qty': '325ml', 'waitrose_discounted_price': '£7.00', 'waitrose_offer_desc': None, 'waitrose_url': 'https://www.waitrose.com/ecom/shop/browse/groceries/toiletries_health_and_beauty/hair_care/shampoo', 'waitrose_rating': '3.8', 'waitrose_unit_price': '(£2.16/100ml)', 'waitrose_new_flag': None, 'waitrose_prod_name': 'AOrganic Lavender Shampoo 325ml', 'images': []}
DEBUG: Scraped from <200 https://www.waitrose.com/ecom/shop/browse/groceries/toiletries_health_and_beauty/hair_care/shampoo>
{'client': 'Waitrose', 'time': datetime.datetime(2020, 9, 16, 10, 24, 12, 559297), 'category': 'Shampoo', 'id': 'tPp889100-330444-330445', 'prod_name': 'AOrganic Rosemary Shampoo', 'waitrose_Qty': '325ml', 'waitrose_discounted_price': '£7.00', 'waitrose_offer_desc': None, 'waitrose_url': 'https://www.waitrose.com/ecom/shop/browse/groceries/toiletries_health_and_beauty/hair_care/shampoo', 'waitrose_rating': '2.5', 'waitrose_unit_price': '(£2.16/100ml)', 'waitrose_new_flag': None, 'waitrose_prod_name': 'AOrganic Rosemary Shampoo 325ml', 'images': []}
DEBUG: Scraped from <200 https://www.waitrose.com/ecom/shop/browse/groceries/toiletries_health_and_beauty/hair_care/shampoo>
{'client': 'Waitrose', 'time': datetime.datetime(2020, 9, 16, 10, 24, 12, 559297), 'category': 'Shampoo', 'id': 'tPp432893-216691-216692', 'prod_name': 'Head & Shoulders Shampoo Apple Fresh', 'waitrose_Qty': '500ml', 'waitrose_discounted_price': '£5.15', 'waitrose_offer_desc': None, 'waitrose_url': 'https://www.waitrose.com/ecom/shop/browse/groceries/toiletries_health_and_beauty/hair_care/shampoo', 'waitrose_rating': None, 'waitrose_unit_price': '(£1.03/100ml)', 'waitrose_new_flag': None, 'waitrose_prod_name': 'Head & Shoulders Shampoo Apple Fresh 500ml', 'images': []}
DEBUG: Scraped from <200 https://www.waitrose.com/ecom/shop/browse/groceries/toiletries_health_and_beauty/hair_care/shampoo>
{'client': 'Waitrose', 'time': datetime.datetime(2020, 9, 16, 10, 24, 12, 559297), 'category': 'Shampoo', 'id': 'tPp888765-695909-695910', 'prod_name': 'Umberto Giannini Curl Jelly Wash', 'waitrose_Qty': '250ml', 'waitrose_discounted_price': '£8.00', 'waitrose_offer_desc': 'Mix & Match Add 3 for 2 Cheapest Item Free', 'waitrose_url': 'https://www.waitrose.com/ecom/shop/browse/groceries/toiletries_health_and_beauty/hair_care/shampoo', 'waitrose_rating': '2.5', 'waitrose_unit_price': '(£3.20/100ml)', 'waitrose_new_flag': None, 'waitrose_prod_name': 'Umberto Giannini Curl Jelly Wash 250ml', 'images': []}
DEBUG: Scraped from <200 https://www.waitrose.com/ecom/shop/browse/groceries/toiletries_health_and_beauty/hair_care/shampoo>
{'client': 'Waitrose', 'time': datetime.datetime(2020, 9, 16, 10, 24, 12, 559297), 'category': 'Shampoo', 'id': 'tPp554742-695503-695504', 'prod_name': 'Umberto Giannini Violet Shampoo', 'waitrose_Qty': '250ml', 'waitrose_discounted_price': '£8.00', 'waitrose_offer_desc': 'Mix & Match Add 3 for 2 Cheapest Item Free', 'waitrose_url': 'https://www.waitrose.com/ecom/shop/browse/groceries/toiletries_health_and_beauty/hair_care/shampoo', 'waitrose_rating': None, 'waitrose_unit_price': '(£3.20/100ml)', 'waitrose_new_flag': None, 'waitrose_prod_name': 'Umberto Giannini Violet Shampoo 250ml', 'images': []}
DEBUG: Scraped from <200 https://www.waitrose.com/ecom/shop/browse/groceries/toiletries_health_and_beauty/hair_care/shampoo>
{'client': 'Waitrose', 'time': datetime.datetime(2020, 9, 16, 10, 24, 12, 559297), 'category': 'Shampoo', 'id': 'tPp752186-631541-631542', 'prod_name': 'Ogx Coconut OIl Shampoo', 'waitrose_Qty': '385ml', 'waitrose_discounted_price': '£7.00', 'waitrose_offer_desc': None, 'waitrose_url': 'https://www.waitrose.com/ecom/shop/browse/groceries/toiletries_health_and_beauty/hair_care/shampoo', 'waitrose_rating': None, 'waitrose_unit_price': '(£1.82/100ml)', 'waitrose_new_flag': None, 'waitrose_prod_name': 'Ogx Coconut OIl Shampoo 385ml', 'images': []}
DEBUG: Scraped from <200 https://www.waitrose.com/ecom/shop/browse/groceries/toiletries_health_and_beauty/hair_care/shampoo>
{'client': 'Waitrose', 'time': datetime.datetime(2020, 9, 16, 10, 24, 12, 559297), 'category': 'Shampoo', 'id': 'tPp698673-735854-735855', 'prod_name': 'Pantene Pro V Rose Water Shampoo', 'waitrose_Qty': '225ml', 'waitrose_discounted_price': '£3.75', 'waitrose_offer_desc': None, 'waitrose_url': 'https://www.waitrose.com/ecom/shop/browse/groceries/toiletries_health_and_beauty/hair_care/shampoo', 'waitrose_rating': None, 'waitrose_unit_price': '(£1.67/100ml)', 'waitrose_new_flag': 'NEW', 'waitrose_prod_name': 'Pantene Pro V Rose Water Shampoo 225ml', 'images': []}
DEBUG: Scraped from <200 https://www.waitrose.com/ecom/shop/browse/groceries/toiletries_health_and_beauty/hair_care/shampoo>
{'client': 'Waitrose', 'time': datetime.datetime(2020, 9, 16, 10, 24, 12, 559297), 'category': 'Shampoo', 'id': 'tPp724972-694185-694186', 'prod_name': 'Pantene 3in1 Repair & Protect', 'waitrose_Qty': '450ml', 'waitrose_discounted_price': '£3.75', 'waitrose_offer_desc': None, 'waitrose_url': 'https://www.waitrose.com/ecom/shop/browse/groceries/toiletries_health_and_beauty/hair_care/shampoo', 'waitrose_rating': None, 'waitrose_unit_price': '(83.3p/100ml)', 'waitrose_new_flag': None, 'waitrose_prod_name': 'Pantene 3in1 Repair & Protect 450ml', 'images': []}
DEBUG: Scraped from <200 https://www.waitrose.com/ecom/shop/browse/groceries/toiletries_health_and_beauty/hair_care/shampoo>
{'client': 'Waitrose', 'time': datetime.datetime(2020, 9, 16, 10, 24, 12, 559297), 'category': 'Shampoo', 'id': 'tPp480888-154495-154496', 'prod_name': 'Head & Shoulders Smooth Shampoo', 'waitrose_Qty': '500ml', 'waitrose_discounted_price': '£5.15', 'waitrose_offer_desc': None, 'waitrose_url': 'https://www.waitrose.com/ecom/shop/browse/groceries/toiletries_health_and_beauty/hair_care/shampoo', 'waitrose_rating': '5', 'waitrose_unit_price': '(£1.03/100ml)', 'waitrose_new_flag': None, 'waitrose_prod_name': 'Head & Shoulders Smooth Shampoo 500ml', 'images': []}
DEBUG: Scraped from <200 https://www.waitrose.com/ecom/shop/browse/groceries/toiletries_health_and_beauty/hair_care/shampoo>
{'client': 'Waitrose', 'time': datetime.datetime(2020, 9, 16, 10, 24, 12, 559297), 'category': 'Shampoo', 'id': 'tPp405353-729640-729641', 'prod_name': 'Percy & Reed No-Fuss Dry Shampoo', 'waitrose_Qty': '200ml', 'waitrose_discounted_price': '£15.00', 'waitrose_offer_desc': None, 'waitrose_url': 'https://www.waitrose.com/ecom/shop/browse/groceries/toiletries_health_and_beauty/hair_care/shampoo', 'waitrose_rating': '3.8', 'waitrose_unit_price': '(£7.50/100ml)', 'waitrose_new_flag': None, 'waitrose_prod_name': 'Percy & Reed No-Fuss Dry Shampoo 200ml', 'images': []}
DEBUG: Scraped from <200 https://www.waitrose.com/ecom/shop/browse/groceries/toiletries_health_and_beauty/hair_care/shampoo>
{'client': 'Waitrose', 'time': datetime.datetime(2020, 9, 16, 10, 24, 12, 559297), 'category': 'Shampoo', 'id': 'tPp584599-695531-695532', 'prod_name': 'Batiste Dry Shampoo Volume', 'waitrose_Qty': '200ml', 'waitrose_discounted_price': '£4.25', 'waitrose_offer_desc': None, 'waitrose_url': 'https://www.waitrose.com/ecom/shop/browse/groceries/toiletries_health_and_beauty/hair_care/shampoo', 'waitrose_rating': None, 'waitrose_unit_price': '(£2.13/100ml)', 'waitrose_new_flag': None, 'waitrose_prod_name': 'Batiste Dry Shampoo Volume 200ml', 'images': []}
DEBUG: Scraped from <200 https://www.waitrose.com/ecom/shop/browse/groceries/toiletries_health_and_beauty/hair_care/shampoo>
{'client': 'Waitrose', 'time': datetime.datetime(2020, 9, 16, 10, 24, 12, 559297), 'category': 'Shampoo', 'id': 'tPp407272-440973-440974', 'prod_name': 'Richard Ward Chelsea Cleanse & Condition', 'waitrose_Qty': '250ml', 'waitrose_discounted_price': '£6.00', 'waitrose_offer_desc': None, 'waitrose_url': 'https://www.waitrose.com/ecom/shop/browse/groceries/toiletries_health_and_beauty/hair_care/shampoo', 'waitrose_rating': '3.9', 'waitrose_unit_price': '(£2.40/100ml)', 'waitrose_new_flag': None, 'waitrose_prod_name': 'Richard Ward Chelsea Cleanse & Condition 250ml', 'images': []}
DEBUG: Scraped from <200 https://www.waitrose.com/ecom/shop/browse/groceries/toiletries_health_and_beauty/hair_care/shampoo>
{'client': 'Waitrose', 'time': datetime.datetime(2020, 9, 16, 10, 24, 12, 559297), 'category': 'Shampoo', 'id': 'tPp809690-337194-337195', 'prod_name': 'Head & Shoulders 2in1 Itchy Scalp', 'waitrose_Qty': '450ml', 'waitrose_discounted_price': '£5.15', 'waitrose_offer_desc': None, 'waitrose_url': 'https://www.waitrose.com/ecom/shop/browse/groceries/toiletries_health_and_beauty/hair_care/shampoo', 'waitrose_rating': '5', 'waitrose_unit_price': '(£1.15/100ml)', 'waitrose_new_flag': None, 'waitrose_prod_name': 'Head & Shoulders 2in1 Itchy Scalp 450ml', 'images': []}
DEBUG: Scraped from <200 https://www.waitrose.com/ecom/shop/browse/groceries/toiletries_health_and_beauty/hair_care/shampoo>
{'client': 'Waitrose', 'time': datetime.datetime(2020, 9, 16, 10, 24, 12, 559297), 'category': 'Shampoo', 'id': 'tPp426973-298983-298984', 'prod_name': 'Head & Shoulders 2in1 Apple Fresh', 'waitrose_Qty': '450ml', 'waitrose_discounted_price': '£5.00', 'waitrose_offer_desc': None, 'waitrose_url': 'https://www.waitrose.com/ecom/shop/browse/groceries/toiletries_health_and_beauty/hair_care/shampoo', 'waitrose_rating': None, 'waitrose_unit_price': '(£1.12/100ml)', 'waitrose_new_flag': None, 'waitrose_prod_name': 'Head & Shoulders 2in1 Apple Fresh 450ml', 'images': []}
DEBUG: Scraped from <200 https://www.waitrose.com/ecom/shop/browse/groceries/toiletries_health_and_beauty/hair_care/shampoo>
{'client': 'Waitrose', 'time': datetime.datetime(2020, 9, 16, 10, 24, 12, 559297), 'category': 'Shampoo', 'id': 'tPp714629-729752-729753', 'prod_name': 'OGX Keratin Oil Shampoo', 'waitrose_Qty': '385ml', 'waitrose_discounted_price': '£7.00', 'waitrose_offer_desc': None, 'waitrose_url': 'https://www.waitrose.com/ecom/shop/browse/groceries/toiletries_health_and_beauty/hair_care/shampoo', 'waitrose_rating': None, 'waitrose_unit_price': '(£1.82/100ml)', 'waitrose_new_flag': None, 'waitrose_prod_name': 'OGX Keratin Oil Shampoo 385ml', 'images': []}
DEBUG: Scraped from <200 https://www.waitrose.com/ecom/shop/browse/groceries/toiletries_health_and_beauty/hair_care/shampoo>
{'client': 'Waitrose', 'time': datetime.datetime(2020, 9, 16, 10, 24, 12, 559297), 'category': 'Shampoo', 'id': 'tPp829437-695831-695832', 'prod_name': 'Umberto Giannini Grow Long Shampoo', 'waitrose_Qty': '250ml', 'waitrose_discounted_price': '£8.00', 'waitrose_offer_desc': 'Mix & Match Add 3 for 2 Cheapest Item Free', 'waitrose_url': 'https://www.waitrose.com/ecom/shop/browse/groceries/toiletries_health_and_beauty/hair_care/shampoo', 'waitrose_rating': '5', 'waitrose_unit_price': '(£3.20/100ml)', 'waitrose_new_flag': None, 'waitrose_prod_name': 'Umberto Giannini Grow Long Shampoo 250ml', 'images': []}
DEBUG: Scraped from <200 https://www.waitrose.com/ecom/shop/browse/groceries/toiletries_health_and_beauty/hair_care/shampoo>
{'client': 'Waitrose', 'time': datetime.datetime(2020, 9, 16, 10, 24, 12, 559297), 'category': 'Shampoo', 'id': 'tPp567481-719558-719559', 'prod_name': 'Fit Kit Gentle Shampoo &Conditioner', 'waitrose_Qty': '200ml', 'waitrose_discounted_price': '£4.00', 'waitrose_offer_desc': None, 'waitrose_url': 'https://www.waitrose.com/ecom/shop/browse/groceries/toiletries_health_and_beauty/hair_care/shampoo', 'waitrose_rating': '5', 'waitrose_unit_price': '(£2/100ml)', 'waitrose_new_flag': None, 'waitrose_prod_name': 'Fit Kit Gentle Shampoo &Conditioner 200ml', 'images': []}
DEBUG: Scraped from <200 https://www.waitrose.com/ecom/shop/browse/groceries/toiletries_health_and_beauty/hair_care/shampoo>
{'client': 'Waitrose', 'time': datetime.datetime(2020, 9, 16, 10, 24, 12, 559297), 'category': 'Shampoo', 'id': 'tPp567427-683666-683667', 'prod_name': 'Ogx Charcoal Detox Shampoo', 'waitrose_Qty': '385ml', 'waitrose_discounted_price': '£7.00', 'waitrose_offer_desc': None, 'waitrose_url': 'https://www.waitrose.com/ecom/shop/browse/groceries/toiletries_health_and_beauty/hair_care/shampoo', 'waitrose_rating': None, 'waitrose_unit_price': '(£1.82/100ml)', 'waitrose_new_flag': None, 'waitrose_prod_name': 'Ogx Charcoal Detox Shampoo 385ml', 'images': []}
DEBUG: Scraped from <200 https://www.waitrose.com/ecom/shop/browse/groceries/toiletries_health_and_beauty/hair_care/shampoo>
{'client': 'Waitrose', 'time': datetime.datetime(2020, 9, 16, 10, 24, 12, 559297), 'category': 'Shampoo', 'id': 'tPp567431-729696-729697', 'prod_name': 'Batiste Dry Shampoo for Blondes', 'waitrose_Qty': '200ml', 'waitrose_discounted_price': '£4.00', 'waitrose_offer_desc': None, 'waitrose_url': 'https://www.waitrose.com/ecom/shop/browse/groceries/toiletries_health_and_beauty/hair_care/shampoo', 'waitrose_rating': None, 'waitrose_unit_price': '(£2/100ml)', 'waitrose_new_flag': None, 'waitrose_prod_name': 'Batiste Dry Shampoo for Blondes 200ml', 'images': []}
DEBUG: Scraped from <200 https://www.waitrose.com/ecom/shop/browse/groceries/toiletries_health_and_beauty/hair_care/shampoo>
{'client': 'Waitrose', 'time': datetime.datetime(2020, 9, 16, 10, 24, 12, 559297), 'category': 'Shampoo', 'id': 'tPp812614-707138-707139', 'prod_name': 'Beco Spring Meadow Shampoo Bar', 'waitrose_Qty': '90g', 'waitrose_discounted_price': '£4.00', 'waitrose_offer_desc': None, 'waitrose_url': 'https://www.waitrose.com/ecom/shop/browse/groceries/toiletries_health_and_beauty/hair_care/shampoo', 'waitrose_rating': '3.3', 'waitrose_unit_price': '(£4.45/100g)', 'waitrose_new_flag': None, 'waitrose_prod_name': 'Beco Spring Meadow Shampoo Bar 90g', 'images': []}
DEBUG: Scraped from <200 https://www.waitrose.com/ecom/shop/browse/groceries/toiletries_health_and_beauty/hair_care/shampoo>
{'client': 'Waitrose', 'time': datetime.datetime(2020, 9, 16, 10, 24, 12, 559297), 'category': 'Shampoo', 'id': 'tPp863078-695988-695989', 'prod_name': 'Pantene Hair Biology Full & Vibrant', 'waitrose_Qty': '250ml', 'waitrose_discounted_price': '£4.50', 'waitrose_offer_desc': None, 'waitrose_url': 'https://www.waitrose.com/ecom/shop/browse/groceries/toiletries_health_and_beauty/hair_care/shampoo', 'waitrose_rating': None, 'waitrose_unit_price': '(£1.80/100ml)', 'waitrose_new_flag': None, 'waitrose_prod_name': 'Pantene Hair Biology Full & Vibrant 250ml', 'images': []}
DEBUG: Scraped from <200 https://www.waitrose.com/ecom/shop/browse/groceries/toiletries_health_and_beauty/hair_care/shampoo>
{'client': 'Waitrose', 'time': datetime.datetime(2020, 9, 16, 10, 24, 12, 559297), 'category': 'Shampoo', 'id': 'tPp694392-98595-98596', 'prod_name': 'Head & Shoulders Shampoo Cool Menthol', 'waitrose_Qty': '500ml', 'waitrose_discounted_price': '£5.15', 'waitrose_offer_desc': None, 'waitrose_url': 'https://www.waitrose.com/ecom/shop/browse/groceries/toiletries_health_and_beauty/hair_care/shampoo', 'waitrose_rating': None, 'waitrose_unit_price': '(£1.03/100ml)', 'waitrose_new_flag': None, 'waitrose_prod_name': 'Head & Shoulders Shampoo Cool Menthol 500ml', 'images': []}
DEBUG: Scraped from <200 https://www.waitrose.com/ecom/shop/browse/groceries/toiletries_health_and_beauty/hair_care/shampoo>
{'client': 'Waitrose', 'time': datetime.datetime(2020, 9, 16, 10, 24, 12, 559297), 'category': 'Shampoo', 'id': 'tPp803275-329016-329017', 'prod_name': 'AOrganic Peppermint Shampoo', 'waitrose_Qty': '325ml', 'waitrose_discounted_price': '£7.00', 'waitrose_offer_desc': None, 'waitrose_url': 'https://www.waitrose.com/ecom/shop/browse/groceries/toiletries_health_and_beauty/hair_care/shampoo', 'waitrose_rating': '4', 'waitrose_unit_price': '(£2.16/100ml)', 'waitrose_new_flag': None, 'waitrose_prod_name': 'AOrganic Peppermint Shampoo 325ml', 'images': []}
DEBUG: Scraped from <200 https://www.waitrose.com/ecom/shop/browse/groceries/toiletries_health_and_beauty/hair_care/shampoo>
{'client': 'Waitrose', 'time': datetime.datetime(2020, 9, 16, 10, 24, 12, 559297), 'category': 'Shampoo', 'id': 'tPp581644-729702-729703', 'prod_name': 'Percy & Reed Hydrating Shampoo', 'waitrose_Qty': '250ml', 'waitrose_discounted_price': '£18.00', 'waitrose_offer_desc': None, 'waitrose_url': 'https://www.waitrose.com/ecom/shop/browse/groceries/toiletries_health_and_beauty/hair_care/shampoo', 'waitrose_rating': None, 'waitrose_unit_price': '(£7.20/100ml)', 'waitrose_new_flag': None, 'waitrose_prod_name': 'Percy & Reed Hydrating Shampoo 250ml', 'images': []}
DEBUG: Scraped from <200 https://www.waitrose.com/ecom/shop/browse/groceries/toiletries_health_and_beauty/hair_care/shampoo>
{'client': 'Waitrose', 'time': datetime.datetime(2020, 9, 16, 10, 24, 12, 559297), 'category': 'Shampoo', 'id': 'tPp492090-729670-729671', 'prod_name': 'Percy & Reed Volumising Shampoo', 'waitrose_Qty': '250ml', 'waitrose_discounted_price': '£18.00', 'waitrose_offer_desc': None, 'waitrose_url': 'https://www.waitrose.com/ecom/shop/browse/groceries/toiletries_health_and_beauty/hair_care/shampoo', 'waitrose_rating': None, 'waitrose_unit_price': '(£7.20/100ml)', 'waitrose_new_flag': None, 'waitrose_prod_name': 'Percy & Reed Volumising Shampoo 250ml', 'images': []}
DEBUG: Scraped from <200 https://www.waitrose.com/ecom/shop/browse/groceries/toiletries_health_and_beauty/hair_care/shampoo>
{'client': 'Waitrose', 'time': datetime.datetime(2020, 9, 16, 10, 24, 12, 559297), 'category': 'Shampoo', 'id': 'tPp834106-299691-299692', 'prod_name': 'Head & Shoulders 2in1 smooth & silky', 'waitrose_Qty': '450ml', 'waitrose_discounted_price': '£5.00', 'waitrose_offer_desc': None, 'waitrose_url': 'https://www.waitrose.com/ecom/shop/browse/groceries/toiletries_health_and_beauty/hair_care/shampoo', 'waitrose_rating': None, 'waitrose_unit_price': '(£1.12/100ml)', 'waitrose_new_flag': None, 'waitrose_prod_name': 'Head & Shoulders 2in1 smooth & silky 450ml', 'images': []}
DEBUG: Scraped from <200 https://www.waitrose.com/ecom/shop/browse/groceries/toiletries_health_and_beauty/hair_care/shampoo>
{'client': 'Waitrose', 'time': datetime.datetime(2020, 9, 16, 10, 24, 12, 559297), 'category': 'Shampoo', 'id': 'tPp855732-695986-695987', 'prod_name': 'Hair Biology De-Frizz Shampoo', 'waitrose_Qty': '250ml', 'waitrose_discounted_price': '£4.50', 'waitrose_offer_desc': None, 'waitrose_url': 'https://www.waitrose.com/ecom/shop/browse/groceries/toiletries_health_and_beauty/hair_care/shampoo', 'waitrose_rating': None, 'waitrose_unit_price': '(£1.80/100ml)', 'waitrose_new_flag': None, 'waitrose_prod_name': 'Hair Biology De-Frizz Shampoo 250ml', 'images': []}
DEBUG: Scraped from <200 https://www.waitrose.com/ecom/shop/browse/groceries/toiletries_health_and_beauty/hair_care/shampoo>
{'client': 'Waitrose', 'time': datetime.datetime(2020, 9, 16, 10, 24, 12, 559297), 'category': 'Shampoo', 'id': 'tPp734002-695705-695706', 'prod_name': 'Percy & Reed Wonder Wash Shampoo', 'waitrose_Qty': '250ml', 'waitrose_discounted_price': '£18.00', 'waitrose_offer_desc': None, 'waitrose_url': 'https://www.waitrose.com/ecom/shop/browse/groceries/toiletries_health_and_beauty/hair_care/shampoo', 'waitrose_rating': '4.1', 'waitrose_unit_price': '(£7.20/100ml)', 'waitrose_new_flag': None, 'waitrose_prod_name': 'Percy & Reed Wonder Wash Shampoo 250ml', 'images': []}
DEBUG: Scraped from <200 https://www.waitrose.com/ecom/shop/browse/groceries/toiletries_health_and_beauty/hair_care/shampoo>
{'client': 'Waitrose', 'time': datetime.datetime(2020, 9, 16, 10, 24, 12, 559297), 'category': 'Shampoo', 'id': 'tPp591666-681031-681032', 'prod_name': 'Pure Grace Shower Gel', 'waitrose_Qty': '480ml', 'waitrose_discounted_price': '£19.50', 'waitrose_offer_desc': None, 'waitrose_url': 'https://www.waitrose.com/ecom/shop/browse/groceries/toiletries_health_and_beauty/hair_care/shampoo', 'waitrose_rating': None, 'waitrose_unit_price': '(£4.07/100ml)', 'waitrose_new_flag': None, 'waitrose_prod_name': 'Pure Grace Shower Gel 480ml', 'images': []}
DEBUG: Scraped from <200 https://www.waitrose.com/ecom/shop/browse/groceries/toiletries_health_and_beauty/hair_care/shampoo>
{'client': 'Waitrose', 'time': datetime.datetime(2020, 9, 16, 10, 24, 12, 559297), 'category': 'Shampoo', 'id': 'tPp401660-588303-588304', 'prod_name': 'Richard Ward Brunette Shampoo', 'waitrose_Qty': '250ml', 'waitrose_discounted_price': '£6.00', 'waitrose_offer_desc': None, 'waitrose_url': 'https://www.waitrose.com/ecom/shop/browse/groceries/toiletries_health_and_beauty/hair_care/shampoo', 'waitrose_rating': '5', 'waitrose_unit_price': '(£2.40/100ml)', 'waitrose_new_flag': None, 'waitrose_prod_name': 'Richard Ward Brunette Shampoo 250ml', 'images': []}
DEBUG: Scraped from <200 https://www.waitrose.com/ecom/shop/browse/groceries/toiletries_health_and_beauty/hair_care/shampoo>
{'client': 'Waitrose', 'time': datetime.datetime(2020, 9, 16, 10, 24, 12, 559297), 'category': 'Shampoo', 'id': 'tPp836383-271490-271491', 'prod_name': 'Head & Shoulders 2in1 citrus care', 'waitrose_Qty': '450ml', 'waitrose_discounted_price': '£5.15', 'waitrose_offer_desc': None, 'waitrose_url': 'https://www.waitrose.com/ecom/shop/browse/groceries/toiletries_health_and_beauty/hair_care/shampoo', 'waitrose_rating': None, 'waitrose_unit_price': '(£1.15/100ml)', 'waitrose_new_flag': None, 'waitrose_prod_name': 'Head & Shoulders 2in1 citrus care 450ml', 'images': []}
INFO: Closing spider (finished)
INFO: Stored json feed (135 items) in: waitrose_091620.json
INFO: Dumping Scrapy stats:
{'downloader/request_bytes': 2588,
 'downloader/request_count': 1,
 'downloader/request_method_count/POST': 1,
 'downloader/response_bytes': 1700482,
 'downloader/response_count': 1,
 'downloader/response_status_count/200': 1,
 'finish_reason': 'finished',
 'finish_time': datetime.datetime(2020, 9, 16, 4, 55, 33, 820447),
 'item_scraped_count': 135,
 'log_count/DEBUG': 136,
 'log_count/INFO': 11,
 'log_count/WARNING': 1,
 'response_received_count': 1,
 'scheduler/dequeued': 2,
 'scheduler/dequeued/memory': 2,
 'scheduler/enqueued': 2,
 'scheduler/enqueued/memory': 2,
 'splash/execute/request_count': 1,
 'splash/execute/response_count/200': 1,
 'start_time': datetime.datetime(2020, 9, 16, 4, 54, 13, 16398)}
INFO: Spider closed (finished)
INFO: Scrapy 1.6.0 started (bot: waitrose)
INFO: Versions: lxml 4.5.1.0, libxml2 2.9.10, cssselect 1.1.0, parsel 1.6.0, w3lib 1.22.0, Twisted 20.3.0, Python 3.7.7 (default, May  6 2020, 11:45:54) [MSC v.1916 64 bit (AMD64)], pyOpenSSL 19.1.0 (OpenSSL 1.1.1g  21 Apr 2020), cryptography 2.9.2, Platform Windows-10-10.0.18362-SP0
INFO: Overridden settings: {'BOT_NAME': 'waitrose', 'DOWNLOAD_TIMEOUT': 1200, 'DUPEFILTER_CLASS': 'scrapy_splash.SplashAwareDupeFilter', 'FEED_EXPORT_ENCODING': 'utf-8', 'FEED_FORMAT': 'json', 'FEED_URI': 'waitrose_091820.json', 'NEWSPIDER_MODULE': 'waitrose.spiders', 'SPIDER_MODULES': ['waitrose.spiders']}
INFO: Telnet Password: 0556d7654fea7e40
INFO: Enabled extensions:
['scrapy.extensions.corestats.CoreStats',
 'scrapy.extensions.telnet.TelnetConsole',
 'scrapy.extensions.feedexport.FeedExporter',
 'scrapy.extensions.logstats.LogStats']
INFO: Enabled downloader middlewares:
['scrapy.downloadermiddlewares.httpauth.HttpAuthMiddleware',
 'scrapy.downloadermiddlewares.downloadtimeout.DownloadTimeoutMiddleware',
 'scrapy.downloadermiddlewares.defaultheaders.DefaultHeadersMiddleware',
 'scrapy.downloadermiddlewares.useragent.UserAgentMiddleware',
 'scrapy.downloadermiddlewares.retry.RetryMiddleware',
 'scrapy.downloadermiddlewares.redirect.MetaRefreshMiddleware',
 'scrapy.downloadermiddlewares.redirect.RedirectMiddleware',
 'scrapy.downloadermiddlewares.cookies.CookiesMiddleware',
 'scrapy_splash.SplashCookiesMiddleware',
 'scrapy_splash.SplashMiddleware',
 'scrapy.downloadermiddlewares.httpproxy.HttpProxyMiddleware',
 'scrapy.downloadermiddlewares.httpcompression.HttpCompressionMiddleware',
 'scrapy.downloadermiddlewares.stats.DownloaderStats']
INFO: Enabled spider middlewares:
['scrapy.spidermiddlewares.httperror.HttpErrorMiddleware',
 'scrapy_splash.SplashDeduplicateArgsMiddleware',
 'scrapy.spidermiddlewares.offsite.OffsiteMiddleware',
 'scrapy.spidermiddlewares.referer.RefererMiddleware',
 'scrapy.spidermiddlewares.urllength.UrlLengthMiddleware',
 'scrapy.spidermiddlewares.depth.DepthMiddleware']
INFO: Enabled item pipelines:
['waitrose.pipelines.ImageDownloaderPipeline',
 'waitrose.pipelines.SQLlitePipeline']
INFO: Spider opened
INFO: Crawled 0 pages (at 0 pages/min), scraped 0 items (at 0 items/min)
WARNING: C:\Users\sujithk\AppData\Local\Continuum\anaconda3\envs\Virtual_Env\lib\site-packages\scrapy\spidermiddlewares\offsite.py:61: URLWarning: allowed_domains accepts only domains, not URLs. Ignoring URL entry https://www.waitrose.com/ in allowed_domains.
  warnings.warn(message, URLWarning)

INFO: Telnet console listening on 127.0.0.1:6023
DEBUG: Retrying <GET https://www.waitrose.com/ecom/shop/browse/groceries/toiletries_health_and_beauty/hair_care/shampoo via http://192.168.1.2:8050/execute> (failed 1 times): An error occurred while connecting: 10013: An attempt was made to access a socket in a way forbidden by its access permissions..
DEBUG: Retrying <GET https://www.waitrose.com/ecom/shop/browse/groceries/toiletries_health_and_beauty/hair_care/shampoo via http://192.168.1.2:8050/execute> (failed 2 times): An error occurred while connecting: 10013: An attempt was made to access a socket in a way forbidden by its access permissions..
DEBUG: Gave up retrying <GET https://www.waitrose.com/ecom/shop/browse/groceries/toiletries_health_and_beauty/hair_care/shampoo via http://192.168.1.2:8050/execute> (failed 3 times): An error occurred while connecting: 10013: An attempt was made to access a socket in a way forbidden by its access permissions..
ERROR: Error downloading <GET https://www.waitrose.com/ecom/shop/browse/groceries/toiletries_health_and_beauty/hair_care/shampoo via http://192.168.1.2:8050/execute>
Traceback (most recent call last):
  File "C:\Users\sujithk\AppData\Local\Continuum\anaconda3\envs\Virtual_Env\lib\site-packages\scrapy\core\downloader\middleware.py", line 43, in process_request
    defer.returnValue((yield download_func(request=request,spider=spider)))
twisted.internet.error.ConnectError: An error occurred while connecting: 10013: An attempt was made to access a socket in a way forbidden by its access permissions..
INFO: Closing spider (finished)
INFO: Dumping Scrapy stats:
{'downloader/exception_count': 3,
 'downloader/exception_type_count/twisted.internet.error.ConnectError': 3,
 'downloader/request_bytes': 7764,
 'downloader/request_count': 3,
 'downloader/request_method_count/POST': 3,
 'finish_reason': 'finished',
 'finish_time': datetime.datetime(2020, 9, 18, 16, 26, 30, 420417),
 'log_count/DEBUG': 3,
 'log_count/ERROR': 1,
 'log_count/INFO': 9,
 'log_count/WARNING': 1,
 'retry/count': 2,
 'retry/max_reached': 1,
 'retry/reason_count/twisted.internet.error.ConnectError': 2,
 'scheduler/dequeued': 4,
 'scheduler/dequeued/memory': 4,
 'scheduler/enqueued': 4,
 'scheduler/enqueued/memory': 4,
 'splash/execute/request_count': 1,
 'start_time': datetime.datetime(2020, 9, 18, 16, 26, 29, 93415)}
INFO: Spider closed (finished)
INFO: Scrapy 1.6.0 started (bot: waitrose)
INFO: Versions: lxml 4.5.1.0, libxml2 2.9.10, cssselect 1.1.0, parsel 1.6.0, w3lib 1.22.0, Twisted 20.3.0, Python 3.7.7 (default, May  6 2020, 11:45:54) [MSC v.1916 64 bit (AMD64)], pyOpenSSL 19.1.0 (OpenSSL 1.1.1g  21 Apr 2020), cryptography 2.9.2, Platform Windows-10-10.0.18362-SP0
INFO: Overridden settings: {'BOT_NAME': 'waitrose', 'DOWNLOAD_TIMEOUT': 1200, 'DUPEFILTER_CLASS': 'scrapy_splash.SplashAwareDupeFilter', 'FEED_EXPORT_ENCODING': 'utf-8', 'FEED_FORMAT': 'json', 'FEED_URI': 'waitrose_092020.json', 'NEWSPIDER_MODULE': 'waitrose.spiders', 'SPIDER_MODULES': ['waitrose.spiders']}
INFO: Telnet Password: 562aaf012f5b0712
INFO: Enabled extensions:
['scrapy.extensions.corestats.CoreStats',
 'scrapy.extensions.telnet.TelnetConsole',
 'scrapy.extensions.feedexport.FeedExporter',
 'scrapy.extensions.logstats.LogStats']
INFO: Enabled downloader middlewares:
['scrapy.downloadermiddlewares.httpauth.HttpAuthMiddleware',
 'scrapy.downloadermiddlewares.downloadtimeout.DownloadTimeoutMiddleware',
 'scrapy.downloadermiddlewares.defaultheaders.DefaultHeadersMiddleware',
 'scrapy.downloadermiddlewares.useragent.UserAgentMiddleware',
 'scrapy.downloadermiddlewares.retry.RetryMiddleware',
 'scrapy.downloadermiddlewares.redirect.MetaRefreshMiddleware',
 'scrapy.downloadermiddlewares.redirect.RedirectMiddleware',
 'scrapy.downloadermiddlewares.cookies.CookiesMiddleware',
 'scrapy_splash.SplashCookiesMiddleware',
 'scrapy_splash.SplashMiddleware',
 'scrapy.downloadermiddlewares.httpproxy.HttpProxyMiddleware',
 'scrapy.downloadermiddlewares.httpcompression.HttpCompressionMiddleware',
 'scrapy.downloadermiddlewares.stats.DownloaderStats']
INFO: Enabled spider middlewares:
['scrapy.spidermiddlewares.httperror.HttpErrorMiddleware',
 'scrapy_splash.SplashDeduplicateArgsMiddleware',
 'scrapy.spidermiddlewares.offsite.OffsiteMiddleware',
 'scrapy.spidermiddlewares.referer.RefererMiddleware',
 'scrapy.spidermiddlewares.urllength.UrlLengthMiddleware',
 'scrapy.spidermiddlewares.depth.DepthMiddleware']
INFO: Enabled item pipelines:
['waitrose.pipelines.ImageDownloaderPipeline',
 'waitrose.pipelines.SQLlitePipeline']
INFO: Spider opened
INFO: Crawled 0 pages (at 0 pages/min), scraped 0 items (at 0 items/min)
WARNING: C:\Users\sujithk\AppData\Local\Continuum\anaconda3\envs\Virtual_Env\lib\site-packages\scrapy\spidermiddlewares\offsite.py:61: URLWarning: allowed_domains accepts only domains, not URLs. Ignoring URL entry https://www.waitrose.com/ in allowed_domains.
  warnings.warn(message, URLWarning)

INFO: Telnet console listening on 127.0.0.1:6023
INFO: Crawled 0 pages (at 0 pages/min), scraped 0 items (at 0 items/min)
DEBUG: Crawled (200) <GET https://www.waitrose.com/ecom/shop/browse/groceries/toiletries_health_and_beauty/hair_care/shampoo via http://192.168.1.4:8050/execute> (referer: None)
DEBUG: Scraped from <200 https://www.waitrose.com/ecom/shop/browse/groceries/toiletries_health_and_beauty/hair_care/shampoo>
{'client': 'Waitrose', 'time': datetime.datetime(2020, 9, 20, 23, 20, 51, 829596), 'category': 'Shampoo', 'id': 'tPp096508-49364-49365', 'prod_name': 'Aussie Miracle Moist Shampoo', 'waitrose_Qty': '300ml', 'waitrose_discounted_price': '£2.05', 'waitrose_offer_desc': 'Half Price.', 'waitrose_url': 'https://www.waitrose.com/ecom/shop/browse/groceries/toiletries_health_and_beauty/hair_care/shampoo', 'waitrose_rating': '3.7', 'waitrose_unit_price': '(68.3p/100ml)', 'waitrose_new_flag': None, 'waitrose_prod_name': 'Aussie Miracle Moist Shampoo 300ml', 'images': []}
DEBUG: Scraped from <200 https://www.waitrose.com/ecom/shop/browse/groceries/toiletries_health_and_beauty/hair_care/shampoo>
{'client': 'Waitrose', 'time': datetime.datetime(2020, 9, 20, 23, 20, 51, 829596), 'category': 'Shampoo', 'id': 'tPp092708-47659-47660', 'prod_name': 'Vosene Original Shampoo', 'waitrose_Qty': '250ml', 'waitrose_discounted_price': '£1.36', 'waitrose_offer_desc': 'Save 1/3.', 'waitrose_url': 'https://www.waitrose.com/ecom/shop/browse/groceries/toiletries_health_and_beauty/hair_care/shampoo', 'waitrose_rating': '5', 'waitrose_unit_price': '(54.4p/100ml)', 'waitrose_new_flag': None, 'waitrose_prod_name': 'Vosene Original Shampoo 250ml', 'images': []}
DEBUG: Scraped from <200 https://www.waitrose.com/ecom/shop/browse/groceries/toiletries_health_and_beauty/hair_care/shampoo>
{'client': 'Waitrose', 'time': datetime.datetime(2020, 9, 20, 23, 20, 51, 829596), 'category': 'Shampoo', 'id': 'tPp059421-29947-29948', 'prod_name': 'Aussie Aussome Volume Shampoo', 'waitrose_Qty': '300ml', 'waitrose_discounted_price': '£2.00', 'waitrose_offer_desc': 'Half Price.', 'waitrose_url': 'https://www.waitrose.com/ecom/shop/browse/groceries/toiletries_health_and_beauty/hair_care/shampoo', 'waitrose_rating': '5', 'waitrose_unit_price': '(66.7p/100ml)', 'waitrose_new_flag': None, 'waitrose_prod_name': 'Aussie Aussome Volume Shampoo 300ml', 'images': []}
DEBUG: Scraped from <200 https://www.waitrose.com/ecom/shop/browse/groceries/toiletries_health_and_beauty/hair_care/shampoo>
{'client': 'Waitrose', 'time': datetime.datetime(2020, 9, 20, 23, 20, 51, 829596), 'category': 'Shampoo', 'id': 'tPp799806-683814-683815', 'prod_name': 'Tresemmé Shampoo Moisture Rich', 'waitrose_Qty': '800ml', 'waitrose_discounted_price': '£2.75', 'waitrose_offer_desc': 'Half Price.', 'waitrose_url': 'https://www.waitrose.com/ecom/shop/browse/groceries/toiletries_health_and_beauty/hair_care/shampoo', 'waitrose_rating': None, 'waitrose_unit_price': '(34.4p/100ml)', 'waitrose_new_flag': None, 'waitrose_prod_name': 'Tresemmé Shampoo Moisture Rich 800ml', 'images': []}
DEBUG: Scraped from <200 https://www.waitrose.com/ecom/shop/browse/groceries/toiletries_health_and_beauty/hair_care/shampoo>
{'client': 'Waitrose', 'time': datetime.datetime(2020, 9, 20, 23, 20, 51, 829596), 'category': 'Shampoo', 'id': 'tPp799806-683814-683815', 'prod_name': 'Tresemmé Shampoo Moisture Rich', 'waitrose_Qty': '800ml', 'waitrose_discounted_price': '£2.75', 'waitrose_offer_desc': 'Half Price.', 'waitrose_url': 'https://www.waitrose.com/ecom/shop/browse/groceries/toiletries_health_and_beauty/hair_care/shampoo', 'waitrose_rating': None, 'waitrose_unit_price': '(34.4p/100ml)', 'waitrose_new_flag': None, 'waitrose_prod_name': 'Tresemmé Shampoo Moisture Rich 800ml', 'images': []}
DEBUG: Scraped from <200 https://www.waitrose.com/ecom/shop/browse/groceries/toiletries_health_and_beauty/hair_care/shampoo>
{'client': 'Waitrose', 'time': datetime.datetime(2020, 9, 20, 23, 20, 51, 829596), 'category': 'Shampoo', 'id': 'tPp096232-49248-49249', 'prod_name': 'Aussie Mega Shampoo', 'waitrose_Qty': '300ml', 'waitrose_discounted_price': '£2.05', 'waitrose_offer_desc': 'Half Price.', 'waitrose_url': 'https://www.waitrose.com/ecom/shop/browse/groceries/toiletries_health_and_beauty/hair_care/shampoo', 'waitrose_rating': '2.5', 'waitrose_unit_price': '(68.3p/100ml)', 'waitrose_new_flag': None, 'waitrose_prod_name': 'Aussie Mega Shampoo 300ml', 'images': []}
DEBUG: Scraped from <200 https://www.waitrose.com/ecom/shop/browse/groceries/toiletries_health_and_beauty/hair_care/shampoo>
{'client': 'Waitrose', 'time': datetime.datetime(2020, 9, 20, 23, 20, 51, 829596), 'category': 'Shampoo', 'id': 'tPp639145-337007-337008', 'prod_name': 'Tresemmé Shampoo Deep Cleansing', 'waitrose_Qty': '800ml', 'waitrose_discounted_price': '£2.75', 'waitrose_offer_desc': 'Half Price.', 'waitrose_url': 'https://www.waitrose.com/ecom/shop/browse/groceries/toiletries_health_and_beauty/hair_care/shampoo', 'waitrose_rating': '5', 'waitrose_unit_price': '(34.4p/100ml)', 'waitrose_new_flag': None, 'waitrose_prod_name': 'Tresemmé Shampoo Deep Cleansing 800ml', 'images': []}
DEBUG: Scraped from <200 https://www.waitrose.com/ecom/shop/browse/groceries/toiletries_health_and_beauty/hair_care/shampoo>
{'client': 'Waitrose', 'time': datetime.datetime(2020, 9, 20, 23, 20, 51, 829596), 'category': 'Shampoo', 'id': 'tPp819340-720339-720340', 'prod_name': 'Head & Shoulders Supreme Shampoo', 'waitrose_Qty': '400ml', 'waitrose_discounted_price': '£3.33', 'waitrose_offer_desc': 'Save 1/3.', 'waitrose_url': 'https://www.waitrose.com/ecom/shop/browse/groceries/toiletries_health_and_beauty/hair_care/shampoo', 'waitrose_rating': None, 'waitrose_unit_price': '(83.3p/100ml)', 'waitrose_new_flag': None, 'waitrose_prod_name': 'Head & Shoulders Supreme Shampoo 400ml', 'images': []}
DEBUG: Scraped from <200 https://www.waitrose.com/ecom/shop/browse/groceries/toiletries_health_and_beauty/hair_care/shampoo>
{'client': 'Waitrose', 'time': datetime.datetime(2020, 9, 20, 23, 20, 51, 829596), 'category': 'Shampoo', 'id': 'tPp083596-42439-42440', 'prod_name': 'Aussie Colour Mate Shampoo', 'waitrose_Qty': '300ml', 'waitrose_discounted_price': '£2.05', 'waitrose_offer_desc': 'Half Price.', 'waitrose_url': 'https://www.waitrose.com/ecom/shop/browse/groceries/toiletries_health_and_beauty/hair_care/shampoo', 'waitrose_rating': '5', 'waitrose_unit_price': '(68.3p/100ml)', 'waitrose_new_flag': None, 'waitrose_prod_name': 'Aussie Colour Mate Shampoo 300ml', 'images': []}
DEBUG: Scraped from <200 https://www.waitrose.com/ecom/shop/browse/groceries/toiletries_health_and_beauty/hair_care/shampoo>
{'client': 'Waitrose', 'time': datetime.datetime(2020, 9, 20, 23, 20, 51, 829596), 'category': 'Shampoo', 'id': 'tPp364793-255761-255762', 'prod_name': 'Aussie Miracle Shine Shampoo', 'waitrose_Qty': '300ml', 'waitrose_discounted_price': '£2.00', 'waitrose_offer_desc': 'Half Price.', 'waitrose_url': 'https://www.waitrose.com/ecom/shop/browse/groceries/toiletries_health_and_beauty/hair_care/shampoo', 'waitrose_rating': None, 'waitrose_unit_price': '(66.7p/100ml)', 'waitrose_new_flag': None, 'waitrose_prod_name': 'Aussie Miracle Shine Shampoo 300ml', 'images': []}
DEBUG: Scraped from <200 https://www.waitrose.com/ecom/shop/browse/groceries/toiletries_health_and_beauty/hair_care/shampoo>
{'client': 'Waitrose', 'time': datetime.datetime(2020, 9, 20, 23, 20, 51, 829596), 'category': 'Shampoo', 'id': 'tPp433216-720111-720112', 'prod_name': 'John Frieda Hydrate & Recharge Shampoo', 'waitrose_Qty': '250ml', 'waitrose_discounted_price': '£3.99', 'waitrose_offer_desc': 'Save 1/3.', 'waitrose_url': 'https://www.waitrose.com/ecom/shop/browse/groceries/toiletries_health_and_beauty/hair_care/shampoo', 'waitrose_rating': None, 'waitrose_unit_price': '(£1.60/100ml)', 'waitrose_new_flag': None, 'waitrose_prod_name': 'John Frieda Hydrate & Recharge Shampoo 250ml', 'images': []}
DEBUG: Scraped from <200 https://www.waitrose.com/ecom/shop/browse/groceries/toiletries_health_and_beauty/hair_care/shampoo>
{'client': 'Waitrose', 'time': datetime.datetime(2020, 9, 20, 23, 20, 51, 829596), 'category': 'Shampoo', 'id': 'tPp819563-729788-729789', 'prod_name': 'Aussie Blonde Purple Shampoo', 'waitrose_Qty': '290ml', 'waitrose_discounted_price': '£2.99', 'waitrose_offer_desc': 'Half Price.', 'waitrose_url': 'https://www.waitrose.com/ecom/shop/browse/groceries/toiletries_health_and_beauty/hair_care/shampoo', 'waitrose_rating': None, 'waitrose_unit_price': '(£1.04/100ml)', 'waitrose_new_flag': None, 'waitrose_prod_name': 'Aussie Blonde Purple Shampoo 290ml', 'images': []}
DEBUG: Scraped from <200 https://www.waitrose.com/ecom/shop/browse/groceries/toiletries_health_and_beauty/hair_care/shampoo>
{'client': 'Waitrose', 'time': datetime.datetime(2020, 9, 20, 23, 20, 51, 829596), 'category': 'Shampoo', 'id': 'tPp595050-720203-720204', 'prod_name': 'Herbal Essences Coconut Shampoo', 'waitrose_Qty': '250ml', 'waitrose_discounted_price': '£2.00', 'waitrose_offer_desc': 'Save 1/3.', 'waitrose_url': 'https://www.waitrose.com/ecom/shop/browse/groceries/toiletries_health_and_beauty/hair_care/shampoo', 'waitrose_rating': None, 'waitrose_unit_price': '(80p/100ml)', 'waitrose_new_flag': None, 'waitrose_prod_name': 'Herbal Essences Coconut Shampoo 250ml', 'images': []}
DEBUG: Scraped from <200 https://www.waitrose.com/ecom/shop/browse/groceries/toiletries_health_and_beauty/hair_care/shampoo>
{'client': 'Waitrose', 'time': datetime.datetime(2020, 9, 20, 23, 20, 51, 829596), 'category': 'Shampoo', 'id': 'tPp775870-724036-724037', 'prod_name': 'Faith in Nature Wild Rose Shampoo', 'waitrose_Qty': '400ml', 'waitrose_discounted_price': '£3.86', 'waitrose_offer_desc': 'Save 1/3.', 'waitrose_url': 'https://www.waitrose.com/ecom/shop/browse/groceries/toiletries_health_and_beauty/hair_care/shampoo', 'waitrose_rating': '5', 'waitrose_unit_price': '(96.5p/100ml)', 'waitrose_new_flag': None, 'waitrose_prod_name': 'Faith in Nature Wild Rose Shampoo 400ml', 'images': []}
DEBUG: Scraped from <200 https://www.waitrose.com/ecom/shop/browse/groceries/toiletries_health_and_beauty/hair_care/shampoo>
{'client': 'Waitrose', 'time': datetime.datetime(2020, 9, 20, 23, 20, 51, 829596), 'category': 'Shampoo', 'id': 'tPp455905-591789-591790', 'prod_name': 'Herbal Essences clean Shampoo', 'waitrose_Qty': '400ml', 'waitrose_discounted_price': '£4.50', 'waitrose_offer_desc': None, 'waitrose_url': 'https://www.waitrose.com/ecom/shop/browse/groceries/toiletries_health_and_beauty/hair_care/shampoo', 'waitrose_rating': None, 'waitrose_unit_price': '(£1.13/100ml)', 'waitrose_new_flag': None, 'waitrose_prod_name': 'Herbal Essences clean Shampoo 400ml', 'images': []}
DEBUG: Scraped from <200 https://www.waitrose.com/ecom/shop/browse/groceries/toiletries_health_and_beauty/hair_care/shampoo>
{'client': 'Waitrose', 'time': datetime.datetime(2020, 9, 20, 23, 20, 51, 829596), 'category': 'Shampoo', 'id': 'tPp747801-683764-683765', 'prod_name': 'Aussie Shampoo Scent-sational', 'waitrose_Qty': '300ml', 'waitrose_discounted_price': '£2.00', 'waitrose_offer_desc': 'Half Price.', 'waitrose_url': 'https://www.waitrose.com/ecom/shop/browse/groceries/toiletries_health_and_beauty/hair_care/shampoo', 'waitrose_rating': '5', 'waitrose_unit_price': '(66.7p/100ml)', 'waitrose_new_flag': None, 'waitrose_prod_name': 'Aussie Shampoo Scent-sational 300ml', 'images': []}
DEBUG: Scraped from <200 https://www.waitrose.com/ecom/shop/browse/groceries/toiletries_health_and_beauty/hair_care/shampoo>
{'client': 'Waitrose', 'time': datetime.datetime(2020, 9, 20, 23, 20, 51, 829596), 'category': 'Shampoo', 'id': 'tPp011495-5706-5707', 'prod_name': 'John Frieda Shampoo Touchably Full', 'waitrose_Qty': '250ml', 'waitrose_discounted_price': '£3.99', 'waitrose_offer_desc': 'Save 1/3.', 'waitrose_url': 'https://www.waitrose.com/ecom/shop/browse/groceries/toiletries_health_and_beauty/hair_care/shampoo', 'waitrose_rating': '4', 'waitrose_unit_price': '(£1.60/100ml)', 'waitrose_new_flag': None, 'waitrose_prod_name': 'John Frieda Shampoo Touchably Full 250ml', 'images': []}
DEBUG: Scraped from <200 https://www.waitrose.com/ecom/shop/browse/groceries/toiletries_health_and_beauty/hair_care/shampoo>
{'client': 'Waitrose', 'time': datetime.datetime(2020, 9, 20, 23, 20, 51, 829596), 'category': 'Shampoo', 'id': 'tPp538896-720173-720174', 'prod_name': 'Herbal Essences Argan Oil Shampoo', 'waitrose_Qty': '250ml', 'waitrose_discounted_price': '£2.00', 'waitrose_offer_desc': 'Save 1/3.', 'waitrose_url': 'https://www.waitrose.com/ecom/shop/browse/groceries/toiletries_health_and_beauty/hair_care/shampoo', 'waitrose_rating': None, 'waitrose_unit_price': '(80p/100ml)', 'waitrose_new_flag': None, 'waitrose_prod_name': 'Herbal Essences Argan Oil Shampoo 250ml', 'images': []}
DEBUG: Scraped from <200 https://www.waitrose.com/ecom/shop/browse/groceries/toiletries_health_and_beauty/hair_care/shampoo>
{'client': 'Waitrose', 'time': datetime.datetime(2020, 9, 20, 23, 20, 51, 829596), 'category': 'Shampoo', 'id': 'tPp701301-99532-99533', 'prod_name': 'Essential Daily Care Shampoo', 'waitrose_Qty': '300ml', 'waitrose_discounted_price': '80p', 'waitrose_offer_desc': None, 'waitrose_url': 'https://www.waitrose.com/ecom/shop/browse/groceries/toiletries_health_and_beauty/hair_care/shampoo', 'waitrose_rating': '4.1', 'waitrose_unit_price': '(26.7p/100ml)', 'waitrose_new_flag': None, 'waitrose_prod_name': 'Essential Daily Care Shampoo 300ml', 'images': []}
DEBUG: Scraped from <200 https://www.waitrose.com/ecom/shop/browse/groceries/toiletries_health_and_beauty/hair_care/shampoo>
{'client': 'Waitrose', 'time': datetime.datetime(2020, 9, 20, 23, 20, 51, 829596), 'category': 'Shampoo', 'id': 'tPp865734-216867-216868', 'prod_name': 'Ogx Argan Oil of Morocco Shampoo', 'waitrose_Qty': '385ml', 'waitrose_discounted_price': '£7.00', 'waitrose_offer_desc': None, 'waitrose_url': 'https://www.waitrose.com/ecom/shop/browse/groceries/toiletries_health_and_beauty/hair_care/shampoo', 'waitrose_rating': '3.4', 'waitrose_unit_price': '(£1.82/100ml)', 'waitrose_new_flag': None, 'waitrose_prod_name': 'Ogx Argan Oil of Morocco Shampoo 385ml', 'images': []}
DEBUG: Scraped from <200 https://www.waitrose.com/ecom/shop/browse/groceries/toiletries_health_and_beauty/hair_care/shampoo>
{'client': 'Waitrose', 'time': datetime.datetime(2020, 9, 20, 23, 20, 51, 829596), 'category': 'Shampoo', 'id': 'tPp735040-695707-695708', 'prod_name': 'Vosene Kids 3in1 Tea Tree Shampoo', 'waitrose_Qty': '250ml', 'waitrose_discounted_price': '£1.66', 'waitrose_offer_desc': 'Save 1/3.', 'waitrose_url': 'https://www.waitrose.com/ecom/shop/browse/groceries/toiletries_health_and_beauty/hair_care/shampoo', 'waitrose_rating': None, 'waitrose_unit_price': '(66.4p/100ml)', 'waitrose_new_flag': None, 'waitrose_prod_name': 'Vosene Kids 3in1 Tea Tree Shampoo 250ml', 'images': []}
DEBUG: Scraped from <200 https://www.waitrose.com/ecom/shop/browse/groceries/toiletries_health_and_beauty/hair_care/shampoo>
{'client': 'Waitrose', 'time': datetime.datetime(2020, 9, 20, 23, 20, 51, 829596), 'category': 'Shampoo', 'id': 'tPp610920-86669-86670', 'prod_name': 'Sheer Blonde Go Blonder Shampoo', 'waitrose_Qty': '250ml', 'waitrose_discounted_price': '£3.99', 'waitrose_offer_desc': 'Save 1/3.', 'waitrose_url': 'https://www.waitrose.com/ecom/shop/browse/groceries/toiletries_health_and_beauty/hair_care/shampoo', 'waitrose_rating': '3.5', 'waitrose_unit_price': '(£1.60/100ml)', 'waitrose_new_flag': None, 'waitrose_prod_name': 'Sheer Blonde Go Blonder Shampoo 250ml', 'images': []}
DEBUG: Scraped from <200 https://www.waitrose.com/ecom/shop/browse/groceries/toiletries_health_and_beauty/hair_care/shampoo>
{'client': 'Waitrose', 'time': datetime.datetime(2020, 9, 20, 23, 20, 51, 829596), 'category': 'Shampoo', 'id': 'tPp847454-724141-724142', 'prod_name': 'Faith in Nature Grapefruit Shampoo', 'waitrose_Qty': '400ml', 'waitrose_discounted_price': '£3.86', 'waitrose_offer_desc': 'Save 1/3.', 'waitrose_url': 'https://www.waitrose.com/ecom/shop/browse/groceries/toiletries_health_and_beauty/hair_care/shampoo', 'waitrose_rating': '5', 'waitrose_unit_price': '(96.5p/100ml)', 'waitrose_new_flag': None, 'waitrose_prod_name': 'Faith in Nature Grapefruit Shampoo 400ml', 'images': []}
DEBUG: Scraped from <200 https://www.waitrose.com/ecom/shop/browse/groceries/toiletries_health_and_beauty/hair_care/shampoo>
{'client': 'Waitrose', 'time': datetime.datetime(2020, 9, 20, 23, 20, 51, 829596), 'category': 'Shampoo', 'id': 'tPp502437-720153-720154', 'prod_name': 'Aussie Calm The Frizz Shampoo', 'waitrose_Qty': '300ml', 'waitrose_discounted_price': '£2.00', 'waitrose_offer_desc': 'Half Price.', 'waitrose_url': 'https://www.waitrose.com/ecom/shop/browse/groceries/toiletries_health_and_beauty/hair_care/shampoo', 'waitrose_rating': None, 'waitrose_unit_price': '(66.7p/100ml)', 'waitrose_new_flag': None, 'waitrose_prod_name': 'Aussie Calm The Frizz Shampoo 300ml', 'images': []}
DEBUG: Scraped from <200 https://www.waitrose.com/ecom/shop/browse/groceries/toiletries_health_and_beauty/hair_care/shampoo>
{'client': 'Waitrose', 'time': datetime.datetime(2020, 9, 20, 23, 20, 51, 829596), 'category': 'Shampoo', 'id': 'tPp702159-494964-494965', 'prod_name': 'DGJ Argan Oil Shampoo', 'waitrose_Qty': '250ml', 'waitrose_discounted_price': '£2.50', 'waitrose_offer_desc': 'Half Price.', 'waitrose_url': 'https://www.waitrose.com/ecom/shop/browse/groceries/toiletries_health_and_beauty/hair_care/shampoo', 'waitrose_rating': None, 'waitrose_unit_price': '(£1/100ml)', 'waitrose_new_flag': None, 'waitrose_prod_name': 'DGJ Argan Oil Shampoo 250ml', 'images': []}
DEBUG: Scraped from <200 https://www.waitrose.com/ecom/shop/browse/groceries/toiletries_health_and_beauty/hair_care/shampoo>
{'client': 'Waitrose', 'time': datetime.datetime(2020, 9, 20, 23, 20, 51, 829596), 'category': 'Shampoo', 'id': 'tPp833802-337290-337291', 'prod_name': 'Aussie Miracle Moist Spray', 'waitrose_Qty': '250ml', 'waitrose_discounted_price': '£2.57', 'waitrose_offer_desc': 'Half Price.', 'waitrose_url': 'https://www.waitrose.com/ecom/shop/browse/groceries/toiletries_health_and_beauty/hair_care/shampoo', 'waitrose_rating': None, 'waitrose_unit_price': '(£1.03/100ml)', 'waitrose_new_flag': None, 'waitrose_prod_name': 'Aussie Miracle Moist Spray 250ml', 'images': []}
DEBUG: Scraped from <200 https://www.waitrose.com/ecom/shop/browse/groceries/toiletries_health_and_beauty/hair_care/shampoo>
{'client': 'Waitrose', 'time': datetime.datetime(2020, 9, 20, 23, 20, 51, 829596), 'category': 'Shampoo', 'id': 'tPp855140-216863-216864', 'prod_name': 'Ogx Coconut Milk Shampoo', 'waitrose_Qty': '385ml', 'waitrose_discounted_price': '£7.00', 'waitrose_offer_desc': None, 'waitrose_url': 'https://www.waitrose.com/ecom/shop/browse/groceries/toiletries_health_and_beauty/hair_care/shampoo', 'waitrose_rating': '5', 'waitrose_unit_price': '(£1.82/100ml)', 'waitrose_new_flag': None, 'waitrose_prod_name': 'Ogx Coconut Milk Shampoo 385ml', 'images': []}
DEBUG: Scraped from <200 https://www.waitrose.com/ecom/shop/browse/groceries/toiletries_health_and_beauty/hair_care/shampoo>
{'client': 'Waitrose', 'time': datetime.datetime(2020, 9, 20, 23, 20, 51, 829596), 'category': 'Shampoo', 'id': 'tPp494340-69860-69861', 'prod_name': "Neal's Yard Rose Shampoo", 'waitrose_Qty': '200ml', 'waitrose_discounted_price': '£7.66', 'waitrose_offer_desc': 'Save 1/3.', 'waitrose_url': 'https://www.waitrose.com/ecom/shop/browse/groceries/toiletries_health_and_beauty/hair_care/shampoo', 'waitrose_rating': '3.1', 'waitrose_unit_price': '(£3.83/100ml)', 'waitrose_new_flag': None, 'waitrose_prod_name': "Neal's Yard Rose Shampoo 200ml", 'images': []}
DEBUG: Scraped from <200 https://www.waitrose.com/ecom/shop/browse/groceries/toiletries_health_and_beauty/hair_care/shampoo>
{'client': 'Waitrose', 'time': datetime.datetime(2020, 9, 20, 23, 20, 51, 829596), 'category': 'Shampoo', 'id': 'tPp472240-591833-591834', 'prod_name': 'Herbal Essences Repair Shampoo', 'waitrose_Qty': '400ml', 'waitrose_discounted_price': '£4.50', 'waitrose_offer_desc': None, 'waitrose_url': 'https://www.waitrose.com/ecom/shop/browse/groceries/toiletries_health_and_beauty/hair_care/shampoo', 'waitrose_rating': '5', 'waitrose_unit_price': '(£1.13/100ml)', 'waitrose_new_flag': None, 'waitrose_prod_name': 'Herbal Essences Repair Shampoo 400ml', 'images': []}
DEBUG: Scraped from <200 https://www.waitrose.com/ecom/shop/browse/groceries/toiletries_health_and_beauty/hair_care/shampoo>
{'client': 'Waitrose', 'time': datetime.datetime(2020, 9, 20, 23, 20, 51, 829596), 'category': 'Shampoo', 'id': 'tPp535961-75786-75787', 'prod_name': 'essential Waitrose Nourishing Shampoo', 'waitrose_Qty': '300ml', 'waitrose_discounted_price': '80p', 'waitrose_offer_desc': None, 'waitrose_url': 'https://www.waitrose.com/ecom/shop/browse/groceries/toiletries_health_and_beauty/hair_care/shampoo', 'waitrose_rating': '4.3', 'waitrose_unit_price': '(26.7p/100ml)', 'waitrose_new_flag': None, 'waitrose_prod_name': 'essential Waitrose Nourishing Shampoo 300ml', 'images': []}
DEBUG: Scraped from <200 https://www.waitrose.com/ecom/shop/browse/groceries/toiletries_health_and_beauty/hair_care/shampoo>
{'client': 'Waitrose', 'time': datetime.datetime(2020, 9, 20, 23, 20, 51, 829596), 'category': 'Shampoo', 'id': 'tPp490113-591883-591884', 'prod_name': 'Herbal Essences Volume Shampoo', 'waitrose_Qty': '400ml', 'waitrose_discounted_price': '£4.50', 'waitrose_offer_desc': None, 'waitrose_url': 'https://www.waitrose.com/ecom/shop/browse/groceries/toiletries_health_and_beauty/hair_care/shampoo', 'waitrose_rating': '5', 'waitrose_unit_price': '(£1.13/100ml)', 'waitrose_new_flag': None, 'waitrose_prod_name': 'Herbal Essences Volume Shampoo 400ml', 'images': []}
DEBUG: Scraped from <200 https://www.waitrose.com/ecom/shop/browse/groceries/toiletries_health_and_beauty/hair_care/shampoo>
{'client': 'Waitrose', 'time': datetime.datetime(2020, 9, 20, 23, 20, 51, 829596), 'category': 'Shampoo', 'id': 'tPp639366-90822-90823', 'prod_name': 'Head & Shoulders Shampoo Classic', 'waitrose_Qty': '500ml', 'waitrose_discounted_price': '£5.15', 'waitrose_offer_desc': None, 'waitrose_url': 'https://www.waitrose.com/ecom/shop/browse/groceries/toiletries_health_and_beauty/hair_care/shampoo', 'waitrose_rating': '3.5', 'waitrose_unit_price': '(£1.03/100ml)', 'waitrose_new_flag': None, 'waitrose_prod_name': 'Head & Shoulders Shampoo Classic 500ml', 'images': []}
DEBUG: Scraped from <200 https://www.waitrose.com/ecom/shop/browse/groceries/toiletries_health_and_beauty/hair_care/shampoo>
{'client': 'Waitrose', 'time': datetime.datetime(2020, 9, 20, 23, 20, 51, 829596), 'category': 'Shampoo', 'id': 'tPp725068-723986-723987', 'prod_name': 'Faith in Nature Lavender Shampoo', 'waitrose_Qty': '400ml', 'waitrose_discounted_price': '£3.86', 'waitrose_offer_desc': 'Save 1/3.', 'waitrose_url': 'https://www.waitrose.com/ecom/shop/browse/groceries/toiletries_health_and_beauty/hair_care/shampoo', 'waitrose_rating': None, 'waitrose_unit_price': '(96.5p/100ml)', 'waitrose_new_flag': None, 'waitrose_prod_name': 'Faith in Nature Lavender Shampoo 400ml', 'images': []}
DEBUG: Scraped from <200 https://www.waitrose.com/ecom/shop/browse/groceries/toiletries_health_and_beauty/hair_care/shampoo>
{'client': 'Waitrose', 'time': datetime.datetime(2020, 9, 20, 23, 20, 51, 829596), 'category': 'Shampoo', 'id': 'tPp745828-495012-495013', 'prod_name': 'DGJ Kids Lice Repel Shampoo', 'waitrose_Qty': '250ml', 'waitrose_discounted_price': '£1.75', 'waitrose_offer_desc': 'Half Price.', 'waitrose_url': 'https://www.waitrose.com/ecom/shop/browse/groceries/toiletries_health_and_beauty/hair_care/shampoo', 'waitrose_rating': None, 'waitrose_unit_price': '(70p/100ml)', 'waitrose_new_flag': None, 'waitrose_prod_name': 'DGJ Kids Lice Repel Shampoo 250ml', 'images': []}
DEBUG: Scraped from <200 https://www.waitrose.com/ecom/shop/browse/groceries/toiletries_health_and_beauty/hair_care/shampoo>
{'client': 'Waitrose', 'time': datetime.datetime(2020, 9, 20, 23, 20, 51, 829596), 'category': 'Shampoo', 'id': 'tPp563832-295347-295348', 'prod_name': 'Argan + Argan Oil 5Oil Miracle Shampoo', 'waitrose_Qty': '300ml', 'waitrose_discounted_price': '£4.00', 'waitrose_offer_desc': 'Save 1/3.', 'waitrose_url': 'https://www.waitrose.com/ecom/shop/browse/groceries/toiletries_health_and_beauty/hair_care/shampoo', 'waitrose_rating': '5', 'waitrose_unit_price': '(£1.34/100ml)', 'waitrose_new_flag': None, 'waitrose_prod_name': 'Argan + Argan Oil 5Oil Miracle Shampoo 300ml', 'images': []}
DEBUG: Scraped from <200 https://www.waitrose.com/ecom/shop/browse/groceries/toiletries_health_and_beauty/hair_care/shampoo>
{'client': 'Waitrose', 'time': datetime.datetime(2020, 9, 20, 23, 20, 51, 829596), 'category': 'Shampoo', 'id': 'tPp414862-695397-695398', 'prod_name': 'Noughty Wave Hello Shampoo', 'waitrose_Qty': '250ml', 'waitrose_discounted_price': '£4.66', 'waitrose_offer_desc': 'Save 1/3.', 'waitrose_url': 'https://www.waitrose.com/ecom/shop/browse/groceries/toiletries_health_and_beauty/hair_care/shampoo', 'waitrose_rating': None, 'waitrose_unit_price': '(£1.87/100ml)', 'waitrose_new_flag': None, 'waitrose_prod_name': 'Noughty Wave Hello Shampoo 250ml', 'images': []}
DEBUG: Scraped from <200 https://www.waitrose.com/ecom/shop/browse/groceries/toiletries_health_and_beauty/hair_care/shampoo>
{'client': 'Waitrose', 'time': datetime.datetime(2020, 9, 20, 23, 20, 51, 829596), 'category': 'Shampoo', 'id': 'tPp711086-652694-652695', 'prod_name': 'Head & Shoulders Supreme Moisture', 'waitrose_Qty': '400ml', 'waitrose_discounted_price': '£3.43', 'waitrose_offer_desc': 'Save 1/3.', 'waitrose_url': 'https://www.waitrose.com/ecom/shop/browse/groceries/toiletries_health_and_beauty/hair_care/shampoo', 'waitrose_rating': None, 'waitrose_unit_price': '(85.8p/100ml)', 'waitrose_new_flag': None, 'waitrose_prod_name': 'Head & Shoulders Supreme Moisture 400ml', 'images': []}
DEBUG: Scraped from <200 https://www.waitrose.com/ecom/shop/browse/groceries/toiletries_health_and_beauty/hair_care/shampoo>
{'client': 'Waitrose', 'time': datetime.datetime(2020, 9, 20, 23, 20, 51, 829596), 'category': 'Shampoo', 'id': 'tPp065299-33095-33096', 'prod_name': 'Frizz Ease Dream Curls Shampoo', 'waitrose_Qty': '250ml', 'waitrose_discounted_price': '£3.99', 'waitrose_offer_desc': 'Save 1/3.', 'waitrose_url': 'https://www.waitrose.com/ecom/shop/browse/groceries/toiletries_health_and_beauty/hair_care/shampoo', 'waitrose_rating': '5', 'waitrose_unit_price': '(£1.60/100ml)', 'waitrose_new_flag': None, 'waitrose_prod_name': 'Frizz Ease Dream Curls Shampoo 250ml', 'images': []}
DEBUG: Scraped from <200 https://www.waitrose.com/ecom/shop/browse/groceries/toiletries_health_and_beauty/hair_care/shampoo>
{'client': 'Waitrose', 'time': datetime.datetime(2020, 9, 20, 23, 20, 51, 829596), 'category': 'Shampoo', 'id': 'tPp810201-352482-352483', 'prod_name': 'Essential Daily Care 2 in 1', 'waitrose_Qty': '300ml', 'waitrose_discounted_price': '80p', 'waitrose_offer_desc': None, 'waitrose_url': 'https://www.waitrose.com/ecom/shop/browse/groceries/toiletries_health_and_beauty/hair_care/shampoo', 'waitrose_rating': '4.3', 'waitrose_unit_price': '(26.7p/100ml)', 'waitrose_new_flag': None, 'waitrose_prod_name': 'Essential Daily Care 2 in 1 300ml', 'images': []}
DEBUG: Scraped from <200 https://www.waitrose.com/ecom/shop/browse/groceries/toiletries_health_and_beauty/hair_care/shampoo>
{'client': 'Waitrose', 'time': datetime.datetime(2020, 9, 20, 23, 20, 51, 829596), 'category': 'Shampoo', 'id': 'tPp583946-82773-82774', 'prod_name': "Neal's Yard Lavender Shampoo", 'waitrose_Qty': '200ml', 'waitrose_discounted_price': '£7.66', 'waitrose_offer_desc': 'Save 1/3.', 'waitrose_url': 'https://www.waitrose.com/ecom/shop/browse/groceries/toiletries_health_and_beauty/hair_care/shampoo', 'waitrose_rating': '2.3', 'waitrose_unit_price': '(£3.83/100ml)', 'waitrose_new_flag': None, 'waitrose_prod_name': "Neal's Yard Lavender Shampoo 200ml", 'images': []}
DEBUG: Scraped from <200 https://www.waitrose.com/ecom/shop/browse/groceries/toiletries_health_and_beauty/hair_care/shampoo>
{'client': 'Waitrose', 'time': datetime.datetime(2020, 9, 20, 23, 20, 51, 829596), 'category': 'Shampoo', 'id': 'tPp844892-695845-695846', 'prod_name': 'Head & Shoulders Colour Protect', 'waitrose_Qty': '400ml', 'waitrose_discounted_price': '£3.33', 'waitrose_offer_desc': 'Save 1/3.', 'waitrose_url': 'https://www.waitrose.com/ecom/shop/browse/groceries/toiletries_health_and_beauty/hair_care/shampoo', 'waitrose_rating': None, 'waitrose_unit_price': '(83.3p/100ml)', 'waitrose_new_flag': None, 'waitrose_prod_name': 'Head & Shoulders Colour Protect 400ml', 'images': []}
DEBUG: Scraped from <200 https://www.waitrose.com/ecom/shop/browse/groceries/toiletries_health_and_beauty/hair_care/shampoo>
{'client': 'Waitrose', 'time': datetime.datetime(2020, 9, 20, 23, 20, 51, 829596), 'category': 'Shampoo', 'id': 'tPp425163-526469-526470', 'prod_name': 'Frizz Ease Shampoo Miraculous Recovery', 'waitrose_Qty': '250ml', 'waitrose_discounted_price': '£3.99', 'waitrose_offer_desc': 'Save 1/3.', 'waitrose_url': 'https://www.waitrose.com/ecom/shop/browse/groceries/toiletries_health_and_beauty/hair_care/shampoo', 'waitrose_rating': None, 'waitrose_unit_price': '(£1.60/100ml)', 'waitrose_new_flag': None, 'waitrose_prod_name': 'Frizz Ease Shampoo Miraculous Recovery 250ml', 'images': []}
DEBUG: Scraped from <200 https://www.waitrose.com/ecom/shop/browse/groceries/toiletries_health_and_beauty/hair_care/shampoo>
{'client': 'Waitrose', 'time': datetime.datetime(2020, 9, 20, 23, 20, 51, 829596), 'category': 'Shampoo', 'id': 'tPp755186-495024-495025', 'prod_name': 'DGJ Colour Save Shampoo', 'waitrose_Qty': '250ml', 'waitrose_discounted_price': '£2.50', 'waitrose_offer_desc': 'Half Price.', 'waitrose_url': 'https://www.waitrose.com/ecom/shop/browse/groceries/toiletries_health_and_beauty/hair_care/shampoo', 'waitrose_rating': None, 'waitrose_unit_price': '(£1/100ml)', 'waitrose_new_flag': None, 'waitrose_prod_name': 'DGJ Colour Save Shampoo 250ml', 'images': []}
DEBUG: Scraped from <200 https://www.waitrose.com/ecom/shop/browse/groceries/toiletries_health_and_beauty/hair_care/shampoo>
{'client': 'Waitrose', 'time': datetime.datetime(2020, 9, 20, 23, 20, 51, 829596), 'category': 'Shampoo', 'id': 'tPp407453-471203-471204', 'prod_name': 'Ogx Biotin & Collagen Shampoo', 'waitrose_Qty': '385ml', 'waitrose_discounted_price': '£7.00', 'waitrose_offer_desc': None, 'waitrose_url': 'https://www.waitrose.com/ecom/shop/browse/groceries/toiletries_health_and_beauty/hair_care/shampoo', 'waitrose_rating': None, 'waitrose_unit_price': '(£1.82/100ml)', 'waitrose_new_flag': None, 'waitrose_prod_name': 'Ogx Biotin & Collagen Shampoo 385ml', 'images': []}
DEBUG: Scraped from <200 https://www.waitrose.com/ecom/shop/browse/groceries/toiletries_health_and_beauty/hair_care/shampoo>
{'client': 'Waitrose', 'time': datetime.datetime(2020, 9, 20, 23, 20, 51, 829596), 'category': 'Shampoo', 'id': 'tPp425124-59787-59788', 'prod_name': 'Brilliant Brunette Protecting Shampoo', 'waitrose_Qty': '250ml', 'waitrose_discounted_price': '£3.99', 'waitrose_offer_desc': 'Save 1/3.', 'waitrose_url': 'https://www.waitrose.com/ecom/shop/browse/groceries/toiletries_health_and_beauty/hair_care/shampoo', 'waitrose_rating': None, 'waitrose_unit_price': '(£1.60/100ml)', 'waitrose_new_flag': None, 'waitrose_prod_name': 'Brilliant Brunette Protecting Shampoo 250ml', 'images': []}
DEBUG: Scraped from <200 https://www.waitrose.com/ecom/shop/browse/groceries/toiletries_health_and_beauty/hair_care/shampoo>
{'client': 'Waitrose', 'time': datetime.datetime(2020, 9, 20, 23, 20, 51, 829596), 'category': 'Shampoo', 'id': 'tPp427668-591713-591714', 'prod_name': 'Herbal Essences Hydrate Shampoo', 'waitrose_Qty': '400ml', 'waitrose_discounted_price': '£4.50', 'waitrose_offer_desc': None, 'waitrose_url': 'https://www.waitrose.com/ecom/shop/browse/groceries/toiletries_health_and_beauty/hair_care/shampoo', 'waitrose_rating': '5', 'waitrose_unit_price': '(£1.13/100ml)', 'waitrose_new_flag': None, 'waitrose_prod_name': 'Herbal Essences Hydrate Shampoo 400ml', 'images': []}
DEBUG: Scraped from <200 https://www.waitrose.com/ecom/shop/browse/groceries/toiletries_health_and_beauty/hair_care/shampoo>
{'client': 'Waitrose', 'time': datetime.datetime(2020, 9, 20, 23, 20, 51, 829596), 'category': 'Shampoo', 'id': 'tPp703131-695681-695682', 'prod_name': 'Head & Shoulders Repair Shampoo', 'waitrose_Qty': '400ml', 'waitrose_discounted_price': '£3.33', 'waitrose_offer_desc': 'Save 1/3.', 'waitrose_url': 'https://www.waitrose.com/ecom/shop/browse/groceries/toiletries_health_and_beauty/hair_care/shampoo', 'waitrose_rating': '4', 'waitrose_unit_price': '(83.3p/100ml)', 'waitrose_new_flag': None, 'waitrose_prod_name': 'Head & Shoulders Repair Shampoo 400ml', 'images': []}
DEBUG: Scraped from <200 https://www.waitrose.com/ecom/shop/browse/groceries/toiletries_health_and_beauty/hair_care/shampoo>
{'client': 'Waitrose', 'time': datetime.datetime(2020, 9, 20, 23, 20, 51, 829596), 'category': 'Shampoo', 'id': 'tPp687186-337057-337058', 'prod_name': 'Argan + Argan Oil Rejuvenating Shampoo', 'waitrose_Qty': '300ml', 'waitrose_discounted_price': '£4.00', 'waitrose_offer_desc': 'Save 1/3.', 'waitrose_url': 'https://www.waitrose.com/ecom/shop/browse/groceries/toiletries_health_and_beauty/hair_care/shampoo', 'waitrose_rating': '5', 'waitrose_unit_price': '(£1.34/100ml)', 'waitrose_new_flag': None, 'waitrose_prod_name': 'Argan + Argan Oil Rejuvenating Shampoo 300ml', 'images': []}
DEBUG: Scraped from <200 https://www.waitrose.com/ecom/shop/browse/groceries/toiletries_health_and_beauty/hair_care/shampoo>
{'client': 'Waitrose', 'time': datetime.datetime(2020, 9, 20, 23, 20, 51, 829596), 'category': 'Shampoo', 'id': 'tPp740653-352034-352035', 'prod_name': 'essential Waitrose Anti-Dandruff 2 in 1', 'waitrose_Qty': '300ml', 'waitrose_discounted_price': '£1.00', 'waitrose_offer_desc': 'Featured Product', 'waitrose_url': 'https://www.waitrose.com/ecom/shop/browse/groceries/toiletries_health_and_beauty/hair_care/shampoo', 'waitrose_rating': '4', 'waitrose_unit_price': '(33.3p/100ml)', 'waitrose_new_flag': None, 'waitrose_prod_name': 'essential Waitrose Anti-Dandruff 2 in 1 300ml', 'images': []}
DEBUG: Scraped from <200 https://www.waitrose.com/ecom/shop/browse/groceries/toiletries_health_and_beauty/hair_care/shampoo>
{'client': 'Waitrose', 'time': datetime.datetime(2020, 9, 20, 23, 20, 51, 829596), 'category': 'Shampoo', 'id': 'tPp755349-720291-720292', 'prod_name': 'Herbal Essences Aloe & Mango Shampoo', 'waitrose_Qty': '380ml', 'waitrose_discounted_price': '£4.50', 'waitrose_offer_desc': None, 'waitrose_url': 'https://www.waitrose.com/ecom/shop/browse/groceries/toiletries_health_and_beauty/hair_care/shampoo', 'waitrose_rating': None, 'waitrose_unit_price': '(£1.19/100ml)', 'waitrose_new_flag': None, 'waitrose_prod_name': 'Herbal Essences Aloe & Mango Shampoo 380ml', 'images': []}
DEBUG: Scraped from <200 https://www.waitrose.com/ecom/shop/browse/groceries/toiletries_health_and_beauty/hair_care/shampoo>
{'client': 'Waitrose', 'time': datetime.datetime(2020, 9, 20, 23, 20, 51, 829596), 'category': 'Shampoo', 'id': 'tPp657721-694179-694180', 'prod_name': 'Pantene 3 in 1 Classic Clean', 'waitrose_Qty': '450ml', 'waitrose_discounted_price': '£3.75', 'waitrose_offer_desc': None, 'waitrose_url': 'https://www.waitrose.com/ecom/shop/browse/groceries/toiletries_health_and_beauty/hair_care/shampoo', 'waitrose_rating': None, 'waitrose_unit_price': '(83.3p/100ml)', 'waitrose_new_flag': None, 'waitrose_prod_name': 'Pantene 3 in 1 Classic Clean 450ml', 'images': []}
DEBUG: Scraped from <200 https://www.waitrose.com/ecom/shop/browse/groceries/toiletries_health_and_beauty/hair_care/shampoo>
{'client': 'Waitrose', 'time': datetime.datetime(2020, 9, 20, 23, 20, 51, 829596), 'category': 'Shampoo', 'id': 'tPp755068-720289-720290', 'prod_name': 'Herbal Essences Aloe Hemp Shampoo', 'waitrose_Qty': '380ml', 'waitrose_discounted_price': '£4.50', 'waitrose_offer_desc': None, 'waitrose_url': 'https://www.waitrose.com/ecom/shop/browse/groceries/toiletries_health_and_beauty/hair_care/shampoo', 'waitrose_rating': None, 'waitrose_unit_price': '(£1.19/100ml)', 'waitrose_new_flag': None, 'waitrose_prod_name': 'Herbal Essences Aloe Hemp Shampoo 380ml', 'images': []}
DEBUG: Scraped from <200 https://www.waitrose.com/ecom/shop/browse/groceries/toiletries_health_and_beauty/hair_care/shampoo>
{'client': 'Waitrose', 'time': datetime.datetime(2020, 9, 20, 23, 20, 51, 829596), 'category': 'Shampoo', 'id': 'tPp051100-25409-25410', 'prod_name': 'Sheer Blonde Moisturising Shampoo', 'waitrose_Qty': '250ml', 'waitrose_discounted_price': '£3.99', 'waitrose_offer_desc': 'Save 1/3.', 'waitrose_url': 'https://www.waitrose.com/ecom/shop/browse/groceries/toiletries_health_and_beauty/hair_care/shampoo', 'waitrose_rating': '3', 'waitrose_unit_price': '(£1.60/100ml)', 'waitrose_new_flag': None, 'waitrose_prod_name': 'Sheer Blonde Moisturising Shampoo 250ml', 'images': []}
DEBUG: Scraped from <200 https://www.waitrose.com/ecom/shop/browse/groceries/toiletries_health_and_beauty/hair_care/shampoo>
{'client': 'Waitrose', 'time': datetime.datetime(2020, 9, 20, 23, 20, 51, 829596), 'category': 'Shampoo', 'id': 'tPp735751-154731-154732', 'prod_name': 'Aussie aussome volume shampoo', 'waitrose_Qty': '500ml', 'waitrose_discounted_price': '£6.10', 'waitrose_offer_desc': None, 'waitrose_url': 'https://www.waitrose.com/ecom/shop/browse/groceries/toiletries_health_and_beauty/hair_care/shampoo', 'waitrose_rating': None, 'waitrose_unit_price': '(£1.22/100ml)', 'waitrose_new_flag': None, 'waitrose_prod_name': 'Aussie aussome volume shampoo 500ml', 'images': []}
DEBUG: Scraped from <200 https://www.waitrose.com/ecom/shop/browse/groceries/toiletries_health_and_beauty/hair_care/shampoo>
{'client': 'Waitrose', 'time': datetime.datetime(2020, 9, 20, 23, 20, 51, 829596), 'category': 'Shampoo', 'id': 'tPp464815-154487-154488', 'prod_name': 'Batiste original dry shampoo', 'waitrose_Qty': '200ml', 'waitrose_discounted_price': '£3.00', 'waitrose_offer_desc': None, 'waitrose_url': 'https://www.waitrose.com/ecom/shop/browse/groceries/toiletries_health_and_beauty/hair_care/shampoo', 'waitrose_rating': '5', 'waitrose_unit_price': '(£1.50/100ml)', 'waitrose_new_flag': None, 'waitrose_prod_name': 'Batiste original dry shampoo 200ml', 'images': []}
DEBUG: Scraped from <200 https://www.waitrose.com/ecom/shop/browse/groceries/toiletries_health_and_beauty/hair_care/shampoo>
{'client': 'Waitrose', 'time': datetime.datetime(2020, 9, 20, 23, 20, 51, 829596), 'category': 'Shampoo', 'id': 'tPp480728-631267-631268', 'prod_name': 'Ogx Orchid Oil Shampoo', 'waitrose_Qty': '385ml', 'waitrose_discounted_price': '£7.00', 'waitrose_offer_desc': None, 'waitrose_url': 'https://www.waitrose.com/ecom/shop/browse/groceries/toiletries_health_and_beauty/hair_care/shampoo', 'waitrose_rating': '5', 'waitrose_unit_price': '(£1.82/100ml)', 'waitrose_new_flag': None, 'waitrose_prod_name': 'Ogx Orchid Oil Shampoo 385ml', 'images': []}
DEBUG: Scraped from <200 https://www.waitrose.com/ecom/shop/browse/groceries/toiletries_health_and_beauty/hair_care/shampoo>
{'client': 'Waitrose', 'time': datetime.datetime(2020, 9, 20, 23, 20, 51, 829596), 'category': 'Shampoo', 'id': 'tPp435635-694165-694166', 'prod_name': 'Pantene Classic Clean Shampoo', 'waitrose_Qty': '500ml', 'waitrose_discounted_price': '£5.15', 'waitrose_offer_desc': None, 'waitrose_url': 'https://www.waitrose.com/ecom/shop/browse/groceries/toiletries_health_and_beauty/hair_care/shampoo', 'waitrose_rating': None, 'waitrose_unit_price': '(£1.03/100ml)', 'waitrose_new_flag': None, 'waitrose_prod_name': 'Pantene Classic Clean Shampoo 500ml', 'images': []}
DEBUG: Scraped from <200 https://www.waitrose.com/ecom/shop/browse/groceries/toiletries_health_and_beauty/hair_care/shampoo>
{'client': 'Waitrose', 'time': datetime.datetime(2020, 9, 20, 23, 20, 51, 829596), 'category': 'Shampoo', 'id': 'tPp725372-631511-631512', 'prod_name': 'Hask Moni Coconut Oil Shampoo', 'waitrose_Qty': '355ml', 'waitrose_discounted_price': '£4.66', 'waitrose_offer_desc': 'Save 1/3.', 'waitrose_url': 'https://www.waitrose.com/ecom/shop/browse/groceries/toiletries_health_and_beauty/hair_care/shampoo', 'waitrose_rating': None, 'waitrose_unit_price': '(£1.32/100ml)', 'waitrose_new_flag': None, 'waitrose_prod_name': 'Hask Moni Coconut Oil Shampoo 355ml', 'images': []}
DEBUG: Scraped from <200 https://www.waitrose.com/ecom/shop/browse/groceries/toiletries_health_and_beauty/hair_care/shampoo>
{'client': 'Waitrose', 'time': datetime.datetime(2020, 9, 20, 23, 20, 51, 829596), 'category': 'Shampoo', 'id': 'tPp582132-472091-472092', 'prod_name': 'Ogx Argan Oil Morocco Shampoo', 'waitrose_Qty': '385ml', 'waitrose_discounted_price': '£7.00', 'waitrose_offer_desc': None, 'waitrose_url': 'https://www.waitrose.com/ecom/shop/browse/groceries/toiletries_health_and_beauty/hair_care/shampoo', 'waitrose_rating': '4', 'waitrose_unit_price': '(£1.82/100ml)', 'waitrose_new_flag': None, 'waitrose_prod_name': 'Ogx Argan Oil Morocco Shampoo 385ml', 'images': []}
DEBUG: Scraped from <200 https://www.waitrose.com/ecom/shop/browse/groceries/toiletries_health_and_beauty/hair_care/shampoo>
{'client': 'Waitrose', 'time': datetime.datetime(2020, 9, 20, 23, 20, 51, 829596), 'category': 'Shampoo', 'id': 'tPp886458-216893-216894', 'prod_name': 'Ogx Brazilian Keratin Shampoo', 'waitrose_Qty': '385ml', 'waitrose_discounted_price': '£7.00', 'waitrose_offer_desc': None, 'waitrose_url': 'https://www.waitrose.com/ecom/shop/browse/groceries/toiletries_health_and_beauty/hair_care/shampoo', 'waitrose_rating': '5', 'waitrose_unit_price': '(£1.82/100ml)', 'waitrose_new_flag': None, 'waitrose_prod_name': 'Ogx Brazilian Keratin Shampoo 385ml', 'images': []}
DEBUG: Scraped from <200 https://www.waitrose.com/ecom/shop/browse/groceries/toiletries_health_and_beauty/hair_care/shampoo>
{'client': 'Waitrose', 'time': datetime.datetime(2020, 9, 20, 23, 20, 51, 829596), 'category': 'Shampoo', 'id': 'tPp486943-68769-68770', 'prod_name': 'Head & Shoulders 2in1 classic clean', 'waitrose_Qty': '225ml', 'waitrose_discounted_price': '£3.00', 'waitrose_offer_desc': None, 'waitrose_url': 'https://www.waitrose.com/ecom/shop/browse/groceries/toiletries_health_and_beauty/hair_care/shampoo', 'waitrose_rating': '4', 'waitrose_unit_price': '(£1.34/100ml)', 'waitrose_new_flag': None, 'waitrose_prod_name': 'Head & Shoulders 2in1 classic clean 225ml', 'images': []}
DEBUG: Scraped from <200 https://www.waitrose.com/ecom/shop/browse/groceries/toiletries_health_and_beauty/hair_care/shampoo>
{'client': 'Waitrose', 'time': datetime.datetime(2020, 9, 20, 23, 20, 51, 829596), 'category': 'Shampoo', 'id': 'tPp824583-694195-694196', 'prod_name': 'Pantene Repair & Protect Shampoo', 'waitrose_Qty': '500ml', 'waitrose_discounted_price': '£3.75', 'waitrose_offer_desc': None, 'waitrose_url': 'https://www.waitrose.com/ecom/shop/browse/groceries/toiletries_health_and_beauty/hair_care/shampoo', 'waitrose_rating': None, 'waitrose_unit_price': '(75p/100ml)', 'waitrose_new_flag': None, 'waitrose_prod_name': 'Pantene Repair & Protect Shampoo 500ml', 'images': []}
DEBUG: Scraped from <200 https://www.waitrose.com/ecom/shop/browse/groceries/toiletries_health_and_beauty/hair_care/shampoo>
{'client': 'Waitrose', 'time': datetime.datetime(2020, 9, 20, 23, 20, 51, 829596), 'category': 'Shampoo', 'id': 'tPp810302-683828-683829', 'prod_name': 'Herbal Essences Deep Repair Shampoo', 'waitrose_Qty': '400ml', 'waitrose_discounted_price': '£4.50', 'waitrose_offer_desc': None, 'waitrose_url': 'https://www.waitrose.com/ecom/shop/browse/groceries/toiletries_health_and_beauty/hair_care/shampoo', 'waitrose_rating': None, 'waitrose_unit_price': '(£1.13/100ml)', 'waitrose_new_flag': None, 'waitrose_prod_name': 'Herbal Essences Deep Repair Shampoo 400ml', 'images': []}
DEBUG: Scraped from <200 https://www.waitrose.com/ecom/shop/browse/groceries/toiletries_health_and_beauty/hair_care/shampoo>
{'client': 'Waitrose', 'time': datetime.datetime(2020, 9, 20, 23, 20, 51, 829596), 'category': 'Shampoo', 'id': 'tPp502050-631293-631294', 'prod_name': 'Hask Argan Oil Repairing Shampoo', 'waitrose_Qty': '355ml', 'waitrose_discounted_price': '£4.66', 'waitrose_offer_desc': 'Save 1/3.', 'waitrose_url': 'https://www.waitrose.com/ecom/shop/browse/groceries/toiletries_health_and_beauty/hair_care/shampoo', 'waitrose_rating': '3.7', 'waitrose_unit_price': '(£1.32/100ml)', 'waitrose_new_flag': None, 'waitrose_prod_name': 'Hask Argan Oil Repairing Shampoo 355ml', 'images': []}
DEBUG: Scraped from <200 https://www.waitrose.com/ecom/shop/browse/groceries/toiletries_health_and_beauty/hair_care/shampoo>
{'client': 'Waitrose', 'time': datetime.datetime(2020, 9, 20, 23, 20, 51, 829596), 'category': 'Shampoo', 'id': 'tPp402915-526384-526385', 'prod_name': 'John Frieda Violet Crush Shampoo', 'waitrose_Qty': '250ml', 'waitrose_discounted_price': '£3.99', 'waitrose_offer_desc': 'Save 1/3.', 'waitrose_url': 'https://www.waitrose.com/ecom/shop/browse/groceries/toiletries_health_and_beauty/hair_care/shampoo', 'waitrose_rating': '5', 'waitrose_unit_price': '(£1.60/100ml)', 'waitrose_new_flag': None, 'waitrose_prod_name': 'John Frieda Violet Crush Shampoo 250ml', 'images': []}
DEBUG: Scraped from <200 https://www.waitrose.com/ecom/shop/browse/groceries/toiletries_health_and_beauty/hair_care/shampoo>
{'client': 'Waitrose', 'time': datetime.datetime(2020, 9, 20, 23, 20, 51, 829596), 'category': 'Shampoo', 'id': 'tPp839781-154875-154876', 'prod_name': 'Aussie miracle moist shampoo', 'waitrose_Qty': '500ml', 'waitrose_discounted_price': '£6.15', 'waitrose_offer_desc': None, 'waitrose_url': 'https://www.waitrose.com/ecom/shop/browse/groceries/toiletries_health_and_beauty/hair_care/shampoo', 'waitrose_rating': None, 'waitrose_unit_price': '(£1.23/100ml)', 'waitrose_new_flag': None, 'waitrose_prod_name': 'Aussie miracle moist shampoo 500ml', 'images': []}
DEBUG: Scraped from <200 https://www.waitrose.com/ecom/shop/browse/groceries/toiletries_health_and_beauty/hair_care/shampoo>
{'client': 'Waitrose', 'time': datetime.datetime(2020, 9, 20, 23, 20, 51, 829596), 'category': 'Shampoo', 'id': 'tPp627460-154629-154630', 'prod_name': 'Aussie mega shampoo', 'waitrose_Qty': '500ml', 'waitrose_discounted_price': '£6.15', 'waitrose_offer_desc': None, 'waitrose_url': 'https://www.waitrose.com/ecom/shop/browse/groceries/toiletries_health_and_beauty/hair_care/shampoo', 'waitrose_rating': '3.8', 'waitrose_unit_price': '(£1.23/100ml)', 'waitrose_new_flag': None, 'waitrose_prod_name': 'Aussie mega shampoo 500ml', 'images': []}
DEBUG: Scraped from <200 https://www.waitrose.com/ecom/shop/browse/groceries/toiletries_health_and_beauty/hair_care/shampoo>
{'client': 'Waitrose', 'time': datetime.datetime(2020, 9, 20, 23, 20, 51, 829596), 'category': 'Shampoo', 'id': 'tPp547359-720175-720176', 'prod_name': 'Maui Moisture Bamboo Shampoo', 'waitrose_Qty': '385ml', 'waitrose_discounted_price': '£6.00', 'waitrose_offer_desc': 'Save 1/3.', 'waitrose_url': 'https://www.waitrose.com/ecom/shop/browse/groceries/toiletries_health_and_beauty/hair_care/shampoo', 'waitrose_rating': '5', 'waitrose_unit_price': '(£1.56/100ml)', 'waitrose_new_flag': None, 'waitrose_prod_name': 'Maui Moisture Bamboo Shampoo 385ml', 'images': []}
DEBUG: Scraped from <200 https://www.waitrose.com/ecom/shop/browse/groceries/toiletries_health_and_beauty/hair_care/shampoo>
{'client': 'Waitrose', 'time': datetime.datetime(2020, 9, 20, 23, 20, 51, 829596), 'category': 'Shampoo', 'id': 'tPp649492-695625-695626', 'prod_name': 'Vosene Kids 2in1 Melon Shampoo', 'waitrose_Qty': '250ml', 'waitrose_discounted_price': '£1.33', 'waitrose_offer_desc': 'Save 1/3.', 'waitrose_url': 'https://www.waitrose.com/ecom/shop/browse/groceries/toiletries_health_and_beauty/hair_care/shampoo', 'waitrose_rating': None, 'waitrose_unit_price': '(53.2p/100ml)', 'waitrose_new_flag': None, 'waitrose_prod_name': 'Vosene Kids 2in1 Melon Shampoo 250ml', 'images': []}
DEBUG: Scraped from <200 https://www.waitrose.com/ecom/shop/browse/groceries/toiletries_health_and_beauty/hair_care/shampoo>
{'client': 'Waitrose', 'time': datetime.datetime(2020, 9, 20, 23, 20, 51, 829596), 'category': 'Shampoo', 'id': 'tPp645178-695617-695618', 'prod_name': 'John Frieda Shampoo Weightless Wonder', 'waitrose_Qty': '250ml', 'waitrose_discounted_price': '£3.99', 'waitrose_offer_desc': 'Save 1/3.', 'waitrose_url': 'https://www.waitrose.com/ecom/shop/browse/groceries/toiletries_health_and_beauty/hair_care/shampoo', 'waitrose_rating': '4.6', 'waitrose_unit_price': '(£1.60/100ml)', 'waitrose_new_flag': None, 'waitrose_prod_name': 'John Frieda Shampoo Weightless Wonder 250ml', 'images': []}
DEBUG: Scraped from <200 https://www.waitrose.com/ecom/shop/browse/groceries/toiletries_health_and_beauty/hair_care/shampoo>
{'client': 'Waitrose', 'time': datetime.datetime(2020, 9, 20, 23, 20, 51, 829596), 'category': 'Shampoo', 'id': 'tPp791725-375655-375656', 'prod_name': 'Ogx Kukuí Oil Shampoo', 'waitrose_Qty': '385ml', 'waitrose_discounted_price': '£7.00', 'waitrose_offer_desc': None, 'waitrose_url': 'https://www.waitrose.com/ecom/shop/browse/groceries/toiletries_health_and_beauty/hair_care/shampoo', 'waitrose_rating': '5', 'waitrose_unit_price': '(£1.82/100ml)', 'waitrose_new_flag': None, 'waitrose_prod_name': 'Ogx Kukuí Oil Shampoo 385ml', 'images': []}
DEBUG: Scraped from <200 https://www.waitrose.com/ecom/shop/browse/groceries/toiletries_health_and_beauty/hair_care/shampoo>
{'client': 'Waitrose', 'time': datetime.datetime(2020, 9, 20, 23, 20, 51, 829596), 'category': 'Shampoo', 'id': 'tPp808436-720325-720326', 'prod_name': 'Hask Biotin Boost Shampoo', 'waitrose_Qty': '355ml', 'waitrose_discounted_price': '£4.66', 'waitrose_offer_desc': 'Save 1/3.', 'waitrose_url': 'https://www.waitrose.com/ecom/shop/browse/groceries/toiletries_health_and_beauty/hair_care/shampoo', 'waitrose_rating': None, 'waitrose_unit_price': '(£1.32/100ml)', 'waitrose_new_flag': None, 'waitrose_prod_name': 'Hask Biotin Boost Shampoo 355ml', 'images': []}
DEBUG: Scraped from <200 https://www.waitrose.com/ecom/shop/browse/groceries/toiletries_health_and_beauty/hair_care/shampoo>
{'client': 'Waitrose', 'time': datetime.datetime(2020, 9, 20, 23, 20, 51, 829596), 'category': 'Shampoo', 'id': 'tPp662395-154665-154666', 'prod_name': 'Aussie colour mate shampoo', 'waitrose_Qty': '500ml', 'waitrose_discounted_price': '£6.15', 'waitrose_offer_desc': None, 'waitrose_url': 'https://www.waitrose.com/ecom/shop/browse/groceries/toiletries_health_and_beauty/hair_care/shampoo', 'waitrose_rating': None, 'waitrose_unit_price': '(£1.23/100ml)', 'waitrose_new_flag': None, 'waitrose_prod_name': 'Aussie colour mate shampoo 500ml', 'images': []}
DEBUG: Scraped from <200 https://www.waitrose.com/ecom/shop/browse/groceries/toiletries_health_and_beauty/hair_care/shampoo>
{'client': 'Waitrose', 'time': datetime.datetime(2020, 9, 20, 23, 20, 51, 829596), 'category': 'Shampoo', 'id': 'tPp711843-717497-717498', 'prod_name': "L'Oreal Elvive Colour Shampoo", 'waitrose_Qty': '400ml', 'waitrose_discounted_price': '£3.75', 'waitrose_offer_desc': None, 'waitrose_url': 'https://www.waitrose.com/ecom/shop/browse/groceries/toiletries_health_and_beauty/hair_care/shampoo', 'waitrose_rating': None, 'waitrose_unit_price': '(93.8p/100ml)', 'waitrose_new_flag': None, 'waitrose_prod_name': "L'Oreal Elvive Colour Shampoo 400ml", 'images': []}
DEBUG: Scraped from <200 https://www.waitrose.com/ecom/shop/browse/groceries/toiletries_health_and_beauty/hair_care/shampoo>
{'client': 'Waitrose', 'time': datetime.datetime(2020, 9, 20, 23, 20, 51, 829596), 'category': 'Shampoo', 'id': 'tPp853982-154925-154926', 'prod_name': 'Batiste blush dry shampoo', 'waitrose_Qty': '200ml', 'waitrose_discounted_price': '£3.00', 'waitrose_offer_desc': None, 'waitrose_url': 'https://www.waitrose.com/ecom/shop/browse/groceries/toiletries_health_and_beauty/hair_care/shampoo', 'waitrose_rating': '4', 'waitrose_unit_price': '(£1.50/100ml)', 'waitrose_new_flag': None, 'waitrose_prod_name': 'Batiste blush dry shampoo 200ml', 'images': []}
DEBUG: Scraped from <200 https://www.waitrose.com/ecom/shop/browse/groceries/toiletries_health_and_beauty/hair_care/shampoo>
{'client': 'Waitrose', 'time': datetime.datetime(2020, 9, 20, 23, 20, 51, 829596), 'category': 'Shampoo', 'id': 'tPp852396-695857-695858', 'prod_name': 'BECO. Honey Blossom Shampoo Bar', 'waitrose_Qty': '90g', 'waitrose_discounted_price': '£4.00', 'waitrose_offer_desc': None, 'waitrose_url': 'https://www.waitrose.com/ecom/shop/browse/groceries/toiletries_health_and_beauty/hair_care/shampoo', 'waitrose_rating': '4.9', 'waitrose_unit_price': '(£4.45/100g)', 'waitrose_new_flag': None, 'waitrose_prod_name': 'BECO. Honey Blossom Shampoo Bar 90g', 'images': []}
DEBUG: Scraped from <200 https://www.waitrose.com/ecom/shop/browse/groceries/toiletries_health_and_beauty/hair_care/shampoo>
{'client': 'Waitrose', 'time': datetime.datetime(2020, 9, 20, 23, 20, 51, 829596), 'category': 'Shampoo', 'id': 'tPp062495-31737-31738', 'prod_name': 'Neutrogena T/Gel shampoo dry hair', 'waitrose_Qty': '125ml', 'waitrose_discounted_price': '£5.15', 'waitrose_offer_desc': None, 'waitrose_url': 'https://www.waitrose.com/ecom/shop/browse/groceries/toiletries_health_and_beauty/hair_care/shampoo', 'waitrose_rating': None, 'waitrose_unit_price': '(£4.12/100ml)', 'waitrose_new_flag': None, 'waitrose_prod_name': 'Neutrogena T/Gel shampoo dry hair 125ml', 'images': []}
DEBUG: Scraped from <200 https://www.waitrose.com/ecom/shop/browse/groceries/toiletries_health_and_beauty/hair_care/shampoo>
{'client': 'Waitrose', 'time': datetime.datetime(2020, 9, 20, 23, 20, 51, 829596), 'category': 'Shampoo', 'id': 'tPp757780-107799-107800', 'prod_name': 'Head & Shoulders 2in1 Classic Clean', 'waitrose_Qty': '450ml', 'waitrose_discounted_price': '£5.15', 'waitrose_offer_desc': None, 'waitrose_url': 'https://www.waitrose.com/ecom/shop/browse/groceries/toiletries_health_and_beauty/hair_care/shampoo', 'waitrose_rating': '4', 'waitrose_unit_price': '(£1.15/100ml)', 'waitrose_new_flag': None, 'waitrose_prod_name': 'Head & Shoulders 2in1 Classic Clean 450ml', 'images': []}
DEBUG: Scraped from <200 https://www.waitrose.com/ecom/shop/browse/groceries/toiletries_health_and_beauty/hair_care/shampoo>
{'client': 'Waitrose', 'time': datetime.datetime(2020, 9, 20, 23, 20, 51, 829596), 'category': 'Shampoo', 'id': 'tPp884562-720413-720414', 'prod_name': 'Maui Moisture Shea Butter Shampoo', 'waitrose_Qty': '385ml', 'waitrose_discounted_price': '£6.00', 'waitrose_offer_desc': 'Save 1/3.', 'waitrose_url': 'https://www.waitrose.com/ecom/shop/browse/groceries/toiletries_health_and_beauty/hair_care/shampoo', 'waitrose_rating': None, 'waitrose_unit_price': '(£1.56/100ml)', 'waitrose_new_flag': None, 'waitrose_prod_name': 'Maui Moisture Shea Butter Shampoo 385ml', 'images': []}
DEBUG: Scraped from <200 https://www.waitrose.com/ecom/shop/browse/groceries/toiletries_health_and_beauty/hair_care/shampoo>
{'client': 'Waitrose', 'time': datetime.datetime(2020, 9, 20, 23, 20, 51, 829596), 'category': 'Shampoo', 'id': 'tPp484035-715885-715886', 'prod_name': "L'Oreal Elvive Oil Nourishing Shampoo", 'waitrose_Qty': '400ml', 'waitrose_discounted_price': '£3.75', 'waitrose_offer_desc': None, 'waitrose_url': 'https://www.waitrose.com/ecom/shop/browse/groceries/toiletries_health_and_beauty/hair_care/shampoo', 'waitrose_rating': None, 'waitrose_unit_price': '(93.8p/100ml)', 'waitrose_new_flag': None, 'waitrose_prod_name': "L'Oreal Elvive Oil Nourishing Shampoo 400ml", 'images': []}
DEBUG: Scraped from <200 https://www.waitrose.com/ecom/shop/browse/groceries/toiletries_health_and_beauty/hair_care/shampoo>
{'client': 'Waitrose', 'time': datetime.datetime(2020, 9, 20, 23, 20, 51, 829596), 'category': 'Shampoo', 'id': 'tPp836753-694201-694202', 'prod_name': 'Pantene Volume & Body Shampoo', 'waitrose_Qty': '500ml', 'waitrose_discounted_price': '£5.15', 'waitrose_offer_desc': None, 'waitrose_url': 'https://www.waitrose.com/ecom/shop/browse/groceries/toiletries_health_and_beauty/hair_care/shampoo', 'waitrose_rating': '4', 'waitrose_unit_price': '(£1.03/100ml)', 'waitrose_new_flag': None, 'waitrose_prod_name': 'Pantene Volume & Body Shampoo 500ml', 'images': []}
DEBUG: Scraped from <200 https://www.waitrose.com/ecom/shop/browse/groceries/toiletries_health_and_beauty/hair_care/shampoo>
{'client': 'Waitrose', 'time': datetime.datetime(2020, 9, 20, 23, 20, 51, 829596), 'category': 'Shampoo', 'id': 'tPp882824-154983-154984', 'prod_name': 'Head & Shoulders itchy scalp shampoo', 'waitrose_Qty': '500ml', 'waitrose_discounted_price': '£5.15', 'waitrose_offer_desc': None, 'waitrose_url': 'https://www.waitrose.com/ecom/shop/browse/groceries/toiletries_health_and_beauty/hair_care/shampoo', 'waitrose_rating': '5', 'waitrose_unit_price': '(£1.03/100ml)', 'waitrose_new_flag': None, 'waitrose_prod_name': 'Head & Shoulders itchy scalp shampoo 500ml', 'images': []}
DEBUG: Scraped from <200 https://www.waitrose.com/ecom/shop/browse/groceries/toiletries_health_and_beauty/hair_care/shampoo>
{'client': 'Waitrose', 'time': datetime.datetime(2020, 9, 20, 23, 20, 51, 829596), 'category': 'Shampoo', 'id': 'tPp756229-563906-563907', 'prod_name': 'Head & Shoulders 2 in 1 Total Care', 'waitrose_Qty': '225ml', 'waitrose_discounted_price': '£3.00', 'waitrose_offer_desc': None, 'waitrose_url': 'https://www.waitrose.com/ecom/shop/browse/groceries/toiletries_health_and_beauty/hair_care/shampoo', 'waitrose_rating': None, 'waitrose_unit_price': '(£1.34/100ml)', 'waitrose_new_flag': None, 'waitrose_prod_name': 'Head & Shoulders 2 in 1 Total Care 225ml', 'images': []}
DEBUG: Scraped from <200 https://www.waitrose.com/ecom/shop/browse/groceries/toiletries_health_and_beauty/hair_care/shampoo>
{'client': 'Waitrose', 'time': datetime.datetime(2020, 9, 20, 23, 20, 51, 829596), 'category': 'Shampoo', 'id': 'tPp721134-337091-337092', 'prod_name': 'Aussie miracle shine shampoo', 'waitrose_Qty': '500ml', 'waitrose_discounted_price': '£6.00', 'waitrose_offer_desc': None, 'waitrose_url': 'https://www.waitrose.com/ecom/shop/browse/groceries/toiletries_health_and_beauty/hair_care/shampoo', 'waitrose_rating': None, 'waitrose_unit_price': '(£1.20/100ml)', 'waitrose_new_flag': None, 'waitrose_prod_name': 'Aussie miracle shine shampoo 500ml', 'images': []}
DEBUG: Scraped from <200 https://www.waitrose.com/ecom/shop/browse/groceries/toiletries_health_and_beauty/hair_care/shampoo>
{'client': 'Waitrose', 'time': datetime.datetime(2020, 9, 20, 23, 20, 51, 829596), 'category': 'Shampoo', 'id': 'tPp432893-216691-216692', 'prod_name': 'Head & Shoulders Shampoo Apple Fresh', 'waitrose_Qty': '500ml', 'waitrose_discounted_price': '£5.15', 'waitrose_offer_desc': None, 'waitrose_url': 'https://www.waitrose.com/ecom/shop/browse/groceries/toiletries_health_and_beauty/hair_care/shampoo', 'waitrose_rating': None, 'waitrose_unit_price': '(£1.03/100ml)', 'waitrose_new_flag': None, 'waitrose_prod_name': 'Head & Shoulders Shampoo Apple Fresh 500ml', 'images': []}
DEBUG: Scraped from <200 https://www.waitrose.com/ecom/shop/browse/groceries/toiletries_health_and_beauty/hair_care/shampoo>
{'client': 'Waitrose', 'time': datetime.datetime(2020, 9, 20, 23, 20, 51, 829596), 'category': 'Shampoo', 'id': 'tPp027940-13599-13600', 'prod_name': 'Avalon Organics lemon shampoo', 'waitrose_Qty': '325ml', 'waitrose_discounted_price': '£7.00', 'waitrose_offer_desc': None, 'waitrose_url': 'https://www.waitrose.com/ecom/shop/browse/groceries/toiletries_health_and_beauty/hair_care/shampoo', 'waitrose_rating': '3.6', 'waitrose_unit_price': '(£2.16/100ml)', 'waitrose_new_flag': None, 'waitrose_prod_name': 'Avalon Organics lemon shampoo 325ml', 'images': []}
DEBUG: Scraped from <200 https://www.waitrose.com/ecom/shop/browse/groceries/toiletries_health_and_beauty/hair_care/shampoo>
{'client': 'Waitrose', 'time': datetime.datetime(2020, 9, 20, 23, 20, 51, 829596), 'category': 'Shampoo', 'id': 'tPp527154-720165-720166', 'prod_name': 'Maui Moisture Hibiscus Water', 'waitrose_Qty': '385ml', 'waitrose_discounted_price': '£6.00', 'waitrose_offer_desc': 'Save 1/3.', 'waitrose_url': 'https://www.waitrose.com/ecom/shop/browse/groceries/toiletries_health_and_beauty/hair_care/shampoo', 'waitrose_rating': None, 'waitrose_unit_price': '(£1.56/100ml)', 'waitrose_new_flag': None, 'waitrose_prod_name': 'Maui Moisture Hibiscus Water 385ml', 'images': []}
DEBUG: Scraped from <200 https://www.waitrose.com/ecom/shop/browse/groceries/toiletries_health_and_beauty/hair_care/shampoo>
{'client': 'Waitrose', 'time': datetime.datetime(2020, 9, 20, 23, 20, 51, 829596), 'category': 'Shampoo', 'id': 'tPp530991-695493-695494', 'prod_name': 'John Frieda Shampoo Detox & Repair', 'waitrose_Qty': '250ml', 'waitrose_discounted_price': '£3.99', 'waitrose_offer_desc': 'Save 1/3.', 'waitrose_url': 'https://www.waitrose.com/ecom/shop/browse/groceries/toiletries_health_and_beauty/hair_care/shampoo', 'waitrose_rating': None, 'waitrose_unit_price': '(£1.60/100ml)', 'waitrose_new_flag': None, 'waitrose_prod_name': 'John Frieda Shampoo Detox & Repair 250ml', 'images': []}
DEBUG: Scraped from <200 https://www.waitrose.com/ecom/shop/browse/groceries/toiletries_health_and_beauty/hair_care/shampoo>
{'client': 'Waitrose', 'time': datetime.datetime(2020, 9, 20, 23, 20, 51, 829596), 'category': 'Shampoo', 'id': 'tPp752186-631541-631542', 'prod_name': 'Ogx Coconut OIl Shampoo', 'waitrose_Qty': '385ml', 'waitrose_discounted_price': '£7.00', 'waitrose_offer_desc': None, 'waitrose_url': 'https://www.waitrose.com/ecom/shop/browse/groceries/toiletries_health_and_beauty/hair_care/shampoo', 'waitrose_rating': None, 'waitrose_unit_price': '(£1.82/100ml)', 'waitrose_new_flag': None, 'waitrose_prod_name': 'Ogx Coconut OIl Shampoo 385ml', 'images': []}
DEBUG: Scraped from <200 https://www.waitrose.com/ecom/shop/browse/groceries/toiletries_health_and_beauty/hair_care/shampoo>
{'client': 'Waitrose', 'time': datetime.datetime(2020, 9, 20, 23, 20, 51, 829596), 'category': 'Shampoo', 'id': 'tPp807825-473364-473365', 'prod_name': 'SenSpa Deep Cleanse Shampoo', 'waitrose_Qty': '250ml', 'waitrose_discounted_price': '£4.00', 'waitrose_offer_desc': 'Save 1/3.', 'waitrose_url': 'https://www.waitrose.com/ecom/shop/browse/groceries/toiletries_health_and_beauty/hair_care/shampoo', 'waitrose_rating': '3.7', 'waitrose_unit_price': '(£1.60/100ml)', 'waitrose_new_flag': None, 'waitrose_prod_name': 'SenSpa Deep Cleanse Shampoo 250ml', 'images': []}
DEBUG: Scraped from <200 https://www.waitrose.com/ecom/shop/browse/groceries/toiletries_health_and_beauty/hair_care/shampoo>
{'client': 'Waitrose', 'time': datetime.datetime(2020, 9, 20, 23, 20, 51, 829596), 'category': 'Shampoo', 'id': 'tPp816738-442231-442232', 'prod_name': 'SensSpa Nourishing Shampoo', 'waitrose_Qty': '250ml', 'waitrose_discounted_price': '£4.00', 'waitrose_offer_desc': 'Save 1/3.', 'waitrose_url': 'https://www.waitrose.com/ecom/shop/browse/groceries/toiletries_health_and_beauty/hair_care/shampoo', 'waitrose_rating': '2.6', 'waitrose_unit_price': '(£1.60/100ml)', 'waitrose_new_flag': None, 'waitrose_prod_name': 'SensSpa Nourishing Shampoo 250ml', 'images': []}
DEBUG: Scraped from <200 https://www.waitrose.com/ecom/shop/browse/groceries/toiletries_health_and_beauty/hair_care/shampoo>
{'client': 'Waitrose', 'time': datetime.datetime(2020, 9, 20, 23, 20, 51, 829596), 'category': 'Shampoo', 'id': 'tPp821139-694191-694192', 'prod_name': 'Pantene Smooth & Sleek Shampoo', 'waitrose_Qty': '500ml', 'waitrose_discounted_price': '£5.15', 'waitrose_offer_desc': None, 'waitrose_url': 'https://www.waitrose.com/ecom/shop/browse/groceries/toiletries_health_and_beauty/hair_care/shampoo', 'waitrose_rating': None, 'waitrose_unit_price': '(£1.03/100ml)', 'waitrose_new_flag': None, 'waitrose_prod_name': 'Pantene Smooth & Sleek Shampoo 500ml', 'images': []}
DEBUG: Scraped from <200 https://www.waitrose.com/ecom/shop/browse/groceries/toiletries_health_and_beauty/hair_care/shampoo>
{'client': 'Waitrose', 'time': datetime.datetime(2020, 9, 20, 23, 20, 51, 829596), 'category': 'Shampoo', 'id': 'tPp076232-38732-38733', 'prod_name': 'AOrganic Lavender Shampoo', 'waitrose_Qty': '325ml', 'waitrose_discounted_price': '£7.00', 'waitrose_offer_desc': None, 'waitrose_url': 'https://www.waitrose.com/ecom/shop/browse/groceries/toiletries_health_and_beauty/hair_care/shampoo', 'waitrose_rating': '3.8', 'waitrose_unit_price': '(£2.16/100ml)', 'waitrose_new_flag': None, 'waitrose_prod_name': 'AOrganic Lavender Shampoo 325ml', 'images': []}
DEBUG: Scraped from <200 https://www.waitrose.com/ecom/shop/browse/groceries/toiletries_health_and_beauty/hair_care/shampoo>
{'client': 'Waitrose', 'time': datetime.datetime(2020, 9, 20, 23, 20, 51, 829596), 'category': 'Shampoo', 'id': 'tPp047805-23664-23665', 'prod_name': 'Avalon Organics tea tree shampoo', 'waitrose_Qty': '325ml', 'waitrose_discounted_price': '£7.00', 'waitrose_offer_desc': None, 'waitrose_url': 'https://www.waitrose.com/ecom/shop/browse/groceries/toiletries_health_and_beauty/hair_care/shampoo', 'waitrose_rating': '4.9', 'waitrose_unit_price': '(£2.16/100ml)', 'waitrose_new_flag': None, 'waitrose_prod_name': 'Avalon Organics tea tree shampoo 325ml', 'images': []}
DEBUG: Scraped from <200 https://www.waitrose.com/ecom/shop/browse/groceries/toiletries_health_and_beauty/hair_care/shampoo>
{'client': 'Waitrose', 'time': datetime.datetime(2020, 9, 20, 23, 20, 51, 829596), 'category': 'Shampoo', 'id': 'tPp567481-719558-719559', 'prod_name': 'Fit Kit Gentle Shampoo &Conditioner', 'waitrose_Qty': '200ml', 'waitrose_discounted_price': '£4.00', 'waitrose_offer_desc': None, 'waitrose_url': 'https://www.waitrose.com/ecom/shop/browse/groceries/toiletries_health_and_beauty/hair_care/shampoo', 'waitrose_rating': '5', 'waitrose_unit_price': '(£2/100ml)', 'waitrose_new_flag': None, 'waitrose_prod_name': 'Fit Kit Gentle Shampoo &Conditioner 200ml', 'images': []}
DEBUG: Scraped from <200 https://www.waitrose.com/ecom/shop/browse/groceries/toiletries_health_and_beauty/hair_care/shampoo>
{'client': 'Waitrose', 'time': datetime.datetime(2020, 9, 20, 23, 20, 51, 829596), 'category': 'Shampoo', 'id': 'tPp554742-695503-695504', 'prod_name': 'Umberto Giannini Violet Shampoo', 'waitrose_Qty': '250ml', 'waitrose_discounted_price': '£8.00', 'waitrose_offer_desc': 'Mix & Match Add 3 for 2 Cheapest Item Free', 'waitrose_url': 'https://www.waitrose.com/ecom/shop/browse/groceries/toiletries_health_and_beauty/hair_care/shampoo', 'waitrose_rating': None, 'waitrose_unit_price': '(£3.20/100ml)', 'waitrose_new_flag': None, 'waitrose_prod_name': 'Umberto Giannini Violet Shampoo 250ml', 'images': []}
DEBUG: Scraped from <200 https://www.waitrose.com/ecom/shop/browse/groceries/toiletries_health_and_beauty/hair_care/shampoo>
{'client': 'Waitrose', 'time': datetime.datetime(2020, 9, 20, 23, 20, 51, 829596), 'category': 'Shampoo', 'id': 'tPp778297-720309-720310', 'prod_name': 'Pantene Grow Strong Shampoo', 'waitrose_Qty': '400ml', 'waitrose_discounted_price': '£3.75', 'waitrose_offer_desc': None, 'waitrose_url': 'https://www.waitrose.com/ecom/shop/browse/groceries/toiletries_health_and_beauty/hair_care/shampoo', 'waitrose_rating': None, 'waitrose_unit_price': '(93.8p/100ml)', 'waitrose_new_flag': None, 'waitrose_prod_name': 'Pantene Grow Strong Shampoo 400ml', 'images': []}
DEBUG: Scraped from <200 https://www.waitrose.com/ecom/shop/browse/groceries/toiletries_health_and_beauty/hair_care/shampoo>
{'client': 'Waitrose', 'time': datetime.datetime(2020, 9, 20, 23, 20, 51, 829596), 'category': 'Shampoo', 'id': 'tPp790782-694215-694216', 'prod_name': 'Pantene 3in1 Smooth & Sleek', 'waitrose_Qty': '450ml', 'waitrose_discounted_price': '£3.75', 'waitrose_offer_desc': None, 'waitrose_url': 'https://www.waitrose.com/ecom/shop/browse/groceries/toiletries_health_and_beauty/hair_care/shampoo', 'waitrose_rating': None, 'waitrose_unit_price': '(83.3p/100ml)', 'waitrose_new_flag': None, 'waitrose_prod_name': 'Pantene 3in1 Smooth & Sleek 450ml', 'images': []}
DEBUG: Scraped from <200 https://www.waitrose.com/ecom/shop/browse/groceries/toiletries_health_and_beauty/hair_care/shampoo>
{'client': 'Waitrose', 'time': datetime.datetime(2020, 9, 20, 23, 20, 51, 829596), 'category': 'Shampoo', 'id': 'tPp889100-330444-330445', 'prod_name': 'AOrganic Rosemary Shampoo', 'waitrose_Qty': '325ml', 'waitrose_discounted_price': '£7.00', 'waitrose_offer_desc': None, 'waitrose_url': 'https://www.waitrose.com/ecom/shop/browse/groceries/toiletries_health_and_beauty/hair_care/shampoo', 'waitrose_rating': '2.5', 'waitrose_unit_price': '(£2.16/100ml)', 'waitrose_new_flag': None, 'waitrose_prod_name': 'AOrganic Rosemary Shampoo 325ml', 'images': []}
DEBUG: Scraped from <200 https://www.waitrose.com/ecom/shop/browse/groceries/toiletries_health_and_beauty/hair_care/shampoo>
{'client': 'Waitrose', 'time': datetime.datetime(2020, 9, 20, 23, 20, 51, 829596), 'category': 'Shampoo', 'id': 'tPp581617-694173-694174', 'prod_name': 'Pantene Colour Protect Shampoo', 'waitrose_Qty': '500ml', 'waitrose_discounted_price': '£5.15', 'waitrose_offer_desc': None, 'waitrose_url': 'https://www.waitrose.com/ecom/shop/browse/groceries/toiletries_health_and_beauty/hair_care/shampoo', 'waitrose_rating': None, 'waitrose_unit_price': '(£1.03/100ml)', 'waitrose_new_flag': None, 'waitrose_prod_name': 'Pantene Colour Protect Shampoo 500ml', 'images': []}
DEBUG: Scraped from <200 https://www.waitrose.com/ecom/shop/browse/groceries/toiletries_health_and_beauty/hair_care/shampoo>
{'client': 'Waitrose', 'time': datetime.datetime(2020, 9, 20, 23, 20, 51, 829596), 'category': 'Shampoo', 'id': 'tPp603087-695555-695556', 'prod_name': 'Noughty Colour Bomb Shampoo', 'waitrose_Qty': '250ml', 'waitrose_discounted_price': '£4.66', 'waitrose_offer_desc': 'Save 1/3.', 'waitrose_url': 'https://www.waitrose.com/ecom/shop/browse/groceries/toiletries_health_and_beauty/hair_care/shampoo', 'waitrose_rating': '3', 'waitrose_unit_price': '(£1.87/100ml)', 'waitrose_new_flag': None, 'waitrose_prod_name': 'Noughty Colour Bomb Shampoo 250ml', 'images': []}
DEBUG: Scraped from <200 https://www.waitrose.com/ecom/shop/browse/groceries/toiletries_health_and_beauty/hair_care/shampoo>
{'client': 'Waitrose', 'time': datetime.datetime(2020, 9, 20, 23, 20, 51, 829596), 'category': 'Shampoo', 'id': 'tPp567427-683666-683667', 'prod_name': 'Ogx Charcoal Detox Shampoo', 'waitrose_Qty': '385ml', 'waitrose_discounted_price': '£7.00', 'waitrose_offer_desc': None, 'waitrose_url': 'https://www.waitrose.com/ecom/shop/browse/groceries/toiletries_health_and_beauty/hair_care/shampoo', 'waitrose_rating': None, 'waitrose_unit_price': '(£1.82/100ml)', 'waitrose_new_flag': None, 'waitrose_prod_name': 'Ogx Charcoal Detox Shampoo 385ml', 'images': []}
DEBUG: Scraped from <200 https://www.waitrose.com/ecom/shop/browse/groceries/toiletries_health_and_beauty/hair_care/shampoo>
{'client': 'Waitrose', 'time': datetime.datetime(2020, 9, 20, 23, 20, 51, 829596), 'category': 'Shampoo', 'id': 'tPp492466-631281-631282', 'prod_name': 'Hask Keratin Protein Smoothing Shampoo', 'waitrose_Qty': '355ml', 'waitrose_discounted_price': '£4.66', 'waitrose_offer_desc': 'Save 1/3.', 'waitrose_url': 'https://www.waitrose.com/ecom/shop/browse/groceries/toiletries_health_and_beauty/hair_care/shampoo', 'waitrose_rating': None, 'waitrose_unit_price': '(£1.32/100ml)', 'waitrose_new_flag': None, 'waitrose_prod_name': 'Hask Keratin Protein Smoothing Shampoo 355ml', 'images': []}
DEBUG: Scraped from <200 https://www.waitrose.com/ecom/shop/browse/groceries/toiletries_health_and_beauty/hair_care/shampoo>
{'client': 'Waitrose', 'time': datetime.datetime(2020, 9, 20, 23, 20, 51, 829596), 'category': 'Shampoo', 'id': 'tPp698673-735854-735855', 'prod_name': 'Pantene Pro V Rose Water Shampoo', 'waitrose_Qty': '225ml', 'waitrose_discounted_price': '£3.75', 'waitrose_offer_desc': None, 'waitrose_url': 'https://www.waitrose.com/ecom/shop/browse/groceries/toiletries_health_and_beauty/hair_care/shampoo', 'waitrose_rating': None, 'waitrose_unit_price': '(£1.67/100ml)', 'waitrose_new_flag': 'NEW', 'waitrose_prod_name': 'Pantene Pro V Rose Water Shampoo 225ml', 'images': []}
DEBUG: Scraped from <200 https://www.waitrose.com/ecom/shop/browse/groceries/toiletries_health_and_beauty/hair_care/shampoo>
{'client': 'Waitrose', 'time': datetime.datetime(2020, 9, 20, 23, 20, 51, 829596), 'category': 'Shampoo', 'id': 'tPp426973-298983-298984', 'prod_name': 'Head & Shoulders 2in1 Apple Fresh', 'waitrose_Qty': '450ml', 'waitrose_discounted_price': '£5.00', 'waitrose_offer_desc': None, 'waitrose_url': 'https://www.waitrose.com/ecom/shop/browse/groceries/toiletries_health_and_beauty/hair_care/shampoo', 'waitrose_rating': None, 'waitrose_unit_price': '(£1.12/100ml)', 'waitrose_new_flag': None, 'waitrose_prod_name': 'Head & Shoulders 2in1 Apple Fresh 450ml', 'images': []}
DEBUG: Scraped from <200 https://www.waitrose.com/ecom/shop/browse/groceries/toiletries_health_and_beauty/hair_care/shampoo>
{'client': 'Waitrose', 'time': datetime.datetime(2020, 9, 20, 23, 20, 51, 829596), 'category': 'Shampoo', 'id': 'tPp032765-16025-16026', 'prod_name': "L'Oréal kids shampoo berry strawberry", 'waitrose_Qty': '250ml', 'waitrose_discounted_price': '£2.00', 'waitrose_offer_desc': None, 'waitrose_url': 'https://www.waitrose.com/ecom/shop/browse/groceries/toiletries_health_and_beauty/hair_care/shampoo', 'waitrose_rating': None, 'waitrose_unit_price': '(80p/100ml)', 'waitrose_new_flag': None, 'waitrose_prod_name': "L'Oréal kids shampoo berry strawberry 250ml", 'images': []}
DEBUG: Scraped from <200 https://www.waitrose.com/ecom/shop/browse/groceries/toiletries_health_and_beauty/hair_care/shampoo>
{'client': 'Waitrose', 'time': datetime.datetime(2020, 9, 20, 23, 20, 51, 829596), 'category': 'Shampoo', 'id': 'tPp867514-720387-720388', 'prod_name': 'Head & Shoulders Coconut Shampoo', 'waitrose_Qty': '500ml', 'waitrose_discounted_price': '£5.00', 'waitrose_offer_desc': None, 'waitrose_url': 'https://www.waitrose.com/ecom/shop/browse/groceries/toiletries_health_and_beauty/hair_care/shampoo', 'waitrose_rating': None, 'waitrose_unit_price': '(£1/100ml)', 'waitrose_new_flag': None, 'waitrose_prod_name': 'Head & Shoulders Coconut Shampoo 500ml', 'images': []}
DEBUG: Scraped from <200 https://www.waitrose.com/ecom/shop/browse/groceries/toiletries_health_and_beauty/hair_care/shampoo>
{'client': 'Waitrose', 'time': datetime.datetime(2020, 9, 20, 23, 20, 51, 829596), 'category': 'Shampoo', 'id': 'tPp809690-337194-337195', 'prod_name': 'Head & Shoulders 2in1 Itchy Scalp', 'waitrose_Qty': '450ml', 'waitrose_discounted_price': '£5.15', 'waitrose_offer_desc': None, 'waitrose_url': 'https://www.waitrose.com/ecom/shop/browse/groceries/toiletries_health_and_beauty/hair_care/shampoo', 'waitrose_rating': '5', 'waitrose_unit_price': '(£1.15/100ml)', 'waitrose_new_flag': None, 'waitrose_prod_name': 'Head & Shoulders 2in1 Itchy Scalp 450ml', 'images': []}
DEBUG: Scraped from <200 https://www.waitrose.com/ecom/shop/browse/groceries/toiletries_health_and_beauty/hair_care/shampoo>
{'client': 'Waitrose', 'time': datetime.datetime(2020, 9, 20, 23, 20, 51, 829596), 'category': 'Shampoo', 'id': 'tPp626001-88825-88826', 'prod_name': 'Head & Shoulders Shampoo Citrus Fresh', 'waitrose_Qty': '500ml', 'waitrose_discounted_price': '£5.15', 'waitrose_offer_desc': None, 'waitrose_url': 'https://www.waitrose.com/ecom/shop/browse/groceries/toiletries_health_and_beauty/hair_care/shampoo', 'waitrose_rating': None, 'waitrose_unit_price': '(£1.03/100ml)', 'waitrose_new_flag': None, 'waitrose_prod_name': 'Head & Shoulders Shampoo Citrus Fresh 500ml', 'images': []}
DEBUG: Scraped from <200 https://www.waitrose.com/ecom/shop/browse/groceries/toiletries_health_and_beauty/hair_care/shampoo>
{'client': 'Waitrose', 'time': datetime.datetime(2020, 9, 20, 23, 20, 51, 829596), 'category': 'Shampoo', 'id': 'tPp586765-735804-735805', 'prod_name': "L'Oreal Elvive Restoring Shampoo", 'waitrose_Qty': '400ml', 'waitrose_discounted_price': '£3.75', 'waitrose_offer_desc': None, 'waitrose_url': 'https://www.waitrose.com/ecom/shop/browse/groceries/toiletries_health_and_beauty/hair_care/shampoo', 'waitrose_rating': None, 'waitrose_unit_price': '(93.8p/100ml)', 'waitrose_new_flag': 'NEW', 'waitrose_prod_name': "L'Oreal Elvive Restoring Shampoo 400ml", 'images': []}
DEBUG: Scraped from <200 https://www.waitrose.com/ecom/shop/browse/groceries/toiletries_health_and_beauty/hair_care/shampoo>
{'client': 'Waitrose', 'time': datetime.datetime(2020, 9, 20, 23, 20, 51, 829596), 'category': 'Shampoo', 'id': 'tPp567431-729696-729697', 'prod_name': 'Batiste Dry Shampoo for Blondes', 'waitrose_Qty': '200ml', 'waitrose_discounted_price': '£4.00', 'waitrose_offer_desc': None, 'waitrose_url': 'https://www.waitrose.com/ecom/shop/browse/groceries/toiletries_health_and_beauty/hair_care/shampoo', 'waitrose_rating': None, 'waitrose_unit_price': '(£2/100ml)', 'waitrose_new_flag': None, 'waitrose_prod_name': 'Batiste Dry Shampoo for Blondes 200ml', 'images': []}
DEBUG: Scraped from <200 https://www.waitrose.com/ecom/shop/browse/groceries/toiletries_health_and_beauty/hair_care/shampoo>
{'client': 'Waitrose', 'time': datetime.datetime(2020, 9, 20, 23, 20, 51, 829596), 'category': 'Shampoo', 'id': 'tPp820157-724089-724090', 'prod_name': 'Eco Warrior Shampoo Bar', 'waitrose_Qty': '100g', 'waitrose_discounted_price': '£4.50', 'waitrose_offer_desc': None, 'waitrose_url': 'https://www.waitrose.com/ecom/shop/browse/groceries/toiletries_health_and_beauty/hair_care/shampoo', 'waitrose_rating': None, 'waitrose_unit_price': '(£4.50/100g)', 'waitrose_new_flag': None, 'waitrose_prod_name': 'Eco Warrior Shampoo Bar 100g', 'images': []}
DEBUG: Scraped from <200 https://www.waitrose.com/ecom/shop/browse/groceries/toiletries_health_and_beauty/hair_care/shampoo>
{'client': 'Waitrose', 'time': datetime.datetime(2020, 9, 20, 23, 20, 51, 829596), 'category': 'Shampoo', 'id': 'tPp584599-695531-695532', 'prod_name': 'Batiste Dry Shampoo Volume', 'waitrose_Qty': '200ml', 'waitrose_discounted_price': '£4.25', 'waitrose_offer_desc': None, 'waitrose_url': 'https://www.waitrose.com/ecom/shop/browse/groceries/toiletries_health_and_beauty/hair_care/shampoo', 'waitrose_rating': None, 'waitrose_unit_price': '(£2.13/100ml)', 'waitrose_new_flag': None, 'waitrose_prod_name': 'Batiste Dry Shampoo Volume 200ml', 'images': []}
DEBUG: Scraped from <200 https://www.waitrose.com/ecom/shop/browse/groceries/toiletries_health_and_beauty/hair_care/shampoo>
{'client': 'Waitrose', 'time': datetime.datetime(2020, 9, 20, 23, 20, 51, 829596), 'category': 'Shampoo', 'id': 'tPp407272-440973-440974', 'prod_name': 'Richard Ward Chelsea Cleanse & Condition', 'waitrose_Qty': '250ml', 'waitrose_discounted_price': '£6.00', 'waitrose_offer_desc': None, 'waitrose_url': 'https://www.waitrose.com/ecom/shop/browse/groceries/toiletries_health_and_beauty/hair_care/shampoo', 'waitrose_rating': '3.9', 'waitrose_unit_price': '(£2.40/100ml)', 'waitrose_new_flag': None, 'waitrose_prod_name': 'Richard Ward Chelsea Cleanse & Condition 250ml', 'images': []}
DEBUG: Scraped from <200 https://www.waitrose.com/ecom/shop/browse/groceries/toiletries_health_and_beauty/hair_care/shampoo>
{'client': 'Waitrose', 'time': datetime.datetime(2020, 9, 20, 23, 20, 51, 829596), 'category': 'Shampoo', 'id': 'tPp861587-154949-154950', 'prod_name': 'Batiste dark & deep brown dry shampoo', 'waitrose_Qty': '200ml', 'waitrose_discounted_price': '£4.00', 'waitrose_offer_desc': None, 'waitrose_url': 'https://www.waitrose.com/ecom/shop/browse/groceries/toiletries_health_and_beauty/hair_care/shampoo', 'waitrose_rating': None, 'waitrose_unit_price': '(£2/100ml)', 'waitrose_new_flag': None, 'waitrose_prod_name': 'Batiste dark & deep brown dry shampoo 200ml', 'images': []}
DEBUG: Scraped from <200 https://www.waitrose.com/ecom/shop/browse/groceries/toiletries_health_and_beauty/hair_care/shampoo>
{'client': 'Waitrose', 'time': datetime.datetime(2020, 9, 20, 23, 20, 51, 829596), 'category': 'Shampoo', 'id': 'tPp714629-729752-729753', 'prod_name': 'OGX Keratin Oil Shampoo', 'waitrose_Qty': '385ml', 'waitrose_discounted_price': '£7.00', 'waitrose_offer_desc': None, 'waitrose_url': 'https://www.waitrose.com/ecom/shop/browse/groceries/toiletries_health_and_beauty/hair_care/shampoo', 'waitrose_rating': None, 'waitrose_unit_price': '(£1.82/100ml)', 'waitrose_new_flag': None, 'waitrose_prod_name': 'OGX Keratin Oil Shampoo 385ml', 'images': []}
DEBUG: Scraped from <200 https://www.waitrose.com/ecom/shop/browse/groceries/toiletries_health_and_beauty/hair_care/shampoo>
{'client': 'Waitrose', 'time': datetime.datetime(2020, 9, 20, 23, 20, 51, 829596), 'category': 'Shampoo', 'id': 'tPp888765-695909-695910', 'prod_name': 'Umberto Giannini Curl Jelly Wash', 'waitrose_Qty': '250ml', 'waitrose_discounted_price': '£8.00', 'waitrose_offer_desc': 'Mix & Match Add 3 for 2 Cheapest Item Free', 'waitrose_url': 'https://www.waitrose.com/ecom/shop/browse/groceries/toiletries_health_and_beauty/hair_care/shampoo', 'waitrose_rating': '2.5', 'waitrose_unit_price': '(£3.20/100ml)', 'waitrose_new_flag': None, 'waitrose_prod_name': 'Umberto Giannini Curl Jelly Wash 250ml', 'images': []}
DEBUG: Scraped from <200 https://www.waitrose.com/ecom/shop/browse/groceries/toiletries_health_and_beauty/hair_care/shampoo>
{'client': 'Waitrose', 'time': datetime.datetime(2020, 9, 20, 23, 20, 51, 829596), 'category': 'Shampoo', 'id': 'tPp829437-695831-695832', 'prod_name': 'Umberto Giannini Grow Long Shampoo', 'waitrose_Qty': '250ml', 'waitrose_discounted_price': '£8.00', 'waitrose_offer_desc': 'Mix & Match Add 3 for 2 Cheapest Item Free', 'waitrose_url': 'https://www.waitrose.com/ecom/shop/browse/groceries/toiletries_health_and_beauty/hair_care/shampoo', 'waitrose_rating': '5', 'waitrose_unit_price': '(£3.20/100ml)', 'waitrose_new_flag': None, 'waitrose_prod_name': 'Umberto Giannini Grow Long Shampoo 250ml', 'images': []}
DEBUG: Scraped from <200 https://www.waitrose.com/ecom/shop/browse/groceries/toiletries_health_and_beauty/hair_care/shampoo>
{'client': 'Waitrose', 'time': datetime.datetime(2020, 9, 20, 23, 20, 51, 829596), 'category': 'Shampoo', 'id': 'tPp453160-695433-695434', 'prod_name': 'Argan+ Long & Strong Shampoo', 'waitrose_Qty': '300ml', 'waitrose_discounted_price': '£4.00', 'waitrose_offer_desc': 'Save 1/3.', 'waitrose_url': 'https://www.waitrose.com/ecom/shop/browse/groceries/toiletries_health_and_beauty/hair_care/shampoo', 'waitrose_rating': None, 'waitrose_unit_price': '(£1.34/100ml)', 'waitrose_new_flag': None, 'waitrose_prod_name': 'Argan+ Long & Strong Shampoo 300ml', 'images': []}
DEBUG: Scraped from <200 https://www.waitrose.com/ecom/shop/browse/groceries/toiletries_health_and_beauty/hair_care/shampoo>
{'client': 'Waitrose', 'time': datetime.datetime(2020, 9, 20, 23, 20, 51, 829596), 'category': 'Shampoo', 'id': 'tPp405353-729640-729641', 'prod_name': 'Percy & Reed No-Fuss Dry Shampoo', 'waitrose_Qty': '200ml', 'waitrose_discounted_price': '£15.00', 'waitrose_offer_desc': None, 'waitrose_url': 'https://www.waitrose.com/ecom/shop/browse/groceries/toiletries_health_and_beauty/hair_care/shampoo', 'waitrose_rating': '3.8', 'waitrose_unit_price': '(£7.50/100ml)', 'waitrose_new_flag': None, 'waitrose_prod_name': 'Percy & Reed No-Fuss Dry Shampoo 200ml', 'images': []}
DEBUG: Scraped from <200 https://www.waitrose.com/ecom/shop/browse/groceries/toiletries_health_and_beauty/hair_care/shampoo>
{'client': 'Waitrose', 'time': datetime.datetime(2020, 9, 20, 23, 20, 51, 829596), 'category': 'Shampoo', 'id': 'tPp868154-695990-695991', 'prod_name': 'Hair Biology Purple Shampoo', 'waitrose_Qty': '250ml', 'waitrose_discounted_price': '£4.50', 'waitrose_offer_desc': None, 'waitrose_url': 'https://www.waitrose.com/ecom/shop/browse/groceries/toiletries_health_and_beauty/hair_care/shampoo', 'waitrose_rating': None, 'waitrose_unit_price': '(£1.80/100ml)', 'waitrose_new_flag': None, 'waitrose_prod_name': 'Hair Biology Purple Shampoo 250ml', 'images': []}
DEBUG: Scraped from <200 https://www.waitrose.com/ecom/shop/browse/groceries/toiletries_health_and_beauty/hair_care/shampoo>
{'client': 'Waitrose', 'time': datetime.datetime(2020, 9, 20, 23, 20, 51, 829596), 'category': 'Shampoo', 'id': 'tPp724972-694185-694186', 'prod_name': 'Pantene 3in1 Repair & Protect', 'waitrose_Qty': '450ml', 'waitrose_discounted_price': '£3.75', 'waitrose_offer_desc': None, 'waitrose_url': 'https://www.waitrose.com/ecom/shop/browse/groceries/toiletries_health_and_beauty/hair_care/shampoo', 'waitrose_rating': None, 'waitrose_unit_price': '(83.3p/100ml)', 'waitrose_new_flag': None, 'waitrose_prod_name': 'Pantene 3in1 Repair & Protect 450ml', 'images': []}
DEBUG: Scraped from <200 https://www.waitrose.com/ecom/shop/browse/groceries/toiletries_health_and_beauty/hair_care/shampoo>
{'client': 'Waitrose', 'time': datetime.datetime(2020, 9, 20, 23, 20, 51, 829596), 'category': 'Shampoo', 'id': 'tPp812614-707138-707139', 'prod_name': 'Beco Spring Meadow Shampoo Bar', 'waitrose_Qty': '90g', 'waitrose_discounted_price': '£4.00', 'waitrose_offer_desc': None, 'waitrose_url': 'https://www.waitrose.com/ecom/shop/browse/groceries/toiletries_health_and_beauty/hair_care/shampoo', 'waitrose_rating': '3.3', 'waitrose_unit_price': '(£4.45/100g)', 'waitrose_new_flag': None, 'waitrose_prod_name': 'Beco Spring Meadow Shampoo Bar 90g', 'images': []}
DEBUG: Scraped from <200 https://www.waitrose.com/ecom/shop/browse/groceries/toiletries_health_and_beauty/hair_care/shampoo>
{'client': 'Waitrose', 'time': datetime.datetime(2020, 9, 20, 23, 20, 51, 829596), 'category': 'Shampoo', 'id': 'tPp863078-695988-695989', 'prod_name': 'Pantene Hair Biology Full & Vibrant', 'waitrose_Qty': '250ml', 'waitrose_discounted_price': '£4.50', 'waitrose_offer_desc': None, 'waitrose_url': 'https://www.waitrose.com/ecom/shop/browse/groceries/toiletries_health_and_beauty/hair_care/shampoo', 'waitrose_rating': None, 'waitrose_unit_price': '(£1.80/100ml)', 'waitrose_new_flag': None, 'waitrose_prod_name': 'Pantene Hair Biology Full & Vibrant 250ml', 'images': []}
DEBUG: Scraped from <200 https://www.waitrose.com/ecom/shop/browse/groceries/toiletries_health_and_beauty/hair_care/shampoo>
{'client': 'Waitrose', 'time': datetime.datetime(2020, 9, 20, 23, 20, 51, 829596), 'category': 'Shampoo', 'id': 'tPp401660-588303-588304', 'prod_name': 'Richard Ward Brunette Shampoo', 'waitrose_Qty': '250ml', 'waitrose_discounted_price': '£6.00', 'waitrose_offer_desc': None, 'waitrose_url': 'https://www.waitrose.com/ecom/shop/browse/groceries/toiletries_health_and_beauty/hair_care/shampoo', 'waitrose_rating': '5', 'waitrose_unit_price': '(£2.40/100ml)', 'waitrose_new_flag': None, 'waitrose_prod_name': 'Richard Ward Brunette Shampoo 250ml', 'images': []}
DEBUG: Scraped from <200 https://www.waitrose.com/ecom/shop/browse/groceries/toiletries_health_and_beauty/hair_care/shampoo>
{'client': 'Waitrose', 'time': datetime.datetime(2020, 9, 20, 23, 20, 51, 829596), 'category': 'Shampoo', 'id': 'tPp803275-329016-329017', 'prod_name': 'AOrganic Peppermint Shampoo', 'waitrose_Qty': '325ml', 'waitrose_discounted_price': '£7.00', 'waitrose_offer_desc': None, 'waitrose_url': 'https://www.waitrose.com/ecom/shop/browse/groceries/toiletries_health_and_beauty/hair_care/shampoo', 'waitrose_rating': '4', 'waitrose_unit_price': '(£2.16/100ml)', 'waitrose_new_flag': None, 'waitrose_prod_name': 'AOrganic Peppermint Shampoo 325ml', 'images': []}
DEBUG: Scraped from <200 https://www.waitrose.com/ecom/shop/browse/groceries/toiletries_health_and_beauty/hair_care/shampoo>
{'client': 'Waitrose', 'time': datetime.datetime(2020, 9, 20, 23, 20, 51, 829596), 'category': 'Shampoo', 'id': 'tPp694392-98595-98596', 'prod_name': 'Head & Shoulders Shampoo Cool Menthol', 'waitrose_Qty': '500ml', 'waitrose_discounted_price': '£5.15', 'waitrose_offer_desc': None, 'waitrose_url': 'https://www.waitrose.com/ecom/shop/browse/groceries/toiletries_health_and_beauty/hair_care/shampoo', 'waitrose_rating': None, 'waitrose_unit_price': '(£1.03/100ml)', 'waitrose_new_flag': None, 'waitrose_prod_name': 'Head & Shoulders Shampoo Cool Menthol 500ml', 'images': []}
DEBUG: Scraped from <200 https://www.waitrose.com/ecom/shop/browse/groceries/toiletries_health_and_beauty/hair_care/shampoo>
{'client': 'Waitrose', 'time': datetime.datetime(2020, 9, 20, 23, 20, 51, 829596), 'category': 'Shampoo', 'id': 'tPp581644-729702-729703', 'prod_name': 'Percy & Reed Hydrating Shampoo', 'waitrose_Qty': '250ml', 'waitrose_discounted_price': '£18.00', 'waitrose_offer_desc': None, 'waitrose_url': 'https://www.waitrose.com/ecom/shop/browse/groceries/toiletries_health_and_beauty/hair_care/shampoo', 'waitrose_rating': None, 'waitrose_unit_price': '(£7.20/100ml)', 'waitrose_new_flag': None, 'waitrose_prod_name': 'Percy & Reed Hydrating Shampoo 250ml', 'images': []}
DEBUG: Scraped from <200 https://www.waitrose.com/ecom/shop/browse/groceries/toiletries_health_and_beauty/hair_care/shampoo>
{'client': 'Waitrose', 'time': datetime.datetime(2020, 9, 20, 23, 20, 51, 829596), 'category': 'Shampoo', 'id': 'tPp855732-695986-695987', 'prod_name': 'Hair Biology De-Frizz Shampoo', 'waitrose_Qty': '250ml', 'waitrose_discounted_price': '£4.50', 'waitrose_offer_desc': None, 'waitrose_url': 'https://www.waitrose.com/ecom/shop/browse/groceries/toiletries_health_and_beauty/hair_care/shampoo', 'waitrose_rating': None, 'waitrose_unit_price': '(£1.80/100ml)', 'waitrose_new_flag': None, 'waitrose_prod_name': 'Hair Biology De-Frizz Shampoo 250ml', 'images': []}
DEBUG: Scraped from <200 https://www.waitrose.com/ecom/shop/browse/groceries/toiletries_health_and_beauty/hair_care/shampoo>
{'client': 'Waitrose', 'time': datetime.datetime(2020, 9, 20, 23, 20, 51, 829596), 'category': 'Shampoo', 'id': 'tPp836383-271490-271491', 'prod_name': 'Head & Shoulders 2in1 citrus care', 'waitrose_Qty': '450ml', 'waitrose_discounted_price': '£5.15', 'waitrose_offer_desc': None, 'waitrose_url': 'https://www.waitrose.com/ecom/shop/browse/groceries/toiletries_health_and_beauty/hair_care/shampoo', 'waitrose_rating': None, 'waitrose_unit_price': '(£1.15/100ml)', 'waitrose_new_flag': None, 'waitrose_prod_name': 'Head & Shoulders 2in1 citrus care 450ml', 'images': []}
DEBUG: Scraped from <200 https://www.waitrose.com/ecom/shop/browse/groceries/toiletries_health_and_beauty/hair_care/shampoo>
{'client': 'Waitrose', 'time': datetime.datetime(2020, 9, 20, 23, 20, 51, 829596), 'category': 'Shampoo', 'id': 'tPp480888-154495-154496', 'prod_name': 'Head & Shoulders Smooth Shampoo', 'waitrose_Qty': '500ml', 'waitrose_discounted_price': '£5.15', 'waitrose_offer_desc': None, 'waitrose_url': 'https://www.waitrose.com/ecom/shop/browse/groceries/toiletries_health_and_beauty/hair_care/shampoo', 'waitrose_rating': '5', 'waitrose_unit_price': '(£1.03/100ml)', 'waitrose_new_flag': None, 'waitrose_prod_name': 'Head & Shoulders Smooth Shampoo 500ml', 'images': []}
DEBUG: Scraped from <200 https://www.waitrose.com/ecom/shop/browse/groceries/toiletries_health_and_beauty/hair_care/shampoo>
{'client': 'Waitrose', 'time': datetime.datetime(2020, 9, 20, 23, 20, 51, 829596), 'category': 'Shampoo', 'id': 'tPp492090-729670-729671', 'prod_name': 'Percy & Reed Volumising Shampoo', 'waitrose_Qty': '250ml', 'waitrose_discounted_price': '£18.00', 'waitrose_offer_desc': None, 'waitrose_url': 'https://www.waitrose.com/ecom/shop/browse/groceries/toiletries_health_and_beauty/hair_care/shampoo', 'waitrose_rating': None, 'waitrose_unit_price': '(£7.20/100ml)', 'waitrose_new_flag': None, 'waitrose_prod_name': 'Percy & Reed Volumising Shampoo 250ml', 'images': []}
DEBUG: Scraped from <200 https://www.waitrose.com/ecom/shop/browse/groceries/toiletries_health_and_beauty/hair_care/shampoo>
{'client': 'Waitrose', 'time': datetime.datetime(2020, 9, 20, 23, 20, 51, 829596), 'category': 'Shampoo', 'id': 'tPp734002-695705-695706', 'prod_name': 'Percy & Reed Wonder Wash Shampoo', 'waitrose_Qty': '250ml', 'waitrose_discounted_price': '£18.00', 'waitrose_offer_desc': None, 'waitrose_url': 'https://www.waitrose.com/ecom/shop/browse/groceries/toiletries_health_and_beauty/hair_care/shampoo', 'waitrose_rating': '4.1', 'waitrose_unit_price': '(£7.20/100ml)', 'waitrose_new_flag': None, 'waitrose_prod_name': 'Percy & Reed Wonder Wash Shampoo 250ml', 'images': []}
DEBUG: Scraped from <200 https://www.waitrose.com/ecom/shop/browse/groceries/toiletries_health_and_beauty/hair_care/shampoo>
{'client': 'Waitrose', 'time': datetime.datetime(2020, 9, 20, 23, 20, 51, 829596), 'category': 'Shampoo', 'id': 'tPp591666-681031-681032', 'prod_name': 'Pure Grace Shower Gel', 'waitrose_Qty': '480ml', 'waitrose_discounted_price': '£19.50', 'waitrose_offer_desc': None, 'waitrose_url': 'https://www.waitrose.com/ecom/shop/browse/groceries/toiletries_health_and_beauty/hair_care/shampoo', 'waitrose_rating': None, 'waitrose_unit_price': '(£4.07/100ml)', 'waitrose_new_flag': None, 'waitrose_prod_name': 'Pure Grace Shower Gel 480ml', 'images': []}
DEBUG: Scraped from <200 https://www.waitrose.com/ecom/shop/browse/groceries/toiletries_health_and_beauty/hair_care/shampoo>
{'client': 'Waitrose', 'time': datetime.datetime(2020, 9, 20, 23, 20, 51, 829596), 'category': 'Shampoo', 'id': 'tPp834106-299691-299692', 'prod_name': 'Head & Shoulders 2in1 smooth & silky', 'waitrose_Qty': '450ml', 'waitrose_discounted_price': '£5.00', 'waitrose_offer_desc': None, 'waitrose_url': 'https://www.waitrose.com/ecom/shop/browse/groceries/toiletries_health_and_beauty/hair_care/shampoo', 'waitrose_rating': None, 'waitrose_unit_price': '(£1.12/100ml)', 'waitrose_new_flag': None, 'waitrose_prod_name': 'Head & Shoulders 2in1 smooth & silky 450ml', 'images': []}
INFO: Closing spider (finished)
INFO: Stored json feed (135 items) in: waitrose_092020.json
INFO: Dumping Scrapy stats:
{'downloader/request_bytes': 2588,
 'downloader/request_count': 1,
 'downloader/request_method_count/POST': 1,
 'downloader/response_bytes': 1703305,
 'downloader/response_count': 1,
 'downloader/response_status_count/200': 1,
 'finish_reason': 'finished',
 'finish_time': datetime.datetime(2020, 9, 20, 17, 52, 20, 860570),
 'item_scraped_count': 135,
 'log_count/DEBUG': 136,
 'log_count/INFO': 11,
 'log_count/WARNING': 1,
 'response_received_count': 1,
 'scheduler/dequeued': 2,
 'scheduler/dequeued/memory': 2,
 'scheduler/enqueued': 2,
 'scheduler/enqueued/memory': 2,
 'splash/execute/request_count': 1,
 'splash/execute/response_count/200': 1,
 'start_time': datetime.datetime(2020, 9, 20, 17, 50, 52, 437566)}
INFO: Spider closed (finished)
INFO: Scrapy 1.6.0 started (bot: waitrose)
INFO: Versions: lxml 4.5.1.0, libxml2 2.9.10, cssselect 1.1.0, parsel 1.6.0, w3lib 1.22.0, Twisted 20.3.0, Python 3.7.7 (default, May  6 2020, 11:45:54) [MSC v.1916 64 bit (AMD64)], pyOpenSSL 19.1.0 (OpenSSL 1.1.1g  21 Apr 2020), cryptography 2.9.2, Platform Windows-10-10.0.18362-SP0
INFO: Overridden settings: {'BOT_NAME': 'waitrose', 'DOWNLOAD_TIMEOUT': 1200, 'DUPEFILTER_CLASS': 'scrapy_splash.SplashAwareDupeFilter', 'FEED_EXPORT_ENCODING': 'utf-8', 'FEED_FORMAT': 'json', 'FEED_URI': 'waitrose_092120.json', 'NEWSPIDER_MODULE': 'waitrose.spiders', 'SPIDER_MODULES': ['waitrose.spiders']}
INFO: Telnet Password: eed1ba2c9a48e7db
INFO: Enabled extensions:
['scrapy.extensions.corestats.CoreStats',
 'scrapy.extensions.telnet.TelnetConsole',
 'scrapy.extensions.feedexport.FeedExporter',
 'scrapy.extensions.logstats.LogStats']
INFO: Enabled downloader middlewares:
['scrapy.downloadermiddlewares.httpauth.HttpAuthMiddleware',
 'scrapy.downloadermiddlewares.downloadtimeout.DownloadTimeoutMiddleware',
 'scrapy.downloadermiddlewares.defaultheaders.DefaultHeadersMiddleware',
 'scrapy.downloadermiddlewares.useragent.UserAgentMiddleware',
 'scrapy.downloadermiddlewares.retry.RetryMiddleware',
 'scrapy.downloadermiddlewares.redirect.MetaRefreshMiddleware',
 'scrapy.downloadermiddlewares.redirect.RedirectMiddleware',
 'scrapy.downloadermiddlewares.cookies.CookiesMiddleware',
 'scrapy_splash.SplashCookiesMiddleware',
 'scrapy_splash.SplashMiddleware',
 'scrapy.downloadermiddlewares.httpproxy.HttpProxyMiddleware',
 'scrapy.downloadermiddlewares.httpcompression.HttpCompressionMiddleware',
 'scrapy.downloadermiddlewares.stats.DownloaderStats']
INFO: Enabled spider middlewares:
['scrapy.spidermiddlewares.httperror.HttpErrorMiddleware',
 'scrapy_splash.SplashDeduplicateArgsMiddleware',
 'scrapy.spidermiddlewares.offsite.OffsiteMiddleware',
 'scrapy.spidermiddlewares.referer.RefererMiddleware',
 'scrapy.spidermiddlewares.urllength.UrlLengthMiddleware',
 'scrapy.spidermiddlewares.depth.DepthMiddleware']
INFO: Enabled item pipelines:
['waitrose.pipelines.ImageDownloaderPipeline',
 'waitrose.pipelines.SQLlitePipeline']
INFO: Spider opened
INFO: Crawled 0 pages (at 0 pages/min), scraped 0 items (at 0 items/min)
WARNING: C:\Users\sujithk\AppData\Local\Continuum\anaconda3\envs\Virtual_Env\lib\site-packages\scrapy\spidermiddlewares\offsite.py:61: URLWarning: allowed_domains accepts only domains, not URLs. Ignoring URL entry https://www.waitrose.com/ in allowed_domains.
  warnings.warn(message, URLWarning)

INFO: Telnet console listening on 127.0.0.1:6024
INFO: Crawled 0 pages (at 0 pages/min), scraped 0 items (at 0 items/min)
DEBUG: Crawled (200) <GET https://www.waitrose.com/ecom/shop/browse/groceries/toiletries_health_and_beauty/hair_care/shampoo via http://192.168.1.2:8050/execute> (referer: None)
DEBUG: Scraped from <200 https://www.waitrose.com/ecom/shop/browse/groceries/toiletries_health_and_beauty/hair_care/shampoo>
{'client': 'Waitrose', 'time': datetime.datetime(2020, 9, 21, 9, 41, 11, 892430), 'category': 'Shampoo', 'id': 'tPp096508-49364-49365', 'prod_name': 'Aussie Miracle Moist Shampoo', 'waitrose_Qty': '300ml', 'waitrose_discounted_price': '£2.05', 'waitrose_offer_desc': 'Half Price.', 'waitrose_url': 'https://www.waitrose.com/ecom/shop/browse/groceries/toiletries_health_and_beauty/hair_care/shampoo', 'waitrose_rating': '3.7', 'waitrose_unit_price': '(68.3p/100ml)', 'waitrose_new_flag': None, 'waitrose_prod_name': 'Aussie Miracle Moist Shampoo 300ml', 'images': []}
DEBUG: Scraped from <200 https://www.waitrose.com/ecom/shop/browse/groceries/toiletries_health_and_beauty/hair_care/shampoo>
{'client': 'Waitrose', 'time': datetime.datetime(2020, 9, 21, 9, 41, 11, 892430), 'category': 'Shampoo', 'id': 'tPp092708-47659-47660', 'prod_name': 'Vosene Original Shampoo', 'waitrose_Qty': '250ml', 'waitrose_discounted_price': '£1.36', 'waitrose_offer_desc': 'Save 1/3.', 'waitrose_url': 'https://www.waitrose.com/ecom/shop/browse/groceries/toiletries_health_and_beauty/hair_care/shampoo', 'waitrose_rating': '5', 'waitrose_unit_price': '(54.4p/100ml)', 'waitrose_new_flag': None, 'waitrose_prod_name': 'Vosene Original Shampoo 250ml', 'images': []}
DEBUG: Scraped from <200 https://www.waitrose.com/ecom/shop/browse/groceries/toiletries_health_and_beauty/hair_care/shampoo>
{'client': 'Waitrose', 'time': datetime.datetime(2020, 9, 21, 9, 41, 11, 892430), 'category': 'Shampoo', 'id': 'tPp059421-29947-29948', 'prod_name': 'Aussie Aussome Volume Shampoo', 'waitrose_Qty': '300ml', 'waitrose_discounted_price': '£2.00', 'waitrose_offer_desc': 'Half Price.', 'waitrose_url': 'https://www.waitrose.com/ecom/shop/browse/groceries/toiletries_health_and_beauty/hair_care/shampoo', 'waitrose_rating': '5', 'waitrose_unit_price': '(66.7p/100ml)', 'waitrose_new_flag': None, 'waitrose_prod_name': 'Aussie Aussome Volume Shampoo 300ml', 'images': []}
DEBUG: Scraped from <200 https://www.waitrose.com/ecom/shop/browse/groceries/toiletries_health_and_beauty/hair_care/shampoo>
{'client': 'Waitrose', 'time': datetime.datetime(2020, 9, 21, 9, 41, 11, 892430), 'category': 'Shampoo', 'id': 'tPp799806-683814-683815', 'prod_name': 'Tresemmé Shampoo Moisture Rich', 'waitrose_Qty': '800ml', 'waitrose_discounted_price': '£2.75', 'waitrose_offer_desc': 'Half Price.', 'waitrose_url': 'https://www.waitrose.com/ecom/shop/browse/groceries/toiletries_health_and_beauty/hair_care/shampoo', 'waitrose_rating': None, 'waitrose_unit_price': '(34.4p/100ml)', 'waitrose_new_flag': None, 'waitrose_prod_name': 'Tresemmé Shampoo Moisture Rich 800ml', 'images': []}
DEBUG: Scraped from <200 https://www.waitrose.com/ecom/shop/browse/groceries/toiletries_health_and_beauty/hair_care/shampoo>
{'client': 'Waitrose', 'time': datetime.datetime(2020, 9, 21, 9, 41, 11, 892430), 'category': 'Shampoo', 'id': 'tPp799806-683814-683815', 'prod_name': 'Tresemmé Shampoo Moisture Rich', 'waitrose_Qty': '800ml', 'waitrose_discounted_price': '£2.75', 'waitrose_offer_desc': 'Half Price.', 'waitrose_url': 'https://www.waitrose.com/ecom/shop/browse/groceries/toiletries_health_and_beauty/hair_care/shampoo', 'waitrose_rating': None, 'waitrose_unit_price': '(34.4p/100ml)', 'waitrose_new_flag': None, 'waitrose_prod_name': 'Tresemmé Shampoo Moisture Rich 800ml', 'images': []}
DEBUG: Scraped from <200 https://www.waitrose.com/ecom/shop/browse/groceries/toiletries_health_and_beauty/hair_care/shampoo>
{'client': 'Waitrose', 'time': datetime.datetime(2020, 9, 21, 9, 41, 11, 892430), 'category': 'Shampoo', 'id': 'tPp639145-337007-337008', 'prod_name': 'Tresemmé Shampoo Deep Cleansing', 'waitrose_Qty': '800ml', 'waitrose_discounted_price': '£2.75', 'waitrose_offer_desc': 'Half Price.', 'waitrose_url': 'https://www.waitrose.com/ecom/shop/browse/groceries/toiletries_health_and_beauty/hair_care/shampoo', 'waitrose_rating': '5', 'waitrose_unit_price': '(34.4p/100ml)', 'waitrose_new_flag': None, 'waitrose_prod_name': 'Tresemmé Shampoo Deep Cleansing 800ml', 'images': []}
DEBUG: Scraped from <200 https://www.waitrose.com/ecom/shop/browse/groceries/toiletries_health_and_beauty/hair_care/shampoo>
{'client': 'Waitrose', 'time': datetime.datetime(2020, 9, 21, 9, 41, 11, 892430), 'category': 'Shampoo', 'id': 'tPp096232-49248-49249', 'prod_name': 'Aussie Mega Shampoo', 'waitrose_Qty': '300ml', 'waitrose_discounted_price': '£2.05', 'waitrose_offer_desc': 'Half Price.', 'waitrose_url': 'https://www.waitrose.com/ecom/shop/browse/groceries/toiletries_health_and_beauty/hair_care/shampoo', 'waitrose_rating': '2.5', 'waitrose_unit_price': '(68.3p/100ml)', 'waitrose_new_flag': None, 'waitrose_prod_name': 'Aussie Mega Shampoo 300ml', 'images': []}
DEBUG: Scraped from <200 https://www.waitrose.com/ecom/shop/browse/groceries/toiletries_health_and_beauty/hair_care/shampoo>
{'client': 'Waitrose', 'time': datetime.datetime(2020, 9, 21, 9, 41, 11, 892430), 'category': 'Shampoo', 'id': 'tPp819340-720339-720340', 'prod_name': 'Head & Shoulders Supreme Shampoo', 'waitrose_Qty': '400ml', 'waitrose_discounted_price': '£3.33', 'waitrose_offer_desc': 'Save 1/3.', 'waitrose_url': 'https://www.waitrose.com/ecom/shop/browse/groceries/toiletries_health_and_beauty/hair_care/shampoo', 'waitrose_rating': None, 'waitrose_unit_price': '(83.3p/100ml)', 'waitrose_new_flag': None, 'waitrose_prod_name': 'Head & Shoulders Supreme Shampoo 400ml', 'images': []}
DEBUG: Scraped from <200 https://www.waitrose.com/ecom/shop/browse/groceries/toiletries_health_and_beauty/hair_care/shampoo>
{'client': 'Waitrose', 'time': datetime.datetime(2020, 9, 21, 9, 41, 11, 892430), 'category': 'Shampoo', 'id': 'tPp083596-42439-42440', 'prod_name': 'Aussie Colour Mate Shampoo', 'waitrose_Qty': '300ml', 'waitrose_discounted_price': '£2.05', 'waitrose_offer_desc': 'Half Price.', 'waitrose_url': 'https://www.waitrose.com/ecom/shop/browse/groceries/toiletries_health_and_beauty/hair_care/shampoo', 'waitrose_rating': '5', 'waitrose_unit_price': '(68.3p/100ml)', 'waitrose_new_flag': None, 'waitrose_prod_name': 'Aussie Colour Mate Shampoo 300ml', 'images': []}
DEBUG: Scraped from <200 https://www.waitrose.com/ecom/shop/browse/groceries/toiletries_health_and_beauty/hair_care/shampoo>
{'client': 'Waitrose', 'time': datetime.datetime(2020, 9, 21, 9, 41, 11, 892430), 'category': 'Shampoo', 'id': 'tPp364793-255761-255762', 'prod_name': 'Aussie Miracle Shine Shampoo', 'waitrose_Qty': '300ml', 'waitrose_discounted_price': '£2.00', 'waitrose_offer_desc': 'Half Price.', 'waitrose_url': 'https://www.waitrose.com/ecom/shop/browse/groceries/toiletries_health_and_beauty/hair_care/shampoo', 'waitrose_rating': None, 'waitrose_unit_price': '(66.7p/100ml)', 'waitrose_new_flag': None, 'waitrose_prod_name': 'Aussie Miracle Shine Shampoo 300ml', 'images': []}
DEBUG: Scraped from <200 https://www.waitrose.com/ecom/shop/browse/groceries/toiletries_health_and_beauty/hair_care/shampoo>
{'client': 'Waitrose', 'time': datetime.datetime(2020, 9, 21, 9, 41, 11, 892430), 'category': 'Shampoo', 'id': 'tPp433216-720111-720112', 'prod_name': 'John Frieda Hydrate & Recharge Shampoo', 'waitrose_Qty': '250ml', 'waitrose_discounted_price': '£3.99', 'waitrose_offer_desc': 'Save 1/3.', 'waitrose_url': 'https://www.waitrose.com/ecom/shop/browse/groceries/toiletries_health_and_beauty/hair_care/shampoo', 'waitrose_rating': None, 'waitrose_unit_price': '(£1.60/100ml)', 'waitrose_new_flag': None, 'waitrose_prod_name': 'John Frieda Hydrate & Recharge Shampoo 250ml', 'images': []}
DEBUG: Scraped from <200 https://www.waitrose.com/ecom/shop/browse/groceries/toiletries_health_and_beauty/hair_care/shampoo>
{'client': 'Waitrose', 'time': datetime.datetime(2020, 9, 21, 9, 41, 11, 892430), 'category': 'Shampoo', 'id': 'tPp775870-724036-724037', 'prod_name': 'Faith in Nature Wild Rose Shampoo', 'waitrose_Qty': '400ml', 'waitrose_discounted_price': '£3.86', 'waitrose_offer_desc': 'Save 1/3.', 'waitrose_url': 'https://www.waitrose.com/ecom/shop/browse/groceries/toiletries_health_and_beauty/hair_care/shampoo', 'waitrose_rating': '5', 'waitrose_unit_price': '(96.5p/100ml)', 'waitrose_new_flag': None, 'waitrose_prod_name': 'Faith in Nature Wild Rose Shampoo 400ml', 'images': []}
DEBUG: Scraped from <200 https://www.waitrose.com/ecom/shop/browse/groceries/toiletries_health_and_beauty/hair_care/shampoo>
{'client': 'Waitrose', 'time': datetime.datetime(2020, 9, 21, 9, 41, 11, 892430), 'category': 'Shampoo', 'id': 'tPp595050-720203-720204', 'prod_name': 'Herbal Essences Coconut Shampoo', 'waitrose_Qty': '250ml', 'waitrose_discounted_price': '£2.00', 'waitrose_offer_desc': 'Save 1/3.', 'waitrose_url': 'https://www.waitrose.com/ecom/shop/browse/groceries/toiletries_health_and_beauty/hair_care/shampoo', 'waitrose_rating': None, 'waitrose_unit_price': '(80p/100ml)', 'waitrose_new_flag': None, 'waitrose_prod_name': 'Herbal Essences Coconut Shampoo 250ml', 'images': []}
DEBUG: Scraped from <200 https://www.waitrose.com/ecom/shop/browse/groceries/toiletries_health_and_beauty/hair_care/shampoo>
{'client': 'Waitrose', 'time': datetime.datetime(2020, 9, 21, 9, 41, 11, 892430), 'category': 'Shampoo', 'id': 'tPp455905-591789-591790', 'prod_name': 'Herbal Essences clean Shampoo', 'waitrose_Qty': '400ml', 'waitrose_discounted_price': '£4.50', 'waitrose_offer_desc': None, 'waitrose_url': 'https://www.waitrose.com/ecom/shop/browse/groceries/toiletries_health_and_beauty/hair_care/shampoo', 'waitrose_rating': None, 'waitrose_unit_price': '(£1.13/100ml)', 'waitrose_new_flag': None, 'waitrose_prod_name': 'Herbal Essences clean Shampoo 400ml', 'images': []}
DEBUG: Scraped from <200 https://www.waitrose.com/ecom/shop/browse/groceries/toiletries_health_and_beauty/hair_care/shampoo>
{'client': 'Waitrose', 'time': datetime.datetime(2020, 9, 21, 9, 41, 11, 892430), 'category': 'Shampoo', 'id': 'tPp819563-729788-729789', 'prod_name': 'Aussie Blonde Purple Shampoo', 'waitrose_Qty': '290ml', 'waitrose_discounted_price': '£2.99', 'waitrose_offer_desc': 'Half Price.', 'waitrose_url': 'https://www.waitrose.com/ecom/shop/browse/groceries/toiletries_health_and_beauty/hair_care/shampoo', 'waitrose_rating': None, 'waitrose_unit_price': '(£1.04/100ml)', 'waitrose_new_flag': None, 'waitrose_prod_name': 'Aussie Blonde Purple Shampoo 290ml', 'images': []}
DEBUG: Scraped from <200 https://www.waitrose.com/ecom/shop/browse/groceries/toiletries_health_and_beauty/hair_care/shampoo>
{'client': 'Waitrose', 'time': datetime.datetime(2020, 9, 21, 9, 41, 11, 892430), 'category': 'Shampoo', 'id': 'tPp747801-683764-683765', 'prod_name': 'Aussie Shampoo Scent-sational', 'waitrose_Qty': '300ml', 'waitrose_discounted_price': '£2.00', 'waitrose_offer_desc': 'Half Price.', 'waitrose_url': 'https://www.waitrose.com/ecom/shop/browse/groceries/toiletries_health_and_beauty/hair_care/shampoo', 'waitrose_rating': '5', 'waitrose_unit_price': '(66.7p/100ml)', 'waitrose_new_flag': None, 'waitrose_prod_name': 'Aussie Shampoo Scent-sational 300ml', 'images': []}
DEBUG: Scraped from <200 https://www.waitrose.com/ecom/shop/browse/groceries/toiletries_health_and_beauty/hair_care/shampoo>
{'client': 'Waitrose', 'time': datetime.datetime(2020, 9, 21, 9, 41, 11, 892430), 'category': 'Shampoo', 'id': 'tPp011495-5706-5707', 'prod_name': 'John Frieda Shampoo Touchably Full', 'waitrose_Qty': '250ml', 'waitrose_discounted_price': '£3.99', 'waitrose_offer_desc': 'Save 1/3.', 'waitrose_url': 'https://www.waitrose.com/ecom/shop/browse/groceries/toiletries_health_and_beauty/hair_care/shampoo', 'waitrose_rating': '4', 'waitrose_unit_price': '(£1.60/100ml)', 'waitrose_new_flag': None, 'waitrose_prod_name': 'John Frieda Shampoo Touchably Full 250ml', 'images': []}
DEBUG: Scraped from <200 https://www.waitrose.com/ecom/shop/browse/groceries/toiletries_health_and_beauty/hair_care/shampoo>
{'client': 'Waitrose', 'time': datetime.datetime(2020, 9, 21, 9, 41, 11, 892430), 'category': 'Shampoo', 'id': 'tPp538896-720173-720174', 'prod_name': 'Herbal Essences Argan Oil Shampoo', 'waitrose_Qty': '250ml', 'waitrose_discounted_price': '£2.00', 'waitrose_offer_desc': 'Save 1/3.', 'waitrose_url': 'https://www.waitrose.com/ecom/shop/browse/groceries/toiletries_health_and_beauty/hair_care/shampoo', 'waitrose_rating': None, 'waitrose_unit_price': '(80p/100ml)', 'waitrose_new_flag': None, 'waitrose_prod_name': 'Herbal Essences Argan Oil Shampoo 250ml', 'images': []}
DEBUG: Scraped from <200 https://www.waitrose.com/ecom/shop/browse/groceries/toiletries_health_and_beauty/hair_care/shampoo>
{'client': 'Waitrose', 'time': datetime.datetime(2020, 9, 21, 9, 41, 11, 892430), 'category': 'Shampoo', 'id': 'tPp865734-216867-216868', 'prod_name': 'Ogx Argan Oil of Morocco Shampoo', 'waitrose_Qty': '385ml', 'waitrose_discounted_price': '£7.00', 'waitrose_offer_desc': None, 'waitrose_url': 'https://www.waitrose.com/ecom/shop/browse/groceries/toiletries_health_and_beauty/hair_care/shampoo', 'waitrose_rating': '3.4', 'waitrose_unit_price': '(£1.82/100ml)', 'waitrose_new_flag': None, 'waitrose_prod_name': 'Ogx Argan Oil of Morocco Shampoo 385ml', 'images': []}
DEBUG: Scraped from <200 https://www.waitrose.com/ecom/shop/browse/groceries/toiletries_health_and_beauty/hair_care/shampoo>
{'client': 'Waitrose', 'time': datetime.datetime(2020, 9, 21, 9, 41, 11, 892430), 'category': 'Shampoo', 'id': 'tPp855140-216863-216864', 'prod_name': 'Ogx Coconut Milk Shampoo', 'waitrose_Qty': '385ml', 'waitrose_discounted_price': '£7.00', 'waitrose_offer_desc': None, 'waitrose_url': 'https://www.waitrose.com/ecom/shop/browse/groceries/toiletries_health_and_beauty/hair_care/shampoo', 'waitrose_rating': '5', 'waitrose_unit_price': '(£1.82/100ml)', 'waitrose_new_flag': None, 'waitrose_prod_name': 'Ogx Coconut Milk Shampoo 385ml', 'images': []}
DEBUG: Scraped from <200 https://www.waitrose.com/ecom/shop/browse/groceries/toiletries_health_and_beauty/hair_care/shampoo>
{'client': 'Waitrose', 'time': datetime.datetime(2020, 9, 21, 9, 41, 11, 892430), 'category': 'Shampoo', 'id': 'tPp735040-695707-695708', 'prod_name': 'Vosene Kids 3in1 Tea Tree Shampoo', 'waitrose_Qty': '250ml', 'waitrose_discounted_price': '£1.66', 'waitrose_offer_desc': 'Save 1/3.', 'waitrose_url': 'https://www.waitrose.com/ecom/shop/browse/groceries/toiletries_health_and_beauty/hair_care/shampoo', 'waitrose_rating': None, 'waitrose_unit_price': '(66.4p/100ml)', 'waitrose_new_flag': None, 'waitrose_prod_name': 'Vosene Kids 3in1 Tea Tree Shampoo 250ml', 'images': []}
DEBUG: Scraped from <200 https://www.waitrose.com/ecom/shop/browse/groceries/toiletries_health_and_beauty/hair_care/shampoo>
{'client': 'Waitrose', 'time': datetime.datetime(2020, 9, 21, 9, 41, 11, 892430), 'category': 'Shampoo', 'id': 'tPp701301-99532-99533', 'prod_name': 'Essential Daily Care Shampoo', 'waitrose_Qty': '300ml', 'waitrose_discounted_price': '80p', 'waitrose_offer_desc': None, 'waitrose_url': 'https://www.waitrose.com/ecom/shop/browse/groceries/toiletries_health_and_beauty/hair_care/shampoo', 'waitrose_rating': '4.1', 'waitrose_unit_price': '(26.7p/100ml)', 'waitrose_new_flag': None, 'waitrose_prod_name': 'Essential Daily Care Shampoo 300ml', 'images': []}
DEBUG: Scraped from <200 https://www.waitrose.com/ecom/shop/browse/groceries/toiletries_health_and_beauty/hair_care/shampoo>
{'client': 'Waitrose', 'time': datetime.datetime(2020, 9, 21, 9, 41, 11, 892430), 'category': 'Shampoo', 'id': 'tPp610920-86669-86670', 'prod_name': 'Sheer Blonde Go Blonder Shampoo', 'waitrose_Qty': '250ml', 'waitrose_discounted_price': '£3.99', 'waitrose_offer_desc': 'Save 1/3.', 'waitrose_url': 'https://www.waitrose.com/ecom/shop/browse/groceries/toiletries_health_and_beauty/hair_care/shampoo', 'waitrose_rating': '3.5', 'waitrose_unit_price': '(£1.60/100ml)', 'waitrose_new_flag': None, 'waitrose_prod_name': 'Sheer Blonde Go Blonder Shampoo 250ml', 'images': []}
DEBUG: Scraped from <200 https://www.waitrose.com/ecom/shop/browse/groceries/toiletries_health_and_beauty/hair_care/shampoo>
{'client': 'Waitrose', 'time': datetime.datetime(2020, 9, 21, 9, 41, 11, 892430), 'category': 'Shampoo', 'id': 'tPp847454-724141-724142', 'prod_name': 'Faith in Nature Grapefruit Shampoo', 'waitrose_Qty': '400ml', 'waitrose_discounted_price': '£3.86', 'waitrose_offer_desc': 'Save 1/3.', 'waitrose_url': 'https://www.waitrose.com/ecom/shop/browse/groceries/toiletries_health_and_beauty/hair_care/shampoo', 'waitrose_rating': '5', 'waitrose_unit_price': '(96.5p/100ml)', 'waitrose_new_flag': None, 'waitrose_prod_name': 'Faith in Nature Grapefruit Shampoo 400ml', 'images': []}
DEBUG: Scraped from <200 https://www.waitrose.com/ecom/shop/browse/groceries/toiletries_health_and_beauty/hair_care/shampoo>
{'client': 'Waitrose', 'time': datetime.datetime(2020, 9, 21, 9, 41, 11, 892430), 'category': 'Shampoo', 'id': 'tPp472240-591833-591834', 'prod_name': 'Herbal Essences Repair Shampoo', 'waitrose_Qty': '400ml', 'waitrose_discounted_price': '£4.50', 'waitrose_offer_desc': None, 'waitrose_url': 'https://www.waitrose.com/ecom/shop/browse/groceries/toiletries_health_and_beauty/hair_care/shampoo', 'waitrose_rating': '5', 'waitrose_unit_price': '(£1.13/100ml)', 'waitrose_new_flag': None, 'waitrose_prod_name': 'Herbal Essences Repair Shampoo 400ml', 'images': []}
DEBUG: Scraped from <200 https://www.waitrose.com/ecom/shop/browse/groceries/toiletries_health_and_beauty/hair_care/shampoo>
{'client': 'Waitrose', 'time': datetime.datetime(2020, 9, 21, 9, 41, 11, 892430), 'category': 'Shampoo', 'id': 'tPp563832-295347-295348', 'prod_name': 'Argan + Argan Oil 5Oil Miracle Shampoo', 'waitrose_Qty': '300ml', 'waitrose_discounted_price': '£4.00', 'waitrose_offer_desc': 'Save 1/3.', 'waitrose_url': 'https://www.waitrose.com/ecom/shop/browse/groceries/toiletries_health_and_beauty/hair_care/shampoo', 'waitrose_rating': '5', 'waitrose_unit_price': '(£1.34/100ml)', 'waitrose_new_flag': None, 'waitrose_prod_name': 'Argan + Argan Oil 5Oil Miracle Shampoo 300ml', 'images': []}
DEBUG: Scraped from <200 https://www.waitrose.com/ecom/shop/browse/groceries/toiletries_health_and_beauty/hair_care/shampoo>
{'client': 'Waitrose', 'time': datetime.datetime(2020, 9, 21, 9, 41, 11, 892430), 'category': 'Shampoo', 'id': 'tPp725068-723986-723987', 'prod_name': 'Faith in Nature Lavender Shampoo', 'waitrose_Qty': '400ml', 'waitrose_discounted_price': '£3.86', 'waitrose_offer_desc': 'Save 1/3.', 'waitrose_url': 'https://www.waitrose.com/ecom/shop/browse/groceries/toiletries_health_and_beauty/hair_care/shampoo', 'waitrose_rating': None, 'waitrose_unit_price': '(96.5p/100ml)', 'waitrose_new_flag': None, 'waitrose_prod_name': 'Faith in Nature Lavender Shampoo 400ml', 'images': []}
DEBUG: Scraped from <200 https://www.waitrose.com/ecom/shop/browse/groceries/toiletries_health_and_beauty/hair_care/shampoo>
{'client': 'Waitrose', 'time': datetime.datetime(2020, 9, 21, 9, 41, 11, 892430), 'category': 'Shampoo', 'id': 'tPp494340-69860-69861', 'prod_name': "Neal's Yard Rose Shampoo", 'waitrose_Qty': '200ml', 'waitrose_discounted_price': '£7.66', 'waitrose_offer_desc': 'Save 1/3.', 'waitrose_url': 'https://www.waitrose.com/ecom/shop/browse/groceries/toiletries_health_and_beauty/hair_care/shampoo', 'waitrose_rating': '3.1', 'waitrose_unit_price': '(£3.83/100ml)', 'waitrose_new_flag': None, 'waitrose_prod_name': "Neal's Yard Rose Shampoo 200ml", 'images': []}
DEBUG: Scraped from <200 https://www.waitrose.com/ecom/shop/browse/groceries/toiletries_health_and_beauty/hair_care/shampoo>
{'client': 'Waitrose', 'time': datetime.datetime(2020, 9, 21, 9, 41, 11, 892430), 'category': 'Shampoo', 'id': 'tPp490113-591883-591884', 'prod_name': 'Herbal Essences Volume Shampoo', 'waitrose_Qty': '400ml', 'waitrose_discounted_price': '£4.50', 'waitrose_offer_desc': None, 'waitrose_url': 'https://www.waitrose.com/ecom/shop/browse/groceries/toiletries_health_and_beauty/hair_care/shampoo', 'waitrose_rating': '5', 'waitrose_unit_price': '(£1.13/100ml)', 'waitrose_new_flag': None, 'waitrose_prod_name': 'Herbal Essences Volume Shampoo 400ml', 'images': []}
DEBUG: Scraped from <200 https://www.waitrose.com/ecom/shop/browse/groceries/toiletries_health_and_beauty/hair_care/shampoo>
{'client': 'Waitrose', 'time': datetime.datetime(2020, 9, 21, 9, 41, 11, 892430), 'category': 'Shampoo', 'id': 'tPp702159-494964-494965', 'prod_name': 'DGJ Argan Oil Shampoo', 'waitrose_Qty': '250ml', 'waitrose_discounted_price': '£2.50', 'waitrose_offer_desc': 'Half Price.', 'waitrose_url': 'https://www.waitrose.com/ecom/shop/browse/groceries/toiletries_health_and_beauty/hair_care/shampoo', 'waitrose_rating': None, 'waitrose_unit_price': '(£1/100ml)', 'waitrose_new_flag': None, 'waitrose_prod_name': 'DGJ Argan Oil Shampoo 250ml', 'images': []}
DEBUG: Scraped from <200 https://www.waitrose.com/ecom/shop/browse/groceries/toiletries_health_and_beauty/hair_care/shampoo>
{'client': 'Waitrose', 'time': datetime.datetime(2020, 9, 21, 9, 41, 11, 892430), 'category': 'Shampoo', 'id': 'tPp833802-337290-337291', 'prod_name': 'Aussie Miracle Moist Spray', 'waitrose_Qty': '250ml', 'waitrose_discounted_price': '£2.57', 'waitrose_offer_desc': 'Half Price.', 'waitrose_url': 'https://www.waitrose.com/ecom/shop/browse/groceries/toiletries_health_and_beauty/hair_care/shampoo', 'waitrose_rating': None, 'waitrose_unit_price': '(£1.03/100ml)', 'waitrose_new_flag': None, 'waitrose_prod_name': 'Aussie Miracle Moist Spray 250ml', 'images': []}
DEBUG: Scraped from <200 https://www.waitrose.com/ecom/shop/browse/groceries/toiletries_health_and_beauty/hair_care/shampoo>
{'client': 'Waitrose', 'time': datetime.datetime(2020, 9, 21, 9, 41, 11, 892430), 'category': 'Shampoo', 'id': 'tPp065299-33095-33096', 'prod_name': 'Frizz Ease Dream Curls Shampoo', 'waitrose_Qty': '250ml', 'waitrose_discounted_price': '£3.99', 'waitrose_offer_desc': 'Save 1/3.', 'waitrose_url': 'https://www.waitrose.com/ecom/shop/browse/groceries/toiletries_health_and_beauty/hair_care/shampoo', 'waitrose_rating': '5', 'waitrose_unit_price': '(£1.60/100ml)', 'waitrose_new_flag': None, 'waitrose_prod_name': 'Frizz Ease Dream Curls Shampoo 250ml', 'images': []}
DEBUG: Scraped from <200 https://www.waitrose.com/ecom/shop/browse/groceries/toiletries_health_and_beauty/hair_care/shampoo>
{'client': 'Waitrose', 'time': datetime.datetime(2020, 9, 21, 9, 41, 11, 892430), 'category': 'Shampoo', 'id': 'tPp502437-720153-720154', 'prod_name': 'Aussie Calm The Frizz Shampoo', 'waitrose_Qty': '300ml', 'waitrose_discounted_price': '£2.00', 'waitrose_offer_desc': 'Half Price.', 'waitrose_url': 'https://www.waitrose.com/ecom/shop/browse/groceries/toiletries_health_and_beauty/hair_care/shampoo', 'waitrose_rating': None, 'waitrose_unit_price': '(66.7p/100ml)', 'waitrose_new_flag': None, 'waitrose_prod_name': 'Aussie Calm The Frizz Shampoo 300ml', 'images': []}
DEBUG: Scraped from <200 https://www.waitrose.com/ecom/shop/browse/groceries/toiletries_health_and_beauty/hair_care/shampoo>
{'client': 'Waitrose', 'time': datetime.datetime(2020, 9, 21, 9, 41, 11, 892430), 'category': 'Shampoo', 'id': 'tPp427668-591713-591714', 'prod_name': 'Herbal Essences Hydrate Shampoo', 'waitrose_Qty': '400ml', 'waitrose_discounted_price': '£4.50', 'waitrose_offer_desc': None, 'waitrose_url': 'https://www.waitrose.com/ecom/shop/browse/groceries/toiletries_health_and_beauty/hair_care/shampoo', 'waitrose_rating': '5', 'waitrose_unit_price': '(£1.13/100ml)', 'waitrose_new_flag': None, 'waitrose_prod_name': 'Herbal Essences Hydrate Shampoo 400ml', 'images': []}
DEBUG: Scraped from <200 https://www.waitrose.com/ecom/shop/browse/groceries/toiletries_health_and_beauty/hair_care/shampoo>
{'client': 'Waitrose', 'time': datetime.datetime(2020, 9, 21, 9, 41, 11, 892430), 'category': 'Shampoo', 'id': 'tPp639366-90822-90823', 'prod_name': 'Head & Shoulders Shampoo Classic', 'waitrose_Qty': '500ml', 'waitrose_discounted_price': '£5.15', 'waitrose_offer_desc': None, 'waitrose_url': 'https://www.waitrose.com/ecom/shop/browse/groceries/toiletries_health_and_beauty/hair_care/shampoo', 'waitrose_rating': '3.5', 'waitrose_unit_price': '(£1.03/100ml)', 'waitrose_new_flag': None, 'waitrose_prod_name': 'Head & Shoulders Shampoo Classic 500ml', 'images': []}
DEBUG: Scraped from <200 https://www.waitrose.com/ecom/shop/browse/groceries/toiletries_health_and_beauty/hair_care/shampoo>
{'client': 'Waitrose', 'time': datetime.datetime(2020, 9, 21, 9, 41, 11, 892430), 'category': 'Shampoo', 'id': 'tPp745828-495012-495013', 'prod_name': 'DGJ Kids Lice Repel Shampoo', 'waitrose_Qty': '250ml', 'waitrose_discounted_price': '£1.75', 'waitrose_offer_desc': 'Half Price.', 'waitrose_url': 'https://www.waitrose.com/ecom/shop/browse/groceries/toiletries_health_and_beauty/hair_care/shampoo', 'waitrose_rating': None, 'waitrose_unit_price': '(70p/100ml)', 'waitrose_new_flag': None, 'waitrose_prod_name': 'DGJ Kids Lice Repel Shampoo 250ml', 'images': []}
DEBUG: Scraped from <200 https://www.waitrose.com/ecom/shop/browse/groceries/toiletries_health_and_beauty/hair_care/shampoo>
{'client': 'Waitrose', 'time': datetime.datetime(2020, 9, 21, 9, 41, 11, 892430), 'category': 'Shampoo', 'id': 'tPp535961-75786-75787', 'prod_name': 'essential Waitrose Nourishing Shampoo', 'waitrose_Qty': '300ml', 'waitrose_discounted_price': '80p', 'waitrose_offer_desc': None, 'waitrose_url': 'https://www.waitrose.com/ecom/shop/browse/groceries/toiletries_health_and_beauty/hair_care/shampoo', 'waitrose_rating': '4.3', 'waitrose_unit_price': '(26.7p/100ml)', 'waitrose_new_flag': None, 'waitrose_prod_name': 'essential Waitrose Nourishing Shampoo 300ml', 'images': []}
DEBUG: Scraped from <200 https://www.waitrose.com/ecom/shop/browse/groceries/toiletries_health_and_beauty/hair_care/shampoo>
{'client': 'Waitrose', 'time': datetime.datetime(2020, 9, 21, 9, 41, 11, 892430), 'category': 'Shampoo', 'id': 'tPp810201-352482-352483', 'prod_name': 'Essential Daily Care 2 in 1', 'waitrose_Qty': '300ml', 'waitrose_discounted_price': '80p', 'waitrose_offer_desc': None, 'waitrose_url': 'https://www.waitrose.com/ecom/shop/browse/groceries/toiletries_health_and_beauty/hair_care/shampoo', 'waitrose_rating': '4.3', 'waitrose_unit_price': '(26.7p/100ml)', 'waitrose_new_flag': None, 'waitrose_prod_name': 'Essential Daily Care 2 in 1 300ml', 'images': []}
DEBUG: Scraped from <200 https://www.waitrose.com/ecom/shop/browse/groceries/toiletries_health_and_beauty/hair_care/shampoo>
{'client': 'Waitrose', 'time': datetime.datetime(2020, 9, 21, 9, 41, 11, 892430), 'category': 'Shampoo', 'id': 'tPp425163-526469-526470', 'prod_name': 'Frizz Ease Shampoo Miraculous Recovery', 'waitrose_Qty': '250ml', 'waitrose_discounted_price': '£3.99', 'waitrose_offer_desc': 'Save 1/3.', 'waitrose_url': 'https://www.waitrose.com/ecom/shop/browse/groceries/toiletries_health_and_beauty/hair_care/shampoo', 'waitrose_rating': None, 'waitrose_unit_price': '(£1.60/100ml)', 'waitrose_new_flag': None, 'waitrose_prod_name': 'Frizz Ease Shampoo Miraculous Recovery 250ml', 'images': []}
DEBUG: Scraped from <200 https://www.waitrose.com/ecom/shop/browse/groceries/toiletries_health_and_beauty/hair_care/shampoo>
{'client': 'Waitrose', 'time': datetime.datetime(2020, 9, 21, 9, 41, 11, 892430), 'category': 'Shampoo', 'id': 'tPp407453-471203-471204', 'prod_name': 'Ogx Biotin & Collagen Shampoo', 'waitrose_Qty': '385ml', 'waitrose_discounted_price': '£7.00', 'waitrose_offer_desc': None, 'waitrose_url': 'https://www.waitrose.com/ecom/shop/browse/groceries/toiletries_health_and_beauty/hair_care/shampoo', 'waitrose_rating': None, 'waitrose_unit_price': '(£1.82/100ml)', 'waitrose_new_flag': None, 'waitrose_prod_name': 'Ogx Biotin & Collagen Shampoo 385ml', 'images': []}
DEBUG: Scraped from <200 https://www.waitrose.com/ecom/shop/browse/groceries/toiletries_health_and_beauty/hair_care/shampoo>
{'client': 'Waitrose', 'time': datetime.datetime(2020, 9, 21, 9, 41, 11, 892430), 'category': 'Shampoo', 'id': 'tPp755186-495024-495025', 'prod_name': 'DGJ Colour Save Shampoo', 'waitrose_Qty': '250ml', 'waitrose_discounted_price': '£2.50', 'waitrose_offer_desc': 'Half Price.', 'waitrose_url': 'https://www.waitrose.com/ecom/shop/browse/groceries/toiletries_health_and_beauty/hair_care/shampoo', 'waitrose_rating': None, 'waitrose_unit_price': '(£1/100ml)', 'waitrose_new_flag': None, 'waitrose_prod_name': 'DGJ Colour Save Shampoo 250ml', 'images': []}
DEBUG: Scraped from <200 https://www.waitrose.com/ecom/shop/browse/groceries/toiletries_health_and_beauty/hair_care/shampoo>
{'client': 'Waitrose', 'time': datetime.datetime(2020, 9, 21, 9, 41, 11, 892430), 'category': 'Shampoo', 'id': 'tPp583946-82773-82774', 'prod_name': "Neal's Yard Lavender Shampoo", 'waitrose_Qty': '200ml', 'waitrose_discounted_price': '£7.66', 'waitrose_offer_desc': 'Save 1/3.', 'waitrose_url': 'https://www.waitrose.com/ecom/shop/browse/groceries/toiletries_health_and_beauty/hair_care/shampoo', 'waitrose_rating': '2.3', 'waitrose_unit_price': '(£3.83/100ml)', 'waitrose_new_flag': None, 'waitrose_prod_name': "Neal's Yard Lavender Shampoo 200ml", 'images': []}
DEBUG: Scraped from <200 https://www.waitrose.com/ecom/shop/browse/groceries/toiletries_health_and_beauty/hair_care/shampoo>
{'client': 'Waitrose', 'time': datetime.datetime(2020, 9, 21, 9, 41, 11, 892430), 'category': 'Shampoo', 'id': 'tPp844892-695845-695846', 'prod_name': 'Head & Shoulders Colour Protect', 'waitrose_Qty': '400ml', 'waitrose_discounted_price': '£3.33', 'waitrose_offer_desc': 'Save 1/3.', 'waitrose_url': 'https://www.waitrose.com/ecom/shop/browse/groceries/toiletries_health_and_beauty/hair_care/shampoo', 'waitrose_rating': None, 'waitrose_unit_price': '(83.3p/100ml)', 'waitrose_new_flag': None, 'waitrose_prod_name': 'Head & Shoulders Colour Protect 400ml', 'images': []}
DEBUG: Scraped from <200 https://www.waitrose.com/ecom/shop/browse/groceries/toiletries_health_and_beauty/hair_care/shampoo>
{'client': 'Waitrose', 'time': datetime.datetime(2020, 9, 21, 9, 41, 11, 892430), 'category': 'Shampoo', 'id': 'tPp711086-652694-652695', 'prod_name': 'Head & Shoulders Supreme Moisture', 'waitrose_Qty': '400ml', 'waitrose_discounted_price': '£3.43', 'waitrose_offer_desc': 'Save 1/3.', 'waitrose_url': 'https://www.waitrose.com/ecom/shop/browse/groceries/toiletries_health_and_beauty/hair_care/shampoo', 'waitrose_rating': None, 'waitrose_unit_price': '(85.8p/100ml)', 'waitrose_new_flag': None, 'waitrose_prod_name': 'Head & Shoulders Supreme Moisture 400ml', 'images': []}
DEBUG: Scraped from <200 https://www.waitrose.com/ecom/shop/browse/groceries/toiletries_health_and_beauty/hair_care/shampoo>
{'client': 'Waitrose', 'time': datetime.datetime(2020, 9, 21, 9, 41, 11, 892430), 'category': 'Shampoo', 'id': 'tPp414862-695397-695398', 'prod_name': 'Noughty Wave Hello Shampoo', 'waitrose_Qty': '250ml', 'waitrose_discounted_price': '£4.66', 'waitrose_offer_desc': 'Save 1/3.', 'waitrose_url': 'https://www.waitrose.com/ecom/shop/browse/groceries/toiletries_health_and_beauty/hair_care/shampoo', 'waitrose_rating': None, 'waitrose_unit_price': '(£1.87/100ml)', 'waitrose_new_flag': None, 'waitrose_prod_name': 'Noughty Wave Hello Shampoo 250ml', 'images': []}
DEBUG: Scraped from <200 https://www.waitrose.com/ecom/shop/browse/groceries/toiletries_health_and_beauty/hair_care/shampoo>
{'client': 'Waitrose', 'time': datetime.datetime(2020, 9, 21, 9, 41, 11, 892430), 'category': 'Shampoo', 'id': 'tPp425124-59787-59788', 'prod_name': 'Brilliant Brunette Protecting Shampoo', 'waitrose_Qty': '250ml', 'waitrose_discounted_price': '£3.99', 'waitrose_offer_desc': 'Save 1/3.', 'waitrose_url': 'https://www.waitrose.com/ecom/shop/browse/groceries/toiletries_health_and_beauty/hair_care/shampoo', 'waitrose_rating': None, 'waitrose_unit_price': '(£1.60/100ml)', 'waitrose_new_flag': None, 'waitrose_prod_name': 'Brilliant Brunette Protecting Shampoo 250ml', 'images': []}
DEBUG: Scraped from <200 https://www.waitrose.com/ecom/shop/browse/groceries/toiletries_health_and_beauty/hair_care/shampoo>
{'client': 'Waitrose', 'time': datetime.datetime(2020, 9, 21, 9, 41, 11, 892430), 'category': 'Shampoo', 'id': 'tPp755068-720289-720290', 'prod_name': 'Herbal Essences Aloe Hemp Shampoo', 'waitrose_Qty': '380ml', 'waitrose_discounted_price': '£4.50', 'waitrose_offer_desc': None, 'waitrose_url': 'https://www.waitrose.com/ecom/shop/browse/groceries/toiletries_health_and_beauty/hair_care/shampoo', 'waitrose_rating': None, 'waitrose_unit_price': '(£1.19/100ml)', 'waitrose_new_flag': None, 'waitrose_prod_name': 'Herbal Essences Aloe Hemp Shampoo 380ml', 'images': []}
DEBUG: Scraped from <200 https://www.waitrose.com/ecom/shop/browse/groceries/toiletries_health_and_beauty/hair_care/shampoo>
{'client': 'Waitrose', 'time': datetime.datetime(2020, 9, 21, 9, 41, 11, 892430), 'category': 'Shampoo', 'id': 'tPp755349-720291-720292', 'prod_name': 'Herbal Essences Aloe & Mango Shampoo', 'waitrose_Qty': '380ml', 'waitrose_discounted_price': '£4.50', 'waitrose_offer_desc': None, 'waitrose_url': 'https://www.waitrose.com/ecom/shop/browse/groceries/toiletries_health_and_beauty/hair_care/shampoo', 'waitrose_rating': None, 'waitrose_unit_price': '(£1.19/100ml)', 'waitrose_new_flag': None, 'waitrose_prod_name': 'Herbal Essences Aloe & Mango Shampoo 380ml', 'images': []}
DEBUG: Scraped from <200 https://www.waitrose.com/ecom/shop/browse/groceries/toiletries_health_and_beauty/hair_care/shampoo>
{'client': 'Waitrose', 'time': datetime.datetime(2020, 9, 21, 9, 41, 11, 892430), 'category': 'Shampoo', 'id': 'tPp687186-337057-337058', 'prod_name': 'Argan + Argan Oil Rejuvenating Shampoo', 'waitrose_Qty': '300ml', 'waitrose_discounted_price': '£4.00', 'waitrose_offer_desc': 'Save 1/3.', 'waitrose_url': 'https://www.waitrose.com/ecom/shop/browse/groceries/toiletries_health_and_beauty/hair_care/shampoo', 'waitrose_rating': '5', 'waitrose_unit_price': '(£1.34/100ml)', 'waitrose_new_flag': None, 'waitrose_prod_name': 'Argan + Argan Oil Rejuvenating Shampoo 300ml', 'images': []}
DEBUG: Scraped from <200 https://www.waitrose.com/ecom/shop/browse/groceries/toiletries_health_and_beauty/hair_care/shampoo>
{'client': 'Waitrose', 'time': datetime.datetime(2020, 9, 21, 9, 41, 11, 892430), 'category': 'Shampoo', 'id': 'tPp703131-695681-695682', 'prod_name': 'Head & Shoulders Repair Shampoo', 'waitrose_Qty': '400ml', 'waitrose_discounted_price': '£3.33', 'waitrose_offer_desc': 'Save 1/3.', 'waitrose_url': 'https://www.waitrose.com/ecom/shop/browse/groceries/toiletries_health_and_beauty/hair_care/shampoo', 'waitrose_rating': '4', 'waitrose_unit_price': '(83.3p/100ml)', 'waitrose_new_flag': None, 'waitrose_prod_name': 'Head & Shoulders Repair Shampoo 400ml', 'images': []}
DEBUG: Scraped from <200 https://www.waitrose.com/ecom/shop/browse/groceries/toiletries_health_and_beauty/hair_care/shampoo>
{'client': 'Waitrose', 'time': datetime.datetime(2020, 9, 21, 9, 41, 11, 892430), 'category': 'Shampoo', 'id': 'tPp740653-352034-352035', 'prod_name': 'essential Waitrose Anti-Dandruff 2 in 1', 'waitrose_Qty': '300ml', 'waitrose_discounted_price': '£1.00', 'waitrose_offer_desc': 'Featured Product', 'waitrose_url': 'https://www.waitrose.com/ecom/shop/browse/groceries/toiletries_health_and_beauty/hair_care/shampoo', 'waitrose_rating': '4', 'waitrose_unit_price': '(33.3p/100ml)', 'waitrose_new_flag': None, 'waitrose_prod_name': 'essential Waitrose Anti-Dandruff 2 in 1 300ml', 'images': []}
DEBUG: Scraped from <200 https://www.waitrose.com/ecom/shop/browse/groceries/toiletries_health_and_beauty/hair_care/shampoo>
{'client': 'Waitrose', 'time': datetime.datetime(2020, 9, 21, 9, 41, 11, 892430), 'category': 'Shampoo', 'id': 'tPp051100-25409-25410', 'prod_name': 'Sheer Blonde Moisturising Shampoo', 'waitrose_Qty': '250ml', 'waitrose_discounted_price': '£3.99', 'waitrose_offer_desc': 'Save 1/3.', 'waitrose_url': 'https://www.waitrose.com/ecom/shop/browse/groceries/toiletries_health_and_beauty/hair_care/shampoo', 'waitrose_rating': '3', 'waitrose_unit_price': '(£1.60/100ml)', 'waitrose_new_flag': None, 'waitrose_prod_name': 'Sheer Blonde Moisturising Shampoo 250ml', 'images': []}
DEBUG: Scraped from <200 https://www.waitrose.com/ecom/shop/browse/groceries/toiletries_health_and_beauty/hair_care/shampoo>
{'client': 'Waitrose', 'time': datetime.datetime(2020, 9, 21, 9, 41, 11, 892430), 'category': 'Shampoo', 'id': 'tPp735751-154731-154732', 'prod_name': 'Aussie aussome volume shampoo', 'waitrose_Qty': '500ml', 'waitrose_discounted_price': '£6.10', 'waitrose_offer_desc': None, 'waitrose_url': 'https://www.waitrose.com/ecom/shop/browse/groceries/toiletries_health_and_beauty/hair_care/shampoo', 'waitrose_rating': None, 'waitrose_unit_price': '(£1.22/100ml)', 'waitrose_new_flag': None, 'waitrose_prod_name': 'Aussie aussome volume shampoo 500ml', 'images': []}
DEBUG: Scraped from <200 https://www.waitrose.com/ecom/shop/browse/groceries/toiletries_health_and_beauty/hair_care/shampoo>
{'client': 'Waitrose', 'time': datetime.datetime(2020, 9, 21, 9, 41, 11, 892430), 'category': 'Shampoo', 'id': 'tPp657721-694179-694180', 'prod_name': 'Pantene 3 in 1 Classic Clean', 'waitrose_Qty': '450ml', 'waitrose_discounted_price': '£3.75', 'waitrose_offer_desc': None, 'waitrose_url': 'https://www.waitrose.com/ecom/shop/browse/groceries/toiletries_health_and_beauty/hair_care/shampoo', 'waitrose_rating': None, 'waitrose_unit_price': '(83.3p/100ml)', 'waitrose_new_flag': None, 'waitrose_prod_name': 'Pantene 3 in 1 Classic Clean 450ml', 'images': []}
DEBUG: Scraped from <200 https://www.waitrose.com/ecom/shop/browse/groceries/toiletries_health_and_beauty/hair_care/shampoo>
{'client': 'Waitrose', 'time': datetime.datetime(2020, 9, 21, 9, 41, 11, 892430), 'category': 'Shampoo', 'id': 'tPp480728-631267-631268', 'prod_name': 'Ogx Orchid Oil Shampoo', 'waitrose_Qty': '385ml', 'waitrose_discounted_price': '£7.00', 'waitrose_offer_desc': None, 'waitrose_url': 'https://www.waitrose.com/ecom/shop/browse/groceries/toiletries_health_and_beauty/hair_care/shampoo', 'waitrose_rating': '5', 'waitrose_unit_price': '(£1.82/100ml)', 'waitrose_new_flag': None, 'waitrose_prod_name': 'Ogx Orchid Oil Shampoo 385ml', 'images': []}
DEBUG: Scraped from <200 https://www.waitrose.com/ecom/shop/browse/groceries/toiletries_health_and_beauty/hair_care/shampoo>
{'client': 'Waitrose', 'time': datetime.datetime(2020, 9, 21, 9, 41, 11, 892430), 'category': 'Shampoo', 'id': 'tPp464815-154487-154488', 'prod_name': 'Batiste original dry shampoo', 'waitrose_Qty': '200ml', 'waitrose_discounted_price': '£3.00', 'waitrose_offer_desc': None, 'waitrose_url': 'https://www.waitrose.com/ecom/shop/browse/groceries/toiletries_health_and_beauty/hair_care/shampoo', 'waitrose_rating': '5', 'waitrose_unit_price': '(£1.50/100ml)', 'waitrose_new_flag': None, 'waitrose_prod_name': 'Batiste original dry shampoo 200ml', 'images': []}
DEBUG: Scraped from <200 https://www.waitrose.com/ecom/shop/browse/groceries/toiletries_health_and_beauty/hair_care/shampoo>
{'client': 'Waitrose', 'time': datetime.datetime(2020, 9, 21, 9, 41, 11, 892430), 'category': 'Shampoo', 'id': 'tPp435635-694165-694166', 'prod_name': 'Pantene Classic Clean Shampoo', 'waitrose_Qty': '500ml', 'waitrose_discounted_price': '£5.15', 'waitrose_offer_desc': None, 'waitrose_url': 'https://www.waitrose.com/ecom/shop/browse/groceries/toiletries_health_and_beauty/hair_care/shampoo', 'waitrose_rating': None, 'waitrose_unit_price': '(£1.03/100ml)', 'waitrose_new_flag': None, 'waitrose_prod_name': 'Pantene Classic Clean Shampoo 500ml', 'images': []}
DEBUG: Scraped from <200 https://www.waitrose.com/ecom/shop/browse/groceries/toiletries_health_and_beauty/hair_care/shampoo>
{'client': 'Waitrose', 'time': datetime.datetime(2020, 9, 21, 9, 41, 11, 892430), 'category': 'Shampoo', 'id': 'tPp824583-694195-694196', 'prod_name': 'Pantene Repair & Protect Shampoo', 'waitrose_Qty': '500ml', 'waitrose_discounted_price': '£3.75', 'waitrose_offer_desc': None, 'waitrose_url': 'https://www.waitrose.com/ecom/shop/browse/groceries/toiletries_health_and_beauty/hair_care/shampoo', 'waitrose_rating': None, 'waitrose_unit_price': '(75p/100ml)', 'waitrose_new_flag': None, 'waitrose_prod_name': 'Pantene Repair & Protect Shampoo 500ml', 'images': []}
DEBUG: Scraped from <200 https://www.waitrose.com/ecom/shop/browse/groceries/toiletries_health_and_beauty/hair_care/shampoo>
{'client': 'Waitrose', 'time': datetime.datetime(2020, 9, 21, 9, 41, 11, 892430), 'category': 'Shampoo', 'id': 'tPp725372-631511-631512', 'prod_name': 'Hask Moni Coconut Oil Shampoo', 'waitrose_Qty': '355ml', 'waitrose_discounted_price': '£4.66', 'waitrose_offer_desc': 'Save 1/3.', 'waitrose_url': 'https://www.waitrose.com/ecom/shop/browse/groceries/toiletries_health_and_beauty/hair_care/shampoo', 'waitrose_rating': None, 'waitrose_unit_price': '(£1.32/100ml)', 'waitrose_new_flag': None, 'waitrose_prod_name': 'Hask Moni Coconut Oil Shampoo 355ml', 'images': []}
DEBUG: Scraped from <200 https://www.waitrose.com/ecom/shop/browse/groceries/toiletries_health_and_beauty/hair_care/shampoo>
{'client': 'Waitrose', 'time': datetime.datetime(2020, 9, 21, 9, 41, 11, 892430), 'category': 'Shampoo', 'id': 'tPp502050-631293-631294', 'prod_name': 'Hask Argan Oil Repairing Shampoo', 'waitrose_Qty': '355ml', 'waitrose_discounted_price': '£4.66', 'waitrose_offer_desc': 'Save 1/3.', 'waitrose_url': 'https://www.waitrose.com/ecom/shop/browse/groceries/toiletries_health_and_beauty/hair_care/shampoo', 'waitrose_rating': '3.7', 'waitrose_unit_price': '(£1.32/100ml)', 'waitrose_new_flag': None, 'waitrose_prod_name': 'Hask Argan Oil Repairing Shampoo 355ml', 'images': []}
DEBUG: Scraped from <200 https://www.waitrose.com/ecom/shop/browse/groceries/toiletries_health_and_beauty/hair_care/shampoo>
{'client': 'Waitrose', 'time': datetime.datetime(2020, 9, 21, 9, 41, 11, 892430), 'category': 'Shampoo', 'id': 'tPp886458-216893-216894', 'prod_name': 'Ogx Brazilian Keratin Shampoo', 'waitrose_Qty': '385ml', 'waitrose_discounted_price': '£7.00', 'waitrose_offer_desc': None, 'waitrose_url': 'https://www.waitrose.com/ecom/shop/browse/groceries/toiletries_health_and_beauty/hair_care/shampoo', 'waitrose_rating': '5', 'waitrose_unit_price': '(£1.82/100ml)', 'waitrose_new_flag': None, 'waitrose_prod_name': 'Ogx Brazilian Keratin Shampoo 385ml', 'images': []}
DEBUG: Scraped from <200 https://www.waitrose.com/ecom/shop/browse/groceries/toiletries_health_and_beauty/hair_care/shampoo>
{'client': 'Waitrose', 'time': datetime.datetime(2020, 9, 21, 9, 41, 11, 892430), 'category': 'Shampoo', 'id': 'tPp486943-68769-68770', 'prod_name': 'Head & Shoulders 2in1 classic clean', 'waitrose_Qty': '225ml', 'waitrose_discounted_price': '£3.00', 'waitrose_offer_desc': None, 'waitrose_url': 'https://www.waitrose.com/ecom/shop/browse/groceries/toiletries_health_and_beauty/hair_care/shampoo', 'waitrose_rating': '4', 'waitrose_unit_price': '(£1.34/100ml)', 'waitrose_new_flag': None, 'waitrose_prod_name': 'Head & Shoulders 2in1 classic clean 225ml', 'images': []}
DEBUG: Scraped from <200 https://www.waitrose.com/ecom/shop/browse/groceries/toiletries_health_and_beauty/hair_care/shampoo>
{'client': 'Waitrose', 'time': datetime.datetime(2020, 9, 21, 9, 41, 11, 892430), 'category': 'Shampoo', 'id': 'tPp649492-695625-695626', 'prod_name': 'Vosene Kids 2in1 Melon Shampoo', 'waitrose_Qty': '250ml', 'waitrose_discounted_price': '£1.33', 'waitrose_offer_desc': 'Save 1/3.', 'waitrose_url': 'https://www.waitrose.com/ecom/shop/browse/groceries/toiletries_health_and_beauty/hair_care/shampoo', 'waitrose_rating': None, 'waitrose_unit_price': '(53.2p/100ml)', 'waitrose_new_flag': None, 'waitrose_prod_name': 'Vosene Kids 2in1 Melon Shampoo 250ml', 'images': []}
DEBUG: Scraped from <200 https://www.waitrose.com/ecom/shop/browse/groceries/toiletries_health_and_beauty/hair_care/shampoo>
{'client': 'Waitrose', 'time': datetime.datetime(2020, 9, 21, 9, 41, 11, 892430), 'category': 'Shampoo', 'id': 'tPp645178-695617-695618', 'prod_name': 'John Frieda Shampoo Weightless Wonder', 'waitrose_Qty': '250ml', 'waitrose_discounted_price': '£3.99', 'waitrose_offer_desc': 'Save 1/3.', 'waitrose_url': 'https://www.waitrose.com/ecom/shop/browse/groceries/toiletries_health_and_beauty/hair_care/shampoo', 'waitrose_rating': '4.6', 'waitrose_unit_price': '(£1.60/100ml)', 'waitrose_new_flag': None, 'waitrose_prod_name': 'John Frieda Shampoo Weightless Wonder 250ml', 'images': []}
DEBUG: Scraped from <200 https://www.waitrose.com/ecom/shop/browse/groceries/toiletries_health_and_beauty/hair_care/shampoo>
{'client': 'Waitrose', 'time': datetime.datetime(2020, 9, 21, 9, 41, 11, 892430), 'category': 'Shampoo', 'id': 'tPp810302-683828-683829', 'prod_name': 'Herbal Essences Deep Repair Shampoo', 'waitrose_Qty': '400ml', 'waitrose_discounted_price': '£4.50', 'waitrose_offer_desc': None, 'waitrose_url': 'https://www.waitrose.com/ecom/shop/browse/groceries/toiletries_health_and_beauty/hair_care/shampoo', 'waitrose_rating': None, 'waitrose_unit_price': '(£1.13/100ml)', 'waitrose_new_flag': None, 'waitrose_prod_name': 'Herbal Essences Deep Repair Shampoo 400ml', 'images': []}
DEBUG: Scraped from <200 https://www.waitrose.com/ecom/shop/browse/groceries/toiletries_health_and_beauty/hair_care/shampoo>
{'client': 'Waitrose', 'time': datetime.datetime(2020, 9, 21, 9, 41, 11, 892430), 'category': 'Shampoo', 'id': 'tPp402915-526384-526385', 'prod_name': 'John Frieda Violet Crush Shampoo', 'waitrose_Qty': '250ml', 'waitrose_discounted_price': '£3.99', 'waitrose_offer_desc': 'Save 1/3.', 'waitrose_url': 'https://www.waitrose.com/ecom/shop/browse/groceries/toiletries_health_and_beauty/hair_care/shampoo', 'waitrose_rating': '5', 'waitrose_unit_price': '(£1.60/100ml)', 'waitrose_new_flag': None, 'waitrose_prod_name': 'John Frieda Violet Crush Shampoo 250ml', 'images': []}
DEBUG: Scraped from <200 https://www.waitrose.com/ecom/shop/browse/groceries/toiletries_health_and_beauty/hair_care/shampoo>
{'client': 'Waitrose', 'time': datetime.datetime(2020, 9, 21, 9, 41, 11, 892430), 'category': 'Shampoo', 'id': 'tPp582132-472091-472092', 'prod_name': 'Ogx Argan Oil Morocco Shampoo', 'waitrose_Qty': '385ml', 'waitrose_discounted_price': '£7.00', 'waitrose_offer_desc': None, 'waitrose_url': 'https://www.waitrose.com/ecom/shop/browse/groceries/toiletries_health_and_beauty/hair_care/shampoo', 'waitrose_rating': '4', 'waitrose_unit_price': '(£1.82/100ml)', 'waitrose_new_flag': None, 'waitrose_prod_name': 'Ogx Argan Oil Morocco Shampoo 385ml', 'images': []}
DEBUG: Scraped from <200 https://www.waitrose.com/ecom/shop/browse/groceries/toiletries_health_and_beauty/hair_care/shampoo>
{'client': 'Waitrose', 'time': datetime.datetime(2020, 9, 21, 9, 41, 11, 892430), 'category': 'Shampoo', 'id': 'tPp839781-154875-154876', 'prod_name': 'Aussie miracle moist shampoo', 'waitrose_Qty': '500ml', 'waitrose_discounted_price': '£6.15', 'waitrose_offer_desc': None, 'waitrose_url': 'https://www.waitrose.com/ecom/shop/browse/groceries/toiletries_health_and_beauty/hair_care/shampoo', 'waitrose_rating': None, 'waitrose_unit_price': '(£1.23/100ml)', 'waitrose_new_flag': None, 'waitrose_prod_name': 'Aussie miracle moist shampoo 500ml', 'images': []}
DEBUG: Scraped from <200 https://www.waitrose.com/ecom/shop/browse/groceries/toiletries_health_and_beauty/hair_care/shampoo>
{'client': 'Waitrose', 'time': datetime.datetime(2020, 9, 21, 9, 41, 11, 892430), 'category': 'Shampoo', 'id': 'tPp627460-154629-154630', 'prod_name': 'Aussie mega shampoo', 'waitrose_Qty': '500ml', 'waitrose_discounted_price': '£6.15', 'waitrose_offer_desc': None, 'waitrose_url': 'https://www.waitrose.com/ecom/shop/browse/groceries/toiletries_health_and_beauty/hair_care/shampoo', 'waitrose_rating': '3.8', 'waitrose_unit_price': '(£1.23/100ml)', 'waitrose_new_flag': None, 'waitrose_prod_name': 'Aussie mega shampoo 500ml', 'images': []}
DEBUG: Scraped from <200 https://www.waitrose.com/ecom/shop/browse/groceries/toiletries_health_and_beauty/hair_care/shampoo>
{'client': 'Waitrose', 'time': datetime.datetime(2020, 9, 21, 9, 41, 11, 892430), 'category': 'Shampoo', 'id': 'tPp711843-717497-717498', 'prod_name': "L'Oreal Elvive Colour Shampoo", 'waitrose_Qty': '400ml', 'waitrose_discounted_price': '£3.75', 'waitrose_offer_desc': None, 'waitrose_url': 'https://www.waitrose.com/ecom/shop/browse/groceries/toiletries_health_and_beauty/hair_care/shampoo', 'waitrose_rating': None, 'waitrose_unit_price': '(93.8p/100ml)', 'waitrose_new_flag': None, 'waitrose_prod_name': "L'Oreal Elvive Colour Shampoo 400ml", 'images': []}
DEBUG: Scraped from <200 https://www.waitrose.com/ecom/shop/browse/groceries/toiletries_health_and_beauty/hair_care/shampoo>
{'client': 'Waitrose', 'time': datetime.datetime(2020, 9, 21, 9, 41, 11, 892430), 'category': 'Shampoo', 'id': 'tPp547359-720175-720176', 'prod_name': 'Maui Moisture Bamboo Shampoo', 'waitrose_Qty': '385ml', 'waitrose_discounted_price': '£6.00', 'waitrose_offer_desc': 'Save 1/3.', 'waitrose_url': 'https://www.waitrose.com/ecom/shop/browse/groceries/toiletries_health_and_beauty/hair_care/shampoo', 'waitrose_rating': '5', 'waitrose_unit_price': '(£1.56/100ml)', 'waitrose_new_flag': None, 'waitrose_prod_name': 'Maui Moisture Bamboo Shampoo 385ml', 'images': []}
DEBUG: Scraped from <200 https://www.waitrose.com/ecom/shop/browse/groceries/toiletries_health_and_beauty/hair_care/shampoo>
{'client': 'Waitrose', 'time': datetime.datetime(2020, 9, 21, 9, 41, 11, 892430), 'category': 'Shampoo', 'id': 'tPp791725-375655-375656', 'prod_name': 'Ogx Kukuí Oil Shampoo', 'waitrose_Qty': '385ml', 'waitrose_discounted_price': '£7.00', 'waitrose_offer_desc': None, 'waitrose_url': 'https://www.waitrose.com/ecom/shop/browse/groceries/toiletries_health_and_beauty/hair_care/shampoo', 'waitrose_rating': '5', 'waitrose_unit_price': '(£1.82/100ml)', 'waitrose_new_flag': None, 'waitrose_prod_name': 'Ogx Kukuí Oil Shampoo 385ml', 'images': []}
DEBUG: Scraped from <200 https://www.waitrose.com/ecom/shop/browse/groceries/toiletries_health_and_beauty/hair_care/shampoo>
{'client': 'Waitrose', 'time': datetime.datetime(2020, 9, 21, 9, 41, 11, 892430), 'category': 'Shampoo', 'id': 'tPp757780-107799-107800', 'prod_name': 'Head & Shoulders 2in1 Classic Clean', 'waitrose_Qty': '450ml', 'waitrose_discounted_price': '£5.15', 'waitrose_offer_desc': None, 'waitrose_url': 'https://www.waitrose.com/ecom/shop/browse/groceries/toiletries_health_and_beauty/hair_care/shampoo', 'waitrose_rating': '4', 'waitrose_unit_price': '(£1.15/100ml)', 'waitrose_new_flag': None, 'waitrose_prod_name': 'Head & Shoulders 2in1 Classic Clean 450ml', 'images': []}
DEBUG: Scraped from <200 https://www.waitrose.com/ecom/shop/browse/groceries/toiletries_health_and_beauty/hair_care/shampoo>
{'client': 'Waitrose', 'time': datetime.datetime(2020, 9, 21, 9, 41, 11, 892430), 'category': 'Shampoo', 'id': 'tPp852396-695857-695858', 'prod_name': 'BECO. Honey Blossom Shampoo Bar', 'waitrose_Qty': '90g', 'waitrose_discounted_price': '£4.00', 'waitrose_offer_desc': None, 'waitrose_url': 'https://www.waitrose.com/ecom/shop/browse/groceries/toiletries_health_and_beauty/hair_care/shampoo', 'waitrose_rating': '4.9', 'waitrose_unit_price': '(£4.45/100g)', 'waitrose_new_flag': None, 'waitrose_prod_name': 'BECO. Honey Blossom Shampoo Bar 90g', 'images': []}
DEBUG: Scraped from <200 https://www.waitrose.com/ecom/shop/browse/groceries/toiletries_health_and_beauty/hair_care/shampoo>
{'client': 'Waitrose', 'time': datetime.datetime(2020, 9, 21, 9, 41, 11, 892430), 'category': 'Shampoo', 'id': 'tPp882824-154983-154984', 'prod_name': 'Head & Shoulders itchy scalp shampoo', 'waitrose_Qty': '500ml', 'waitrose_discounted_price': '£5.15', 'waitrose_offer_desc': None, 'waitrose_url': 'https://www.waitrose.com/ecom/shop/browse/groceries/toiletries_health_and_beauty/hair_care/shampoo', 'waitrose_rating': '5', 'waitrose_unit_price': '(£1.03/100ml)', 'waitrose_new_flag': None, 'waitrose_prod_name': 'Head & Shoulders itchy scalp shampoo 500ml', 'images': []}
DEBUG: Scraped from <200 https://www.waitrose.com/ecom/shop/browse/groceries/toiletries_health_and_beauty/hair_care/shampoo>
{'client': 'Waitrose', 'time': datetime.datetime(2020, 9, 21, 9, 41, 11, 892430), 'category': 'Shampoo', 'id': 'tPp752186-631541-631542', 'prod_name': 'Ogx Coconut OIl Shampoo', 'waitrose_Qty': '385ml', 'waitrose_discounted_price': '£7.00', 'waitrose_offer_desc': None, 'waitrose_url': 'https://www.waitrose.com/ecom/shop/browse/groceries/toiletries_health_and_beauty/hair_care/shampoo', 'waitrose_rating': None, 'waitrose_unit_price': '(£1.82/100ml)', 'waitrose_new_flag': None, 'waitrose_prod_name': 'Ogx Coconut OIl Shampoo 385ml', 'images': []}
DEBUG: Scraped from <200 https://www.waitrose.com/ecom/shop/browse/groceries/toiletries_health_and_beauty/hair_care/shampoo>
{'client': 'Waitrose', 'time': datetime.datetime(2020, 9, 21, 9, 41, 11, 892430), 'category': 'Shampoo', 'id': 'tPp662395-154665-154666', 'prod_name': 'Aussie colour mate shampoo', 'waitrose_Qty': '500ml', 'waitrose_discounted_price': '£6.15', 'waitrose_offer_desc': None, 'waitrose_url': 'https://www.waitrose.com/ecom/shop/browse/groceries/toiletries_health_and_beauty/hair_care/shampoo', 'waitrose_rating': None, 'waitrose_unit_price': '(£1.23/100ml)', 'waitrose_new_flag': None, 'waitrose_prod_name': 'Aussie colour mate shampoo 500ml', 'images': []}
DEBUG: Scraped from <200 https://www.waitrose.com/ecom/shop/browse/groceries/toiletries_health_and_beauty/hair_care/shampoo>
{'client': 'Waitrose', 'time': datetime.datetime(2020, 9, 21, 9, 41, 11, 892430), 'category': 'Shampoo', 'id': 'tPp756229-563906-563907', 'prod_name': 'Head & Shoulders 2 in 1 Total Care', 'waitrose_Qty': '225ml', 'waitrose_discounted_price': '£3.00', 'waitrose_offer_desc': None, 'waitrose_url': 'https://www.waitrose.com/ecom/shop/browse/groceries/toiletries_health_and_beauty/hair_care/shampoo', 'waitrose_rating': None, 'waitrose_unit_price': '(£1.34/100ml)', 'waitrose_new_flag': None, 'waitrose_prod_name': 'Head & Shoulders 2 in 1 Total Care 225ml', 'images': []}
DEBUG: Scraped from <200 https://www.waitrose.com/ecom/shop/browse/groceries/toiletries_health_and_beauty/hair_care/shampoo>
{'client': 'Waitrose', 'time': datetime.datetime(2020, 9, 21, 9, 41, 11, 892430), 'category': 'Shampoo', 'id': 'tPp062495-31737-31738', 'prod_name': 'Neutrogena T/Gel shampoo dry hair', 'waitrose_Qty': '125ml', 'waitrose_discounted_price': '£5.15', 'waitrose_offer_desc': None, 'waitrose_url': 'https://www.waitrose.com/ecom/shop/browse/groceries/toiletries_health_and_beauty/hair_care/shampoo', 'waitrose_rating': None, 'waitrose_unit_price': '(£4.12/100ml)', 'waitrose_new_flag': None, 'waitrose_prod_name': 'Neutrogena T/Gel shampoo dry hair 125ml', 'images': []}
DEBUG: Scraped from <200 https://www.waitrose.com/ecom/shop/browse/groceries/toiletries_health_and_beauty/hair_care/shampoo>
{'client': 'Waitrose', 'time': datetime.datetime(2020, 9, 21, 9, 41, 11, 892430), 'category': 'Shampoo', 'id': 'tPp836753-694201-694202', 'prod_name': 'Pantene Volume & Body Shampoo', 'waitrose_Qty': '500ml', 'waitrose_discounted_price': '£5.15', 'waitrose_offer_desc': None, 'waitrose_url': 'https://www.waitrose.com/ecom/shop/browse/groceries/toiletries_health_and_beauty/hair_care/shampoo', 'waitrose_rating': '4', 'waitrose_unit_price': '(£1.03/100ml)', 'waitrose_new_flag': None, 'waitrose_prod_name': 'Pantene Volume & Body Shampoo 500ml', 'images': []}
DEBUG: Scraped from <200 https://www.waitrose.com/ecom/shop/browse/groceries/toiletries_health_and_beauty/hair_care/shampoo>
{'client': 'Waitrose', 'time': datetime.datetime(2020, 9, 21, 9, 41, 11, 892430), 'category': 'Shampoo', 'id': 'tPp432893-216691-216692', 'prod_name': 'Head & Shoulders Shampoo Apple Fresh', 'waitrose_Qty': '500ml', 'waitrose_discounted_price': '£5.15', 'waitrose_offer_desc': None, 'waitrose_url': 'https://www.waitrose.com/ecom/shop/browse/groceries/toiletries_health_and_beauty/hair_care/shampoo', 'waitrose_rating': None, 'waitrose_unit_price': '(£1.03/100ml)', 'waitrose_new_flag': None, 'waitrose_prod_name': 'Head & Shoulders Shampoo Apple Fresh 500ml', 'images': []}
DEBUG: Scraped from <200 https://www.waitrose.com/ecom/shop/browse/groceries/toiletries_health_and_beauty/hair_care/shampoo>
{'client': 'Waitrose', 'time': datetime.datetime(2020, 9, 21, 9, 41, 11, 892430), 'category': 'Shampoo', 'id': 'tPp853982-154925-154926', 'prod_name': 'Batiste blush dry shampoo', 'waitrose_Qty': '200ml', 'waitrose_discounted_price': '£3.00', 'waitrose_offer_desc': None, 'waitrose_url': 'https://www.waitrose.com/ecom/shop/browse/groceries/toiletries_health_and_beauty/hair_care/shampoo', 'waitrose_rating': '4', 'waitrose_unit_price': '(£1.50/100ml)', 'waitrose_new_flag': None, 'waitrose_prod_name': 'Batiste blush dry shampoo 200ml', 'images': []}
DEBUG: Scraped from <200 https://www.waitrose.com/ecom/shop/browse/groceries/toiletries_health_and_beauty/hair_care/shampoo>
{'client': 'Waitrose', 'time': datetime.datetime(2020, 9, 21, 9, 41, 11, 892430), 'category': 'Shampoo', 'id': 'tPp484035-715885-715886', 'prod_name': "L'Oreal Elvive Oil Nourishing Shampoo", 'waitrose_Qty': '400ml', 'waitrose_discounted_price': '£3.75', 'waitrose_offer_desc': None, 'waitrose_url': 'https://www.waitrose.com/ecom/shop/browse/groceries/toiletries_health_and_beauty/hair_care/shampoo', 'waitrose_rating': None, 'waitrose_unit_price': '(93.8p/100ml)', 'waitrose_new_flag': None, 'waitrose_prod_name': "L'Oreal Elvive Oil Nourishing Shampoo 400ml", 'images': []}
DEBUG: Scraped from <200 https://www.waitrose.com/ecom/shop/browse/groceries/toiletries_health_and_beauty/hair_care/shampoo>
{'client': 'Waitrose', 'time': datetime.datetime(2020, 9, 21, 9, 41, 11, 892430), 'category': 'Shampoo', 'id': 'tPp808436-720325-720326', 'prod_name': 'Hask Biotin Boost Shampoo', 'waitrose_Qty': '355ml', 'waitrose_discounted_price': '£4.66', 'waitrose_offer_desc': 'Save 1/3.', 'waitrose_url': 'https://www.waitrose.com/ecom/shop/browse/groceries/toiletries_health_and_beauty/hair_care/shampoo', 'waitrose_rating': None, 'waitrose_unit_price': '(£1.32/100ml)', 'waitrose_new_flag': None, 'waitrose_prod_name': 'Hask Biotin Boost Shampoo 355ml', 'images': []}
DEBUG: Scraped from <200 https://www.waitrose.com/ecom/shop/browse/groceries/toiletries_health_and_beauty/hair_care/shampoo>
{'client': 'Waitrose', 'time': datetime.datetime(2020, 9, 21, 9, 41, 11, 892430), 'category': 'Shampoo', 'id': 'tPp807825-473364-473365', 'prod_name': 'SenSpa Deep Cleanse Shampoo', 'waitrose_Qty': '250ml', 'waitrose_discounted_price': '£4.00', 'waitrose_offer_desc': 'Save 1/3.', 'waitrose_url': 'https://www.waitrose.com/ecom/shop/browse/groceries/toiletries_health_and_beauty/hair_care/shampoo', 'waitrose_rating': '3.7', 'waitrose_unit_price': '(£1.60/100ml)', 'waitrose_new_flag': None, 'waitrose_prod_name': 'SenSpa Deep Cleanse Shampoo 250ml', 'images': []}
DEBUG: Scraped from <200 https://www.waitrose.com/ecom/shop/browse/groceries/toiletries_health_and_beauty/hair_care/shampoo>
{'client': 'Waitrose', 'time': datetime.datetime(2020, 9, 21, 9, 41, 11, 892430), 'category': 'Shampoo', 'id': 'tPp721134-337091-337092', 'prod_name': 'Aussie miracle shine shampoo', 'waitrose_Qty': '500ml', 'waitrose_discounted_price': '£6.00', 'waitrose_offer_desc': None, 'waitrose_url': 'https://www.waitrose.com/ecom/shop/browse/groceries/toiletries_health_and_beauty/hair_care/shampoo', 'waitrose_rating': None, 'waitrose_unit_price': '(£1.20/100ml)', 'waitrose_new_flag': None, 'waitrose_prod_name': 'Aussie miracle shine shampoo 500ml', 'images': []}
DEBUG: Scraped from <200 https://www.waitrose.com/ecom/shop/browse/groceries/toiletries_health_and_beauty/hair_care/shampoo>
{'client': 'Waitrose', 'time': datetime.datetime(2020, 9, 21, 9, 41, 11, 892430), 'category': 'Shampoo', 'id': 'tPp027940-13599-13600', 'prod_name': 'Avalon Organics lemon shampoo', 'waitrose_Qty': '325ml', 'waitrose_discounted_price': '£7.00', 'waitrose_offer_desc': None, 'waitrose_url': 'https://www.waitrose.com/ecom/shop/browse/groceries/toiletries_health_and_beauty/hair_care/shampoo', 'waitrose_rating': '3.6', 'waitrose_unit_price': '(£2.16/100ml)', 'waitrose_new_flag': None, 'waitrose_prod_name': 'Avalon Organics lemon shampoo 325ml', 'images': []}
DEBUG: Scraped from <200 https://www.waitrose.com/ecom/shop/browse/groceries/toiletries_health_and_beauty/hair_care/shampoo>
{'client': 'Waitrose', 'time': datetime.datetime(2020, 9, 21, 9, 41, 11, 892430), 'category': 'Shampoo', 'id': 'tPp821139-694191-694192', 'prod_name': 'Pantene Smooth & Sleek Shampoo', 'waitrose_Qty': '500ml', 'waitrose_discounted_price': '£5.15', 'waitrose_offer_desc': None, 'waitrose_url': 'https://www.waitrose.com/ecom/shop/browse/groceries/toiletries_health_and_beauty/hair_care/shampoo', 'waitrose_rating': None, 'waitrose_unit_price': '(£1.03/100ml)', 'waitrose_new_flag': None, 'waitrose_prod_name': 'Pantene Smooth & Sleek Shampoo 500ml', 'images': []}
DEBUG: Scraped from <200 https://www.waitrose.com/ecom/shop/browse/groceries/toiletries_health_and_beauty/hair_care/shampoo>
{'client': 'Waitrose', 'time': datetime.datetime(2020, 9, 21, 9, 41, 11, 892430), 'category': 'Shampoo', 'id': 'tPp884562-720413-720414', 'prod_name': 'Maui Moisture Shea Butter Shampoo', 'waitrose_Qty': '385ml', 'waitrose_discounted_price': '£6.00', 'waitrose_offer_desc': 'Save 1/3.', 'waitrose_url': 'https://www.waitrose.com/ecom/shop/browse/groceries/toiletries_health_and_beauty/hair_care/shampoo', 'waitrose_rating': None, 'waitrose_unit_price': '(£1.56/100ml)', 'waitrose_new_flag': None, 'waitrose_prod_name': 'Maui Moisture Shea Butter Shampoo 385ml', 'images': []}
DEBUG: Scraped from <200 https://www.waitrose.com/ecom/shop/browse/groceries/toiletries_health_and_beauty/hair_care/shampoo>
{'client': 'Waitrose', 'time': datetime.datetime(2020, 9, 21, 9, 41, 11, 892430), 'category': 'Shampoo', 'id': 'tPp492466-631281-631282', 'prod_name': 'Hask Keratin Protein Smoothing Shampoo', 'waitrose_Qty': '355ml', 'waitrose_discounted_price': '£4.66', 'waitrose_offer_desc': 'Save 1/3.', 'waitrose_url': 'https://www.waitrose.com/ecom/shop/browse/groceries/toiletries_health_and_beauty/hair_care/shampoo', 'waitrose_rating': None, 'waitrose_unit_price': '(£1.32/100ml)', 'waitrose_new_flag': None, 'waitrose_prod_name': 'Hask Keratin Protein Smoothing Shampoo 355ml', 'images': []}
DEBUG: Scraped from <200 https://www.waitrose.com/ecom/shop/browse/groceries/toiletries_health_and_beauty/hair_care/shampoo>
{'client': 'Waitrose', 'time': datetime.datetime(2020, 9, 21, 9, 41, 11, 892430), 'category': 'Shampoo', 'id': 'tPp816738-442231-442232', 'prod_name': 'SensSpa Nourishing Shampoo', 'waitrose_Qty': '250ml', 'waitrose_discounted_price': '£4.00', 'waitrose_offer_desc': 'Save 1/3.', 'waitrose_url': 'https://www.waitrose.com/ecom/shop/browse/groceries/toiletries_health_and_beauty/hair_care/shampoo', 'waitrose_rating': '2.6', 'waitrose_unit_price': '(£1.60/100ml)', 'waitrose_new_flag': None, 'waitrose_prod_name': 'SensSpa Nourishing Shampoo 250ml', 'images': []}
DEBUG: Scraped from <200 https://www.waitrose.com/ecom/shop/browse/groceries/toiletries_health_and_beauty/hair_care/shampoo>
{'client': 'Waitrose', 'time': datetime.datetime(2020, 9, 21, 9, 41, 11, 892430), 'category': 'Shampoo', 'id': 'tPp076232-38732-38733', 'prod_name': 'AOrganic Lavender Shampoo', 'waitrose_Qty': '325ml', 'waitrose_discounted_price': '£7.00', 'waitrose_offer_desc': None, 'waitrose_url': 'https://www.waitrose.com/ecom/shop/browse/groceries/toiletries_health_and_beauty/hair_care/shampoo', 'waitrose_rating': '3.8', 'waitrose_unit_price': '(£2.16/100ml)', 'waitrose_new_flag': None, 'waitrose_prod_name': 'AOrganic Lavender Shampoo 325ml', 'images': []}
DEBUG: Scraped from <200 https://www.waitrose.com/ecom/shop/browse/groceries/toiletries_health_and_beauty/hair_care/shampoo>
{'client': 'Waitrose', 'time': datetime.datetime(2020, 9, 21, 9, 41, 11, 892430), 'category': 'Shampoo', 'id': 'tPp778297-720309-720310', 'prod_name': 'Pantene Grow Strong Shampoo', 'waitrose_Qty': '400ml', 'waitrose_discounted_price': '£3.75', 'waitrose_offer_desc': None, 'waitrose_url': 'https://www.waitrose.com/ecom/shop/browse/groceries/toiletries_health_and_beauty/hair_care/shampoo', 'waitrose_rating': None, 'waitrose_unit_price': '(93.8p/100ml)', 'waitrose_new_flag': None, 'waitrose_prod_name': 'Pantene Grow Strong Shampoo 400ml', 'images': []}
DEBUG: Scraped from <200 https://www.waitrose.com/ecom/shop/browse/groceries/toiletries_health_and_beauty/hair_care/shampoo>
{'client': 'Waitrose', 'time': datetime.datetime(2020, 9, 21, 9, 41, 11, 892430), 'category': 'Shampoo', 'id': 'tPp527154-720165-720166', 'prod_name': 'Maui Moisture Hibiscus Water', 'waitrose_Qty': '385ml', 'waitrose_discounted_price': '£6.00', 'waitrose_offer_desc': 'Save 1/3.', 'waitrose_url': 'https://www.waitrose.com/ecom/shop/browse/groceries/toiletries_health_and_beauty/hair_care/shampoo', 'waitrose_rating': None, 'waitrose_unit_price': '(£1.56/100ml)', 'waitrose_new_flag': None, 'waitrose_prod_name': 'Maui Moisture Hibiscus Water 385ml', 'images': []}
DEBUG: Scraped from <200 https://www.waitrose.com/ecom/shop/browse/groceries/toiletries_health_and_beauty/hair_care/shampoo>
{'client': 'Waitrose', 'time': datetime.datetime(2020, 9, 21, 9, 41, 11, 892430), 'category': 'Shampoo', 'id': 'tPp567481-719558-719559', 'prod_name': 'Fit Kit Gentle Shampoo &Conditioner', 'waitrose_Qty': '200ml', 'waitrose_discounted_price': '£4.00', 'waitrose_offer_desc': None, 'waitrose_url': 'https://www.waitrose.com/ecom/shop/browse/groceries/toiletries_health_and_beauty/hair_care/shampoo', 'waitrose_rating': '5', 'waitrose_unit_price': '(£2/100ml)', 'waitrose_new_flag': None, 'waitrose_prod_name': 'Fit Kit Gentle Shampoo &Conditioner 200ml', 'images': []}
DEBUG: Scraped from <200 https://www.waitrose.com/ecom/shop/browse/groceries/toiletries_health_and_beauty/hair_care/shampoo>
{'client': 'Waitrose', 'time': datetime.datetime(2020, 9, 21, 9, 41, 11, 892430), 'category': 'Shampoo', 'id': 'tPp603087-695555-695556', 'prod_name': 'Noughty Colour Bomb Shampoo', 'waitrose_Qty': '250ml', 'waitrose_discounted_price': '£4.66', 'waitrose_offer_desc': 'Save 1/3.', 'waitrose_url': 'https://www.waitrose.com/ecom/shop/browse/groceries/toiletries_health_and_beauty/hair_care/shampoo', 'waitrose_rating': '3', 'waitrose_unit_price': '(£1.87/100ml)', 'waitrose_new_flag': None, 'waitrose_prod_name': 'Noughty Colour Bomb Shampoo 250ml', 'images': []}
DEBUG: Scraped from <200 https://www.waitrose.com/ecom/shop/browse/groceries/toiletries_health_and_beauty/hair_care/shampoo>
{'client': 'Waitrose', 'time': datetime.datetime(2020, 9, 21, 9, 41, 11, 892430), 'category': 'Shampoo', 'id': 'tPp554742-695503-695504', 'prod_name': 'Umberto Giannini Violet Shampoo', 'waitrose_Qty': '250ml', 'waitrose_discounted_price': '£8.00', 'waitrose_offer_desc': 'Mix & Match Add 3 for 2 Cheapest Item Free', 'waitrose_url': 'https://www.waitrose.com/ecom/shop/browse/groceries/toiletries_health_and_beauty/hair_care/shampoo', 'waitrose_rating': None, 'waitrose_unit_price': '(£3.20/100ml)', 'waitrose_new_flag': None, 'waitrose_prod_name': 'Umberto Giannini Violet Shampoo 250ml', 'images': []}
DEBUG: Scraped from <200 https://www.waitrose.com/ecom/shop/browse/groceries/toiletries_health_and_beauty/hair_care/shampoo>
{'client': 'Waitrose', 'time': datetime.datetime(2020, 9, 21, 9, 41, 11, 892430), 'category': 'Shampoo', 'id': 'tPp530991-695493-695494', 'prod_name': 'John Frieda Shampoo Detox & Repair', 'waitrose_Qty': '250ml', 'waitrose_discounted_price': '£3.99', 'waitrose_offer_desc': 'Save 1/3.', 'waitrose_url': 'https://www.waitrose.com/ecom/shop/browse/groceries/toiletries_health_and_beauty/hair_care/shampoo', 'waitrose_rating': None, 'waitrose_unit_price': '(£1.60/100ml)', 'waitrose_new_flag': None, 'waitrose_prod_name': 'John Frieda Shampoo Detox & Repair 250ml', 'images': []}
DEBUG: Scraped from <200 https://www.waitrose.com/ecom/shop/browse/groceries/toiletries_health_and_beauty/hair_care/shampoo>
{'client': 'Waitrose', 'time': datetime.datetime(2020, 9, 21, 9, 41, 11, 892430), 'category': 'Shampoo', 'id': 'tPp790782-694215-694216', 'prod_name': 'Pantene 3in1 Smooth & Sleek', 'waitrose_Qty': '450ml', 'waitrose_discounted_price': '£3.75', 'waitrose_offer_desc': None, 'waitrose_url': 'https://www.waitrose.com/ecom/shop/browse/groceries/toiletries_health_and_beauty/hair_care/shampoo', 'waitrose_rating': None, 'waitrose_unit_price': '(83.3p/100ml)', 'waitrose_new_flag': None, 'waitrose_prod_name': 'Pantene 3in1 Smooth & Sleek 450ml', 'images': []}
DEBUG: Scraped from <200 https://www.waitrose.com/ecom/shop/browse/groceries/toiletries_health_and_beauty/hair_care/shampoo>
{'client': 'Waitrose', 'time': datetime.datetime(2020, 9, 21, 9, 41, 11, 892430), 'category': 'Shampoo', 'id': 'tPp581617-694173-694174', 'prod_name': 'Pantene Colour Protect Shampoo', 'waitrose_Qty': '500ml', 'waitrose_discounted_price': '£5.15', 'waitrose_offer_desc': None, 'waitrose_url': 'https://www.waitrose.com/ecom/shop/browse/groceries/toiletries_health_and_beauty/hair_care/shampoo', 'waitrose_rating': None, 'waitrose_unit_price': '(£1.03/100ml)', 'waitrose_new_flag': None, 'waitrose_prod_name': 'Pantene Colour Protect Shampoo 500ml', 'images': []}
DEBUG: Scraped from <200 https://www.waitrose.com/ecom/shop/browse/groceries/toiletries_health_and_beauty/hair_care/shampoo>
{'client': 'Waitrose', 'time': datetime.datetime(2020, 9, 21, 9, 41, 11, 892430), 'category': 'Shampoo', 'id': 'tPp889100-330444-330445', 'prod_name': 'AOrganic Rosemary Shampoo', 'waitrose_Qty': '325ml', 'waitrose_discounted_price': '£7.00', 'waitrose_offer_desc': None, 'waitrose_url': 'https://www.waitrose.com/ecom/shop/browse/groceries/toiletries_health_and_beauty/hair_care/shampoo', 'waitrose_rating': '2.5', 'waitrose_unit_price': '(£2.16/100ml)', 'waitrose_new_flag': None, 'waitrose_prod_name': 'AOrganic Rosemary Shampoo 325ml', 'images': []}
DEBUG: Scraped from <200 https://www.waitrose.com/ecom/shop/browse/groceries/toiletries_health_and_beauty/hair_care/shampoo>
{'client': 'Waitrose', 'time': datetime.datetime(2020, 9, 21, 9, 41, 11, 892430), 'category': 'Shampoo', 'id': 'tPp047805-23664-23665', 'prod_name': 'Avalon Organics tea tree shampoo', 'waitrose_Qty': '325ml', 'waitrose_discounted_price': '£7.00', 'waitrose_offer_desc': None, 'waitrose_url': 'https://www.waitrose.com/ecom/shop/browse/groceries/toiletries_health_and_beauty/hair_care/shampoo', 'waitrose_rating': '4.9', 'waitrose_unit_price': '(£2.16/100ml)', 'waitrose_new_flag': None, 'waitrose_prod_name': 'Avalon Organics tea tree shampoo 325ml', 'images': []}
DEBUG: Scraped from <200 https://www.waitrose.com/ecom/shop/browse/groceries/toiletries_health_and_beauty/hair_care/shampoo>
{'client': 'Waitrose', 'time': datetime.datetime(2020, 9, 21, 9, 41, 11, 892430), 'category': 'Shampoo', 'id': 'tPp714629-729752-729753', 'prod_name': 'OGX Keratin Oil Shampoo', 'waitrose_Qty': '385ml', 'waitrose_discounted_price': '£7.00', 'waitrose_offer_desc': None, 'waitrose_url': 'https://www.waitrose.com/ecom/shop/browse/groceries/toiletries_health_and_beauty/hair_care/shampoo', 'waitrose_rating': None, 'waitrose_unit_price': '(£1.82/100ml)', 'waitrose_new_flag': None, 'waitrose_prod_name': 'OGX Keratin Oil Shampoo 385ml', 'images': []}
DEBUG: Scraped from <200 https://www.waitrose.com/ecom/shop/browse/groceries/toiletries_health_and_beauty/hair_care/shampoo>
{'client': 'Waitrose', 'time': datetime.datetime(2020, 9, 21, 9, 41, 11, 892430), 'category': 'Shampoo', 'id': 'tPp567427-683666-683667', 'prod_name': 'Ogx Charcoal Detox Shampoo', 'waitrose_Qty': '385ml', 'waitrose_discounted_price': '£7.00', 'waitrose_offer_desc': None, 'waitrose_url': 'https://www.waitrose.com/ecom/shop/browse/groceries/toiletries_health_and_beauty/hair_care/shampoo', 'waitrose_rating': None, 'waitrose_unit_price': '(£1.82/100ml)', 'waitrose_new_flag': None, 'waitrose_prod_name': 'Ogx Charcoal Detox Shampoo 385ml', 'images': []}
DEBUG: Scraped from <200 https://www.waitrose.com/ecom/shop/browse/groceries/toiletries_health_and_beauty/hair_care/shampoo>
{'client': 'Waitrose', 'time': datetime.datetime(2020, 9, 21, 9, 41, 11, 892430), 'category': 'Shampoo', 'id': 'tPp626001-88825-88826', 'prod_name': 'Head & Shoulders Shampoo Citrus Fresh', 'waitrose_Qty': '500ml', 'waitrose_discounted_price': '£5.15', 'waitrose_offer_desc': None, 'waitrose_url': 'https://www.waitrose.com/ecom/shop/browse/groceries/toiletries_health_and_beauty/hair_care/shampoo', 'waitrose_rating': None, 'waitrose_unit_price': '(£1.03/100ml)', 'waitrose_new_flag': None, 'waitrose_prod_name': 'Head & Shoulders Shampoo Citrus Fresh 500ml', 'images': []}
DEBUG: Scraped from <200 https://www.waitrose.com/ecom/shop/browse/groceries/toiletries_health_and_beauty/hair_care/shampoo>
{'client': 'Waitrose', 'time': datetime.datetime(2020, 9, 21, 9, 41, 11, 892430), 'category': 'Shampoo', 'id': 'tPp426973-298983-298984', 'prod_name': 'Head & Shoulders 2in1 Apple Fresh', 'waitrose_Qty': '450ml', 'waitrose_discounted_price': '£5.00', 'waitrose_offer_desc': None, 'waitrose_url': 'https://www.waitrose.com/ecom/shop/browse/groceries/toiletries_health_and_beauty/hair_care/shampoo', 'waitrose_rating': None, 'waitrose_unit_price': '(£1.12/100ml)', 'waitrose_new_flag': None, 'waitrose_prod_name': 'Head & Shoulders 2in1 Apple Fresh 450ml', 'images': []}
DEBUG: Scraped from <200 https://www.waitrose.com/ecom/shop/browse/groceries/toiletries_health_and_beauty/hair_care/shampoo>
{'client': 'Waitrose', 'time': datetime.datetime(2020, 9, 21, 9, 41, 11, 892430), 'category': 'Shampoo', 'id': 'tPp032765-16025-16026', 'prod_name': "L'Oréal kids shampoo berry strawberry", 'waitrose_Qty': '250ml', 'waitrose_discounted_price': '£2.00', 'waitrose_offer_desc': None, 'waitrose_url': 'https://www.waitrose.com/ecom/shop/browse/groceries/toiletries_health_and_beauty/hair_care/shampoo', 'waitrose_rating': None, 'waitrose_unit_price': '(80p/100ml)', 'waitrose_new_flag': None, 'waitrose_prod_name': "L'Oréal kids shampoo berry strawberry 250ml", 'images': []}
DEBUG: Scraped from <200 https://www.waitrose.com/ecom/shop/browse/groceries/toiletries_health_and_beauty/hair_care/shampoo>
{'client': 'Waitrose', 'time': datetime.datetime(2020, 9, 21, 9, 41, 11, 892430), 'category': 'Shampoo', 'id': 'tPp820157-724089-724090', 'prod_name': 'Eco Warrior Shampoo Bar', 'waitrose_Qty': '100g', 'waitrose_discounted_price': '£4.50', 'waitrose_offer_desc': None, 'waitrose_url': 'https://www.waitrose.com/ecom/shop/browse/groceries/toiletries_health_and_beauty/hair_care/shampoo', 'waitrose_rating': None, 'waitrose_unit_price': '(£4.50/100g)', 'waitrose_new_flag': None, 'waitrose_prod_name': 'Eco Warrior Shampoo Bar 100g', 'images': []}
DEBUG: Scraped from <200 https://www.waitrose.com/ecom/shop/browse/groceries/toiletries_health_and_beauty/hair_care/shampoo>
{'client': 'Waitrose', 'time': datetime.datetime(2020, 9, 21, 9, 41, 11, 892430), 'category': 'Shampoo', 'id': 'tPp867514-720387-720388', 'prod_name': 'Head & Shoulders Coconut Shampoo', 'waitrose_Qty': '500ml', 'waitrose_discounted_price': '£5.00', 'waitrose_offer_desc': None, 'waitrose_url': 'https://www.waitrose.com/ecom/shop/browse/groceries/toiletries_health_and_beauty/hair_care/shampoo', 'waitrose_rating': None, 'waitrose_unit_price': '(£1/100ml)', 'waitrose_new_flag': None, 'waitrose_prod_name': 'Head & Shoulders Coconut Shampoo 500ml', 'images': []}
DEBUG: Scraped from <200 https://www.waitrose.com/ecom/shop/browse/groceries/toiletries_health_and_beauty/hair_care/shampoo>
{'client': 'Waitrose', 'time': datetime.datetime(2020, 9, 21, 9, 41, 11, 892430), 'category': 'Shampoo', 'id': 'tPp809690-337194-337195', 'prod_name': 'Head & Shoulders 2in1 Itchy Scalp', 'waitrose_Qty': '450ml', 'waitrose_discounted_price': '£5.15', 'waitrose_offer_desc': None, 'waitrose_url': 'https://www.waitrose.com/ecom/shop/browse/groceries/toiletries_health_and_beauty/hair_care/shampoo', 'waitrose_rating': '5', 'waitrose_unit_price': '(£1.15/100ml)', 'waitrose_new_flag': None, 'waitrose_prod_name': 'Head & Shoulders 2in1 Itchy Scalp 450ml', 'images': []}
DEBUG: Scraped from <200 https://www.waitrose.com/ecom/shop/browse/groceries/toiletries_health_and_beauty/hair_care/shampoo>
{'client': 'Waitrose', 'time': datetime.datetime(2020, 9, 21, 9, 41, 11, 892430), 'category': 'Shampoo', 'id': 'tPp698673-735854-735855', 'prod_name': 'Pantene Pro V Rose Water Shampoo', 'waitrose_Qty': '225ml', 'waitrose_discounted_price': '£3.75', 'waitrose_offer_desc': None, 'waitrose_url': 'https://www.waitrose.com/ecom/shop/browse/groceries/toiletries_health_and_beauty/hair_care/shampoo', 'waitrose_rating': None, 'waitrose_unit_price': '(£1.67/100ml)', 'waitrose_new_flag': 'NEW', 'waitrose_prod_name': 'Pantene Pro V Rose Water Shampoo 225ml', 'images': []}
DEBUG: Scraped from <200 https://www.waitrose.com/ecom/shop/browse/groceries/toiletries_health_and_beauty/hair_care/shampoo>
{'client': 'Waitrose', 'time': datetime.datetime(2020, 9, 21, 9, 41, 11, 892430), 'category': 'Shampoo', 'id': 'tPp724972-694185-694186', 'prod_name': 'Pantene 3in1 Repair & Protect', 'waitrose_Qty': '450ml', 'waitrose_discounted_price': '£3.75', 'waitrose_offer_desc': None, 'waitrose_url': 'https://www.waitrose.com/ecom/shop/browse/groceries/toiletries_health_and_beauty/hair_care/shampoo', 'waitrose_rating': None, 'waitrose_unit_price': '(83.3p/100ml)', 'waitrose_new_flag': None, 'waitrose_prod_name': 'Pantene 3in1 Repair & Protect 450ml', 'images': []}
DEBUG: Scraped from <200 https://www.waitrose.com/ecom/shop/browse/groceries/toiletries_health_and_beauty/hair_care/shampoo>
{'client': 'Waitrose', 'time': datetime.datetime(2020, 9, 21, 9, 41, 11, 892430), 'category': 'Shampoo', 'id': 'tPp407272-440973-440974', 'prod_name': 'Richard Ward Chelsea Cleanse & Condition', 'waitrose_Qty': '250ml', 'waitrose_discounted_price': '£6.00', 'waitrose_offer_desc': None, 'waitrose_url': 'https://www.waitrose.com/ecom/shop/browse/groceries/toiletries_health_and_beauty/hair_care/shampoo', 'waitrose_rating': '3.9', 'waitrose_unit_price': '(£2.40/100ml)', 'waitrose_new_flag': None, 'waitrose_prod_name': 'Richard Ward Chelsea Cleanse & Condition 250ml', 'images': []}
DEBUG: Scraped from <200 https://www.waitrose.com/ecom/shop/browse/groceries/toiletries_health_and_beauty/hair_care/shampoo>
{'client': 'Waitrose', 'time': datetime.datetime(2020, 9, 21, 9, 41, 11, 892430), 'category': 'Shampoo', 'id': 'tPp861587-154949-154950', 'prod_name': 'Batiste dark & deep brown dry shampoo', 'waitrose_Qty': '200ml', 'waitrose_discounted_price': '£4.00', 'waitrose_offer_desc': None, 'waitrose_url': 'https://www.waitrose.com/ecom/shop/browse/groceries/toiletries_health_and_beauty/hair_care/shampoo', 'waitrose_rating': None, 'waitrose_unit_price': '(£2/100ml)', 'waitrose_new_flag': None, 'waitrose_prod_name': 'Batiste dark & deep brown dry shampoo 200ml', 'images': []}
DEBUG: Scraped from <200 https://www.waitrose.com/ecom/shop/browse/groceries/toiletries_health_and_beauty/hair_care/shampoo>
{'client': 'Waitrose', 'time': datetime.datetime(2020, 9, 21, 9, 41, 11, 892430), 'category': 'Shampoo', 'id': 'tPp829437-695831-695832', 'prod_name': 'Umberto Giannini Grow Long Shampoo', 'waitrose_Qty': '250ml', 'waitrose_discounted_price': '£8.00', 'waitrose_offer_desc': 'Mix & Match Add 3 for 2 Cheapest Item Free', 'waitrose_url': 'https://www.waitrose.com/ecom/shop/browse/groceries/toiletries_health_and_beauty/hair_care/shampoo', 'waitrose_rating': '5', 'waitrose_unit_price': '(£3.20/100ml)', 'waitrose_new_flag': None, 'waitrose_prod_name': 'Umberto Giannini Grow Long Shampoo 250ml', 'images': []}
DEBUG: Scraped from <200 https://www.waitrose.com/ecom/shop/browse/groceries/toiletries_health_and_beauty/hair_care/shampoo>
{'client': 'Waitrose', 'time': datetime.datetime(2020, 9, 21, 9, 41, 11, 892430), 'category': 'Shampoo', 'id': 'tPp453160-695433-695434', 'prod_name': 'Argan+ Long & Strong Shampoo', 'waitrose_Qty': '300ml', 'waitrose_discounted_price': '£4.00', 'waitrose_offer_desc': 'Save 1/3.', 'waitrose_url': 'https://www.waitrose.com/ecom/shop/browse/groceries/toiletries_health_and_beauty/hair_care/shampoo', 'waitrose_rating': None, 'waitrose_unit_price': '(£1.34/100ml)', 'waitrose_new_flag': None, 'waitrose_prod_name': 'Argan+ Long & Strong Shampoo 300ml', 'images': []}
DEBUG: Scraped from <200 https://www.waitrose.com/ecom/shop/browse/groceries/toiletries_health_and_beauty/hair_care/shampoo>
{'client': 'Waitrose', 'time': datetime.datetime(2020, 9, 21, 9, 41, 11, 892430), 'category': 'Shampoo', 'id': 'tPp888765-695909-695910', 'prod_name': 'Umberto Giannini Curl Jelly Wash', 'waitrose_Qty': '250ml', 'waitrose_discounted_price': '£8.00', 'waitrose_offer_desc': 'Mix & Match Add 3 for 2 Cheapest Item Free', 'waitrose_url': 'https://www.waitrose.com/ecom/shop/browse/groceries/toiletries_health_and_beauty/hair_care/shampoo', 'waitrose_rating': '2.5', 'waitrose_unit_price': '(£3.20/100ml)', 'waitrose_new_flag': None, 'waitrose_prod_name': 'Umberto Giannini Curl Jelly Wash 250ml', 'images': []}
DEBUG: Scraped from <200 https://www.waitrose.com/ecom/shop/browse/groceries/toiletries_health_and_beauty/hair_care/shampoo>
{'client': 'Waitrose', 'time': datetime.datetime(2020, 9, 21, 9, 41, 11, 892430), 'category': 'Shampoo', 'id': 'tPp586765-735804-735805', 'prod_name': "L'Oreal Elvive Restoring Shampoo", 'waitrose_Qty': '400ml', 'waitrose_discounted_price': '£3.75', 'waitrose_offer_desc': None, 'waitrose_url': 'https://www.waitrose.com/ecom/shop/browse/groceries/toiletries_health_and_beauty/hair_care/shampoo', 'waitrose_rating': None, 'waitrose_unit_price': '(93.8p/100ml)', 'waitrose_new_flag': 'NEW', 'waitrose_prod_name': "L'Oreal Elvive Restoring Shampoo 400ml", 'images': []}
DEBUG: Scraped from <200 https://www.waitrose.com/ecom/shop/browse/groceries/toiletries_health_and_beauty/hair_care/shampoo>
{'client': 'Waitrose', 'time': datetime.datetime(2020, 9, 21, 9, 41, 11, 892430), 'category': 'Shampoo', 'id': 'tPp567431-729696-729697', 'prod_name': 'Batiste Dry Shampoo for Blondes', 'waitrose_Qty': '200ml', 'waitrose_discounted_price': '£4.00', 'waitrose_offer_desc': None, 'waitrose_url': 'https://www.waitrose.com/ecom/shop/browse/groceries/toiletries_health_and_beauty/hair_care/shampoo', 'waitrose_rating': None, 'waitrose_unit_price': '(£2/100ml)', 'waitrose_new_flag': None, 'waitrose_prod_name': 'Batiste Dry Shampoo for Blondes 200ml', 'images': []}
DEBUG: Scraped from <200 https://www.waitrose.com/ecom/shop/browse/groceries/toiletries_health_and_beauty/hair_care/shampoo>
{'client': 'Waitrose', 'time': datetime.datetime(2020, 9, 21, 9, 41, 11, 892430), 'category': 'Shampoo', 'id': 'tPp868154-695990-695991', 'prod_name': 'Hair Biology Purple Shampoo', 'waitrose_Qty': '250ml', 'waitrose_discounted_price': '£4.50', 'waitrose_offer_desc': None, 'waitrose_url': 'https://www.waitrose.com/ecom/shop/browse/groceries/toiletries_health_and_beauty/hair_care/shampoo', 'waitrose_rating': None, 'waitrose_unit_price': '(£1.80/100ml)', 'waitrose_new_flag': None, 'waitrose_prod_name': 'Hair Biology Purple Shampoo 250ml', 'images': []}
DEBUG: Scraped from <200 https://www.waitrose.com/ecom/shop/browse/groceries/toiletries_health_and_beauty/hair_care/shampoo>
{'client': 'Waitrose', 'time': datetime.datetime(2020, 9, 21, 9, 41, 11, 892430), 'category': 'Shampoo', 'id': 'tPp405353-729640-729641', 'prod_name': 'Percy & Reed No-Fuss Dry Shampoo', 'waitrose_Qty': '200ml', 'waitrose_discounted_price': '£15.00', 'waitrose_offer_desc': None, 'waitrose_url': 'https://www.waitrose.com/ecom/shop/browse/groceries/toiletries_health_and_beauty/hair_care/shampoo', 'waitrose_rating': '3.8', 'waitrose_unit_price': '(£7.50/100ml)', 'waitrose_new_flag': None, 'waitrose_prod_name': 'Percy & Reed No-Fuss Dry Shampoo 200ml', 'images': []}
DEBUG: Scraped from <200 https://www.waitrose.com/ecom/shop/browse/groceries/toiletries_health_and_beauty/hair_care/shampoo>
{'client': 'Waitrose', 'time': datetime.datetime(2020, 9, 21, 9, 41, 11, 892430), 'category': 'Shampoo', 'id': 'tPp584599-695531-695532', 'prod_name': 'Batiste Dry Shampoo Volume', 'waitrose_Qty': '200ml', 'waitrose_discounted_price': '£4.25', 'waitrose_offer_desc': None, 'waitrose_url': 'https://www.waitrose.com/ecom/shop/browse/groceries/toiletries_health_and_beauty/hair_care/shampoo', 'waitrose_rating': None, 'waitrose_unit_price': '(£2.13/100ml)', 'waitrose_new_flag': None, 'waitrose_prod_name': 'Batiste Dry Shampoo Volume 200ml', 'images': []}
DEBUG: Scraped from <200 https://www.waitrose.com/ecom/shop/browse/groceries/toiletries_health_and_beauty/hair_care/shampoo>
{'client': 'Waitrose', 'time': datetime.datetime(2020, 9, 21, 9, 41, 11, 892430), 'category': 'Shampoo', 'id': 'tPp401660-588303-588304', 'prod_name': 'Richard Ward Brunette Shampoo', 'waitrose_Qty': '250ml', 'waitrose_discounted_price': '£6.00', 'waitrose_offer_desc': None, 'waitrose_url': 'https://www.waitrose.com/ecom/shop/browse/groceries/toiletries_health_and_beauty/hair_care/shampoo', 'waitrose_rating': '5', 'waitrose_unit_price': '(£2.40/100ml)', 'waitrose_new_flag': None, 'waitrose_prod_name': 'Richard Ward Brunette Shampoo 250ml', 'images': []}
DEBUG: Scraped from <200 https://www.waitrose.com/ecom/shop/browse/groceries/toiletries_health_and_beauty/hair_care/shampoo>
{'client': 'Waitrose', 'time': datetime.datetime(2020, 9, 21, 9, 41, 11, 892430), 'category': 'Shampoo', 'id': 'tPp812614-707138-707139', 'prod_name': 'Beco Spring Meadow Shampoo Bar', 'waitrose_Qty': '90g', 'waitrose_discounted_price': '£4.00', 'waitrose_offer_desc': None, 'waitrose_url': 'https://www.waitrose.com/ecom/shop/browse/groceries/toiletries_health_and_beauty/hair_care/shampoo', 'waitrose_rating': '3.3', 'waitrose_unit_price': '(£4.45/100g)', 'waitrose_new_flag': None, 'waitrose_prod_name': 'Beco Spring Meadow Shampoo Bar 90g', 'images': []}
DEBUG: Scraped from <200 https://www.waitrose.com/ecom/shop/browse/groceries/toiletries_health_and_beauty/hair_care/shampoo>
{'client': 'Waitrose', 'time': datetime.datetime(2020, 9, 21, 9, 41, 11, 892430), 'category': 'Shampoo', 'id': 'tPp855732-695986-695987', 'prod_name': 'Hair Biology De-Frizz Shampoo', 'waitrose_Qty': '250ml', 'waitrose_discounted_price': '£4.50', 'waitrose_offer_desc': None, 'waitrose_url': 'https://www.waitrose.com/ecom/shop/browse/groceries/toiletries_health_and_beauty/hair_care/shampoo', 'waitrose_rating': None, 'waitrose_unit_price': '(£1.80/100ml)', 'waitrose_new_flag': None, 'waitrose_prod_name': 'Hair Biology De-Frizz Shampoo 250ml', 'images': []}
DEBUG: Scraped from <200 https://www.waitrose.com/ecom/shop/browse/groceries/toiletries_health_and_beauty/hair_care/shampoo>
{'client': 'Waitrose', 'time': datetime.datetime(2020, 9, 21, 9, 41, 11, 892430), 'category': 'Shampoo', 'id': 'tPp803275-329016-329017', 'prod_name': 'AOrganic Peppermint Shampoo', 'waitrose_Qty': '325ml', 'waitrose_discounted_price': '£7.00', 'waitrose_offer_desc': None, 'waitrose_url': 'https://www.waitrose.com/ecom/shop/browse/groceries/toiletries_health_and_beauty/hair_care/shampoo', 'waitrose_rating': '4', 'waitrose_unit_price': '(£2.16/100ml)', 'waitrose_new_flag': None, 'waitrose_prod_name': 'AOrganic Peppermint Shampoo 325ml', 'images': []}
DEBUG: Scraped from <200 https://www.waitrose.com/ecom/shop/browse/groceries/toiletries_health_and_beauty/hair_care/shampoo>
{'client': 'Waitrose', 'time': datetime.datetime(2020, 9, 21, 9, 41, 11, 892430), 'category': 'Shampoo', 'id': 'tPp836383-271490-271491', 'prod_name': 'Head & Shoulders 2in1 citrus care', 'waitrose_Qty': '450ml', 'waitrose_discounted_price': '£5.15', 'waitrose_offer_desc': None, 'waitrose_url': 'https://www.waitrose.com/ecom/shop/browse/groceries/toiletries_health_and_beauty/hair_care/shampoo', 'waitrose_rating': None, 'waitrose_unit_price': '(£1.15/100ml)', 'waitrose_new_flag': None, 'waitrose_prod_name': 'Head & Shoulders 2in1 citrus care 450ml', 'images': []}
DEBUG: Scraped from <200 https://www.waitrose.com/ecom/shop/browse/groceries/toiletries_health_and_beauty/hair_care/shampoo>
{'client': 'Waitrose', 'time': datetime.datetime(2020, 9, 21, 9, 41, 11, 892430), 'category': 'Shampoo', 'id': 'tPp694392-98595-98596', 'prod_name': 'Head & Shoulders Shampoo Cool Menthol', 'waitrose_Qty': '500ml', 'waitrose_discounted_price': '£5.15', 'waitrose_offer_desc': None, 'waitrose_url': 'https://www.waitrose.com/ecom/shop/browse/groceries/toiletries_health_and_beauty/hair_care/shampoo', 'waitrose_rating': None, 'waitrose_unit_price': '(£1.03/100ml)', 'waitrose_new_flag': None, 'waitrose_prod_name': 'Head & Shoulders Shampoo Cool Menthol 500ml', 'images': []}
DEBUG: Scraped from <200 https://www.waitrose.com/ecom/shop/browse/groceries/toiletries_health_and_beauty/hair_care/shampoo>
{'client': 'Waitrose', 'time': datetime.datetime(2020, 9, 21, 9, 41, 11, 892430), 'category': 'Shampoo', 'id': 'tPp581644-729702-729703', 'prod_name': 'Percy & Reed Hydrating Shampoo', 'waitrose_Qty': '250ml', 'waitrose_discounted_price': '£18.00', 'waitrose_offer_desc': None, 'waitrose_url': 'https://www.waitrose.com/ecom/shop/browse/groceries/toiletries_health_and_beauty/hair_care/shampoo', 'waitrose_rating': None, 'waitrose_unit_price': '(£7.20/100ml)', 'waitrose_new_flag': None, 'waitrose_prod_name': 'Percy & Reed Hydrating Shampoo 250ml', 'images': []}
DEBUG: Scraped from <200 https://www.waitrose.com/ecom/shop/browse/groceries/toiletries_health_and_beauty/hair_care/shampoo>
{'client': 'Waitrose', 'time': datetime.datetime(2020, 9, 21, 9, 41, 11, 892430), 'category': 'Shampoo', 'id': 'tPp863078-695988-695989', 'prod_name': 'Pantene Hair Biology Full & Vibrant', 'waitrose_Qty': '250ml', 'waitrose_discounted_price': '£4.50', 'waitrose_offer_desc': None, 'waitrose_url': 'https://www.waitrose.com/ecom/shop/browse/groceries/toiletries_health_and_beauty/hair_care/shampoo', 'waitrose_rating': None, 'waitrose_unit_price': '(£1.80/100ml)', 'waitrose_new_flag': None, 'waitrose_prod_name': 'Pantene Hair Biology Full & Vibrant 250ml', 'images': []}
DEBUG: Scraped from <200 https://www.waitrose.com/ecom/shop/browse/groceries/toiletries_health_and_beauty/hair_care/shampoo>
{'client': 'Waitrose', 'time': datetime.datetime(2020, 9, 21, 9, 41, 11, 892430), 'category': 'Shampoo', 'id': 'tPp834106-299691-299692', 'prod_name': 'Head & Shoulders 2in1 smooth & silky', 'waitrose_Qty': '450ml', 'waitrose_discounted_price': '£5.00', 'waitrose_offer_desc': None, 'waitrose_url': 'https://www.waitrose.com/ecom/shop/browse/groceries/toiletries_health_and_beauty/hair_care/shampoo', 'waitrose_rating': None, 'waitrose_unit_price': '(£1.12/100ml)', 'waitrose_new_flag': None, 'waitrose_prod_name': 'Head & Shoulders 2in1 smooth & silky 450ml', 'images': []}
DEBUG: Scraped from <200 https://www.waitrose.com/ecom/shop/browse/groceries/toiletries_health_and_beauty/hair_care/shampoo>
{'client': 'Waitrose', 'time': datetime.datetime(2020, 9, 21, 9, 41, 11, 892430), 'category': 'Shampoo', 'id': 'tPp492090-729670-729671', 'prod_name': 'Percy & Reed Volumising Shampoo', 'waitrose_Qty': '250ml', 'waitrose_discounted_price': '£18.00', 'waitrose_offer_desc': None, 'waitrose_url': 'https://www.waitrose.com/ecom/shop/browse/groceries/toiletries_health_and_beauty/hair_care/shampoo', 'waitrose_rating': None, 'waitrose_unit_price': '(£7.20/100ml)', 'waitrose_new_flag': None, 'waitrose_prod_name': 'Percy & Reed Volumising Shampoo 250ml', 'images': []}
DEBUG: Scraped from <200 https://www.waitrose.com/ecom/shop/browse/groceries/toiletries_health_and_beauty/hair_care/shampoo>
{'client': 'Waitrose', 'time': datetime.datetime(2020, 9, 21, 9, 41, 11, 892430), 'category': 'Shampoo', 'id': 'tPp734002-695705-695706', 'prod_name': 'Percy & Reed Wonder Wash Shampoo', 'waitrose_Qty': '250ml', 'waitrose_discounted_price': '£18.00', 'waitrose_offer_desc': None, 'waitrose_url': 'https://www.waitrose.com/ecom/shop/browse/groceries/toiletries_health_and_beauty/hair_care/shampoo', 'waitrose_rating': '4.1', 'waitrose_unit_price': '(£7.20/100ml)', 'waitrose_new_flag': None, 'waitrose_prod_name': 'Percy & Reed Wonder Wash Shampoo 250ml', 'images': []}
DEBUG: Scraped from <200 https://www.waitrose.com/ecom/shop/browse/groceries/toiletries_health_and_beauty/hair_care/shampoo>
{'client': 'Waitrose', 'time': datetime.datetime(2020, 9, 21, 9, 41, 11, 892430), 'category': 'Shampoo', 'id': 'tPp591666-681031-681032', 'prod_name': 'Pure Grace Shower Gel', 'waitrose_Qty': '480ml', 'waitrose_discounted_price': '£19.50', 'waitrose_offer_desc': None, 'waitrose_url': 'https://www.waitrose.com/ecom/shop/browse/groceries/toiletries_health_and_beauty/hair_care/shampoo', 'waitrose_rating': None, 'waitrose_unit_price': '(£4.07/100ml)', 'waitrose_new_flag': None, 'waitrose_prod_name': 'Pure Grace Shower Gel 480ml', 'images': []}
DEBUG: Scraped from <200 https://www.waitrose.com/ecom/shop/browse/groceries/toiletries_health_and_beauty/hair_care/shampoo>
{'client': 'Waitrose', 'time': datetime.datetime(2020, 9, 21, 9, 41, 11, 892430), 'category': 'Shampoo', 'id': 'tPp480888-154495-154496', 'prod_name': 'Head & Shoulders Smooth Shampoo', 'waitrose_Qty': '500ml', 'waitrose_discounted_price': '£5.15', 'waitrose_offer_desc': None, 'waitrose_url': 'https://www.waitrose.com/ecom/shop/browse/groceries/toiletries_health_and_beauty/hair_care/shampoo', 'waitrose_rating': '5', 'waitrose_unit_price': '(£1.03/100ml)', 'waitrose_new_flag': None, 'waitrose_prod_name': 'Head & Shoulders Smooth Shampoo 500ml', 'images': []}
INFO: Closing spider (finished)
INFO: Stored json feed (135 items) in: waitrose_092120.json
INFO: Dumping Scrapy stats:
{'downloader/request_bytes': 2588,
 'downloader/request_count': 1,
 'downloader/request_method_count/POST': 1,
 'downloader/response_bytes': 1697169,
 'downloader/response_count': 1,
 'downloader/response_status_count/200': 1,
 'finish_reason': 'finished',
 'finish_time': datetime.datetime(2020, 9, 21, 4, 12, 31, 428759),
 'item_scraped_count': 135,
 'log_count/DEBUG': 136,
 'log_count/INFO': 11,
 'log_count/WARNING': 1,
 'response_received_count': 1,
 'scheduler/dequeued': 2,
 'scheduler/dequeued/memory': 2,
 'scheduler/enqueued': 2,
 'scheduler/enqueued/memory': 2,
 'splash/execute/request_count': 1,
 'splash/execute/response_count/200': 1,
 'start_time': datetime.datetime(2020, 9, 21, 4, 11, 12, 117385)}
INFO: Spider closed (finished)
INFO: Scrapy 1.6.0 started (bot: waitrose)
INFO: Versions: lxml 4.5.1.0, libxml2 2.9.10, cssselect 1.1.0, parsel 1.6.0, w3lib 1.22.0, Twisted 20.3.0, Python 3.7.7 (default, May  6 2020, 11:45:54) [MSC v.1916 64 bit (AMD64)], pyOpenSSL 19.1.0 (OpenSSL 1.1.1g  21 Apr 2020), cryptography 2.9.2, Platform Windows-10-10.0.18362-SP0
INFO: Overridden settings: {'BOT_NAME': 'waitrose', 'DOWNLOAD_TIMEOUT': 1200, 'DUPEFILTER_CLASS': 'scrapy_splash.SplashAwareDupeFilter', 'FEED_EXPORT_ENCODING': 'utf-8', 'FEED_FORMAT': 'json', 'FEED_URI': 'waitrose_092320.json', 'NEWSPIDER_MODULE': 'waitrose.spiders', 'SPIDER_MODULES': ['waitrose.spiders']}
INFO: Telnet Password: 6fbdf953a7600fe9
INFO: Enabled extensions:
['scrapy.extensions.corestats.CoreStats',
 'scrapy.extensions.telnet.TelnetConsole',
 'scrapy.extensions.feedexport.FeedExporter',
 'scrapy.extensions.logstats.LogStats']
INFO: Enabled downloader middlewares:
['scrapy.downloadermiddlewares.httpauth.HttpAuthMiddleware',
 'scrapy.downloadermiddlewares.downloadtimeout.DownloadTimeoutMiddleware',
 'scrapy.downloadermiddlewares.defaultheaders.DefaultHeadersMiddleware',
 'scrapy.downloadermiddlewares.useragent.UserAgentMiddleware',
 'scrapy.downloadermiddlewares.retry.RetryMiddleware',
 'scrapy.downloadermiddlewares.redirect.MetaRefreshMiddleware',
 'scrapy.downloadermiddlewares.redirect.RedirectMiddleware',
 'scrapy.downloadermiddlewares.cookies.CookiesMiddleware',
 'scrapy_splash.SplashCookiesMiddleware',
 'scrapy_splash.SplashMiddleware',
 'scrapy.downloadermiddlewares.httpproxy.HttpProxyMiddleware',
 'scrapy.downloadermiddlewares.httpcompression.HttpCompressionMiddleware',
 'scrapy.downloadermiddlewares.stats.DownloaderStats']
INFO: Enabled spider middlewares:
['scrapy.spidermiddlewares.httperror.HttpErrorMiddleware',
 'scrapy_splash.SplashDeduplicateArgsMiddleware',
 'scrapy.spidermiddlewares.offsite.OffsiteMiddleware',
 'scrapy.spidermiddlewares.referer.RefererMiddleware',
 'scrapy.spidermiddlewares.urllength.UrlLengthMiddleware',
 'scrapy.spidermiddlewares.depth.DepthMiddleware']
INFO: Enabled item pipelines:
['waitrose.pipelines.ImageDownloaderPipeline',
 'waitrose.pipelines.SQLlitePipeline']
INFO: Spider opened
INFO: Crawled 0 pages (at 0 pages/min), scraped 0 items (at 0 items/min)
WARNING: C:\Users\sujithk\AppData\Local\Continuum\anaconda3\envs\Virtual_Env\lib\site-packages\scrapy\spidermiddlewares\offsite.py:61: URLWarning: allowed_domains accepts only domains, not URLs. Ignoring URL entry https://www.waitrose.com/ in allowed_domains.
  warnings.warn(message, URLWarning)

INFO: Telnet console listening on 127.0.0.1:6026
INFO: Crawled 0 pages (at 0 pages/min), scraped 0 items (at 0 items/min)
DEBUG: Crawled (200) <GET https://www.waitrose.com/ecom/shop/browse/groceries/toiletries_health_and_beauty/hair_care/shampoo via http://192.168.1.2:8050/execute> (referer: None)
DEBUG: Scraped from <200 https://www.waitrose.com/ecom/shop/browse/groceries/toiletries_health_and_beauty/hair_care/shampoo>
{'client': 'Waitrose', 'time': datetime.datetime(2020, 9, 23, 21, 41, 32, 703279), 'category': 'Shampoo', 'id': 'tPp092708-47659-47660', 'prod_name': 'Vosene Original Shampoo', 'waitrose_Qty': '250ml', 'waitrose_discounted_price': '£1.36', 'waitrose_offer_desc': 'Save 1/3.', 'waitrose_url': 'https://www.waitrose.com/ecom/shop/browse/groceries/toiletries_health_and_beauty/hair_care/shampoo', 'waitrose_rating': '5', 'waitrose_unit_price': '(54.4p/100ml)', 'waitrose_new_flag': None, 'waitrose_prod_name': 'Vosene Original Shampoo 250ml', 'images': []}
DEBUG: Scraped from <200 https://www.waitrose.com/ecom/shop/browse/groceries/toiletries_health_and_beauty/hair_care/shampoo>
{'client': 'Waitrose', 'time': datetime.datetime(2020, 9, 23, 21, 41, 32, 703279), 'category': 'Shampoo', 'id': 'tPp096508-49364-49365', 'prod_name': 'Aussie Miracle Moist Shampoo', 'waitrose_Qty': '300ml', 'waitrose_discounted_price': '£4.10', 'waitrose_offer_desc': None, 'waitrose_url': 'https://www.waitrose.com/ecom/shop/browse/groceries/toiletries_health_and_beauty/hair_care/shampoo', 'waitrose_rating': '3.7', 'waitrose_unit_price': '(£1.37/100ml)', 'waitrose_new_flag': None, 'waitrose_prod_name': 'Aussie Miracle Moist Shampoo 300ml', 'images': []}
DEBUG: Scraped from <200 https://www.waitrose.com/ecom/shop/browse/groceries/toiletries_health_and_beauty/hair_care/shampoo>
{'client': 'Waitrose', 'time': datetime.datetime(2020, 9, 23, 21, 41, 32, 703279), 'category': 'Shampoo', 'id': 'tPp819340-720339-720340', 'prod_name': 'Head & Shoulders Supreme Shampoo', 'waitrose_Qty': '400ml', 'waitrose_discounted_price': '£5.00', 'waitrose_offer_desc': 'Add 2 for £7', 'waitrose_url': 'https://www.waitrose.com/ecom/shop/browse/groceries/toiletries_health_and_beauty/hair_care/shampoo', 'waitrose_rating': None, 'waitrose_unit_price': '(£1.25/100ml)', 'waitrose_new_flag': None, 'waitrose_prod_name': 'Head & Shoulders Supreme Shampoo 400ml', 'images': []}
DEBUG: Scraped from <200 https://www.waitrose.com/ecom/shop/browse/groceries/toiletries_health_and_beauty/hair_care/shampoo>
{'client': 'Waitrose', 'time': datetime.datetime(2020, 9, 23, 21, 41, 32, 703279), 'category': 'Shampoo', 'id': 'tPp455905-591789-591790', 'prod_name': 'Herbal Essences clean Shampoo', 'waitrose_Qty': '400ml', 'waitrose_discounted_price': '£4.50', 'waitrose_offer_desc': 'Add 2 for £6', 'waitrose_url': 'https://www.waitrose.com/ecom/shop/browse/groceries/toiletries_health_and_beauty/hair_care/shampoo', 'waitrose_rating': None, 'waitrose_unit_price': '(£1.13/100ml)', 'waitrose_new_flag': None, 'waitrose_prod_name': 'Herbal Essences clean Shampoo 400ml', 'images': []}
DEBUG: Scraped from <200 https://www.waitrose.com/ecom/shop/browse/groceries/toiletries_health_and_beauty/hair_care/shampoo>
{'client': 'Waitrose', 'time': datetime.datetime(2020, 9, 23, 21, 41, 32, 703279), 'category': 'Shampoo', 'id': 'tPp865734-216867-216868', 'prod_name': 'Ogx Argan Oil of Morocco Shampoo', 'waitrose_Qty': '385ml', 'waitrose_discounted_price': '£7.00', 'waitrose_offer_desc': 'Add 2 for £10', 'waitrose_url': 'https://www.waitrose.com/ecom/shop/browse/groceries/toiletries_health_and_beauty/hair_care/shampoo', 'waitrose_rating': '3.4', 'waitrose_unit_price': '(£1.82/100ml)', 'waitrose_new_flag': None, 'waitrose_prod_name': 'Ogx Argan Oil of Morocco Shampoo 385ml', 'images': []}
DEBUG: Scraped from <200 https://www.waitrose.com/ecom/shop/browse/groceries/toiletries_health_and_beauty/hair_care/shampoo>
{'client': 'Waitrose', 'time': datetime.datetime(2020, 9, 23, 21, 41, 32, 703279), 'category': 'Shampoo', 'id': 'tPp472240-591833-591834', 'prod_name': 'Herbal Essences Repair Shampoo', 'waitrose_Qty': '400ml', 'waitrose_discounted_price': '£4.50', 'waitrose_offer_desc': 'Add 2 for £6', 'waitrose_url': 'https://www.waitrose.com/ecom/shop/browse/groceries/toiletries_health_and_beauty/hair_care/shampoo', 'waitrose_rating': '5', 'waitrose_unit_price': '(£1.13/100ml)', 'waitrose_new_flag': None, 'waitrose_prod_name': 'Herbal Essences Repair Shampoo 400ml', 'images': []}
DEBUG: Scraped from <200 https://www.waitrose.com/ecom/shop/browse/groceries/toiletries_health_and_beauty/hair_care/shampoo>
{'client': 'Waitrose', 'time': datetime.datetime(2020, 9, 23, 21, 41, 32, 703279), 'category': 'Shampoo', 'id': 'tPp059421-29947-29948', 'prod_name': 'Aussie Aussome Volume Shampoo', 'waitrose_Qty': '300ml', 'waitrose_discounted_price': '£4.00', 'waitrose_offer_desc': None, 'waitrose_url': 'https://www.waitrose.com/ecom/shop/browse/groceries/toiletries_health_and_beauty/hair_care/shampoo', 'waitrose_rating': '5', 'waitrose_unit_price': '(£1.34/100ml)', 'waitrose_new_flag': None, 'waitrose_prod_name': 'Aussie Aussome Volume Shampoo 300ml', 'images': []}
DEBUG: Scraped from <200 https://www.waitrose.com/ecom/shop/browse/groceries/toiletries_health_and_beauty/hair_care/shampoo>
{'client': 'Waitrose', 'time': datetime.datetime(2020, 9, 23, 21, 41, 32, 703279), 'category': 'Shampoo', 'id': 'tPp735040-695707-695708', 'prod_name': 'Vosene Kids 3in1 Tea Tree Shampoo', 'waitrose_Qty': '250ml', 'waitrose_discounted_price': '£1.66', 'waitrose_offer_desc': 'Save 1/3.', 'waitrose_url': 'https://www.waitrose.com/ecom/shop/browse/groceries/toiletries_health_and_beauty/hair_care/shampoo', 'waitrose_rating': None, 'waitrose_unit_price': '(66.4p/100ml)', 'waitrose_new_flag': None, 'waitrose_prod_name': 'Vosene Kids 3in1 Tea Tree Shampoo 250ml', 'images': []}
DEBUG: Scraped from <200 https://www.waitrose.com/ecom/shop/browse/groceries/toiletries_health_and_beauty/hair_care/shampoo>
{'client': 'Waitrose', 'time': datetime.datetime(2020, 9, 23, 21, 41, 32, 703279), 'category': 'Shampoo', 'id': 'tPp855140-216863-216864', 'prod_name': 'Ogx Coconut Milk Shampoo', 'waitrose_Qty': '385ml', 'waitrose_discounted_price': '£7.00', 'waitrose_offer_desc': 'Add 2 for £10', 'waitrose_url': 'https://www.waitrose.com/ecom/shop/browse/groceries/toiletries_health_and_beauty/hair_care/shampoo', 'waitrose_rating': '5', 'waitrose_unit_price': '(£1.82/100ml)', 'waitrose_new_flag': None, 'waitrose_prod_name': 'Ogx Coconut Milk Shampoo 385ml', 'images': []}
DEBUG: Scraped from <200 https://www.waitrose.com/ecom/shop/browse/groceries/toiletries_health_and_beauty/hair_care/shampoo>
{'client': 'Waitrose', 'time': datetime.datetime(2020, 9, 23, 21, 41, 32, 703279), 'category': 'Shampoo', 'id': 'tPp701301-99532-99533', 'prod_name': 'Essential Daily Care Shampoo', 'waitrose_Qty': '300ml', 'waitrose_discounted_price': '80p', 'waitrose_offer_desc': None, 'waitrose_url': 'https://www.waitrose.com/ecom/shop/browse/groceries/toiletries_health_and_beauty/hair_care/shampoo', 'waitrose_rating': '4.1', 'waitrose_unit_price': '(26.7p/100ml)', 'waitrose_new_flag': None, 'waitrose_prod_name': 'Essential Daily Care Shampoo 300ml', 'images': []}
DEBUG: Scraped from <200 https://www.waitrose.com/ecom/shop/browse/groceries/toiletries_health_and_beauty/hair_care/shampoo>
{'client': 'Waitrose', 'time': datetime.datetime(2020, 9, 23, 21, 41, 32, 703279), 'category': 'Shampoo', 'id': 'tPp799806-683814-683815', 'prod_name': 'Tresemmé Shampoo Moisture Rich', 'waitrose_Qty': '800ml', 'waitrose_discounted_price': '£5.50', 'waitrose_offer_desc': None, 'waitrose_url': 'https://www.waitrose.com/ecom/shop/browse/groceries/toiletries_health_and_beauty/hair_care/shampoo', 'waitrose_rating': None, 'waitrose_unit_price': '(68.8p/100ml)', 'waitrose_new_flag': None, 'waitrose_prod_name': 'Tresemmé Shampoo Moisture Rich 800ml', 'images': []}
DEBUG: Scraped from <200 https://www.waitrose.com/ecom/shop/browse/groceries/toiletries_health_and_beauty/hair_care/shampoo>
{'client': 'Waitrose', 'time': datetime.datetime(2020, 9, 23, 21, 41, 32, 703279), 'category': 'Shampoo', 'id': 'tPp490113-591883-591884', 'prod_name': 'Herbal Essences Volume Shampoo', 'waitrose_Qty': '400ml', 'waitrose_discounted_price': '£4.50', 'waitrose_offer_desc': 'Add 2 for £6', 'waitrose_url': 'https://www.waitrose.com/ecom/shop/browse/groceries/toiletries_health_and_beauty/hair_care/shampoo', 'waitrose_rating': '5', 'waitrose_unit_price': '(£1.13/100ml)', 'waitrose_new_flag': None, 'waitrose_prod_name': 'Herbal Essences Volume Shampoo 400ml', 'images': []}
DEBUG: Scraped from <200 https://www.waitrose.com/ecom/shop/browse/groceries/toiletries_health_and_beauty/hair_care/shampoo>
{'client': 'Waitrose', 'time': datetime.datetime(2020, 9, 23, 21, 41, 32, 703279), 'category': 'Shampoo', 'id': 'tPp639145-337007-337008', 'prod_name': 'Tresemmé Shampoo Deep Cleansing', 'waitrose_Qty': '800ml', 'waitrose_discounted_price': '£5.50', 'waitrose_offer_desc': None, 'waitrose_url': 'https://www.waitrose.com/ecom/shop/browse/groceries/toiletries_health_and_beauty/hair_care/shampoo', 'waitrose_rating': '5', 'waitrose_unit_price': '(68.8p/100ml)', 'waitrose_new_flag': None, 'waitrose_prod_name': 'Tresemmé Shampoo Deep Cleansing 800ml', 'images': []}
DEBUG: Scraped from <200 https://www.waitrose.com/ecom/shop/browse/groceries/toiletries_health_and_beauty/hair_care/shampoo>
{'client': 'Waitrose', 'time': datetime.datetime(2020, 9, 23, 21, 41, 32, 703279), 'category': 'Shampoo', 'id': 'tPp711843-717497-717498', 'prod_name': "L'Oreal Elvive Colour Shampoo", 'waitrose_Qty': '400ml', 'waitrose_discounted_price': '£2.50', 'waitrose_offer_desc': 'Save 1/3.', 'waitrose_url': 'https://www.waitrose.com/ecom/shop/browse/groceries/toiletries_health_and_beauty/hair_care/shampoo', 'waitrose_rating': None, 'waitrose_unit_price': '(62.5p/100ml)', 'waitrose_new_flag': None, 'waitrose_prod_name': "L'Oreal Elvive Colour Shampoo 400ml", 'images': []}
DEBUG: Scraped from <200 https://www.waitrose.com/ecom/shop/browse/groceries/toiletries_health_and_beauty/hair_care/shampoo>
{'client': 'Waitrose', 'time': datetime.datetime(2020, 9, 23, 21, 41, 32, 703279), 'category': 'Shampoo', 'id': 'tPp427668-591713-591714', 'prod_name': 'Herbal Essences Hydrate Shampoo', 'waitrose_Qty': '400ml', 'waitrose_discounted_price': '£4.50', 'waitrose_offer_desc': 'Add 2 for £6', 'waitrose_url': 'https://www.waitrose.com/ecom/shop/browse/groceries/toiletries_health_and_beauty/hair_care/shampoo', 'waitrose_rating': '5', 'waitrose_unit_price': '(£1.13/100ml)', 'waitrose_new_flag': None, 'waitrose_prod_name': 'Herbal Essences Hydrate Shampoo 400ml', 'images': []}
DEBUG: Scraped from <200 https://www.waitrose.com/ecom/shop/browse/groceries/toiletries_health_and_beauty/hair_care/shampoo>
{'client': 'Waitrose', 'time': datetime.datetime(2020, 9, 23, 21, 41, 32, 703279), 'category': 'Shampoo', 'id': 'tPp563832-295347-295348', 'prod_name': 'Argan + Argan Oil 5Oil Miracle Shampoo', 'waitrose_Qty': '300ml', 'waitrose_discounted_price': '£6.00', 'waitrose_offer_desc': 'Add 2 for £8', 'waitrose_url': 'https://www.waitrose.com/ecom/shop/browse/groceries/toiletries_health_and_beauty/hair_care/shampoo', 'waitrose_rating': '5', 'waitrose_unit_price': '(£2/100ml)', 'waitrose_new_flag': None, 'waitrose_prod_name': 'Argan + Argan Oil 5Oil Miracle Shampoo 300ml', 'images': []}
DEBUG: Scraped from <200 https://www.waitrose.com/ecom/shop/browse/groceries/toiletries_health_and_beauty/hair_care/shampoo>
{'client': 'Waitrose', 'time': datetime.datetime(2020, 9, 23, 21, 41, 32, 703279), 'category': 'Shampoo', 'id': 'tPp096232-49248-49249', 'prod_name': 'Aussie Mega Shampoo', 'waitrose_Qty': '300ml', 'waitrose_discounted_price': '£4.10', 'waitrose_offer_desc': None, 'waitrose_url': 'https://www.waitrose.com/ecom/shop/browse/groceries/toiletries_health_and_beauty/hair_care/shampoo', 'waitrose_rating': '2.5', 'waitrose_unit_price': '(£1.37/100ml)', 'waitrose_new_flag': None, 'waitrose_prod_name': 'Aussie Mega Shampoo 300ml', 'images': []}
DEBUG: Scraped from <200 https://www.waitrose.com/ecom/shop/browse/groceries/toiletries_health_and_beauty/hair_care/shampoo>
{'client': 'Waitrose', 'time': datetime.datetime(2020, 9, 23, 21, 41, 32, 703279), 'category': 'Shampoo', 'id': 'tPp535961-75786-75787', 'prod_name': 'essential Waitrose Nourishing Shampoo', 'waitrose_Qty': '300ml', 'waitrose_discounted_price': '80p', 'waitrose_offer_desc': None, 'waitrose_url': 'https://www.waitrose.com/ecom/shop/browse/groceries/toiletries_health_and_beauty/hair_care/shampoo', 'waitrose_rating': '4.3', 'waitrose_unit_price': '(26.7p/100ml)', 'waitrose_new_flag': None, 'waitrose_prod_name': 'essential Waitrose Nourishing Shampoo 300ml', 'images': []}
DEBUG: Scraped from <200 https://www.waitrose.com/ecom/shop/browse/groceries/toiletries_health_and_beauty/hair_care/shampoo>
{'client': 'Waitrose', 'time': datetime.datetime(2020, 9, 23, 21, 41, 32, 703279), 'category': 'Shampoo', 'id': 'tPp407453-471203-471204', 'prod_name': 'Ogx Biotin & Collagen Shampoo', 'waitrose_Qty': '385ml', 'waitrose_discounted_price': '£7.00', 'waitrose_offer_desc': 'Add 2 for £10', 'waitrose_url': 'https://www.waitrose.com/ecom/shop/browse/groceries/toiletries_health_and_beauty/hair_care/shampoo', 'waitrose_rating': None, 'waitrose_unit_price': '(£1.82/100ml)', 'waitrose_new_flag': None, 'waitrose_prod_name': 'Ogx Biotin & Collagen Shampoo 385ml', 'images': []}
DEBUG: Scraped from <200 https://www.waitrose.com/ecom/shop/browse/groceries/toiletries_health_and_beauty/hair_care/shampoo>
{'client': 'Waitrose', 'time': datetime.datetime(2020, 9, 23, 21, 41, 32, 703279), 'category': 'Shampoo', 'id': 'tPp083596-42439-42440', 'prod_name': 'Aussie Colour Mate Shampoo', 'waitrose_Qty': '300ml', 'waitrose_discounted_price': '£4.10', 'waitrose_offer_desc': None, 'waitrose_url': 'https://www.waitrose.com/ecom/shop/browse/groceries/toiletries_health_and_beauty/hair_care/shampoo', 'waitrose_rating': '5', 'waitrose_unit_price': '(£1.37/100ml)', 'waitrose_new_flag': None, 'waitrose_prod_name': 'Aussie Colour Mate Shampoo 300ml', 'images': []}
DEBUG: Scraped from <200 https://www.waitrose.com/ecom/shop/browse/groceries/toiletries_health_and_beauty/hair_care/shampoo>
{'client': 'Waitrose', 'time': datetime.datetime(2020, 9, 23, 21, 41, 32, 703279), 'category': 'Shampoo', 'id': 'tPp639366-90822-90823', 'prod_name': 'Head & Shoulders Shampoo Classic', 'waitrose_Qty': '500ml', 'waitrose_discounted_price': '£5.15', 'waitrose_offer_desc': None, 'waitrose_url': 'https://www.waitrose.com/ecom/shop/browse/groceries/toiletries_health_and_beauty/hair_care/shampoo', 'waitrose_rating': '3.5', 'waitrose_unit_price': '(£1.03/100ml)', 'waitrose_new_flag': None, 'waitrose_prod_name': 'Head & Shoulders Shampoo Classic 500ml', 'images': []}
DEBUG: Scraped from <200 https://www.waitrose.com/ecom/shop/browse/groceries/toiletries_health_and_beauty/hair_care/shampoo>
{'client': 'Waitrose', 'time': datetime.datetime(2020, 9, 23, 21, 41, 32, 703279), 'category': 'Shampoo', 'id': 'tPp649492-695625-695626', 'prod_name': 'Vosene Kids 2in1 Melon Shampoo', 'waitrose_Qty': '250ml', 'waitrose_discounted_price': '£1.33', 'waitrose_offer_desc': 'Save 1/3.', 'waitrose_url': 'https://www.waitrose.com/ecom/shop/browse/groceries/toiletries_health_and_beauty/hair_care/shampoo', 'waitrose_rating': None, 'waitrose_unit_price': '(53.2p/100ml)', 'waitrose_new_flag': None, 'waitrose_prod_name': 'Vosene Kids 2in1 Melon Shampoo 250ml', 'images': []}
DEBUG: Scraped from <200 https://www.waitrose.com/ecom/shop/browse/groceries/toiletries_health_and_beauty/hair_care/shampoo>
{'client': 'Waitrose', 'time': datetime.datetime(2020, 9, 23, 21, 41, 32, 703279), 'category': 'Shampoo', 'id': 'tPp711086-652694-652695', 'prod_name': 'Head & Shoulders Supreme Moisture', 'waitrose_Qty': '400ml', 'waitrose_discounted_price': '£5.15', 'waitrose_offer_desc': 'Add 2 for £7', 'waitrose_url': 'https://www.waitrose.com/ecom/shop/browse/groceries/toiletries_health_and_beauty/hair_care/shampoo', 'waitrose_rating': None, 'waitrose_unit_price': '(£1.29/100ml)', 'waitrose_new_flag': None, 'waitrose_prod_name': 'Head & Shoulders Supreme Moisture 400ml', 'images': []}
DEBUG: Scraped from <200 https://www.waitrose.com/ecom/shop/browse/groceries/toiletries_health_and_beauty/hair_care/shampoo>
{'client': 'Waitrose', 'time': datetime.datetime(2020, 9, 23, 21, 41, 32, 703279), 'category': 'Shampoo', 'id': 'tPp755068-720289-720290', 'prod_name': 'Herbal Essences Aloe Hemp Shampoo', 'waitrose_Qty': '380ml', 'waitrose_discounted_price': '£4.50', 'waitrose_offer_desc': 'Add 2 for £6', 'waitrose_url': 'https://www.waitrose.com/ecom/shop/browse/groceries/toiletries_health_and_beauty/hair_care/shampoo', 'waitrose_rating': None, 'waitrose_unit_price': '(£1.19/100ml)', 'waitrose_new_flag': None, 'waitrose_prod_name': 'Herbal Essences Aloe Hemp Shampoo 380ml', 'images': []}
DEBUG: Scraped from <200 https://www.waitrose.com/ecom/shop/browse/groceries/toiletries_health_and_beauty/hair_care/shampoo>
{'client': 'Waitrose', 'time': datetime.datetime(2020, 9, 23, 21, 41, 32, 703279), 'category': 'Shampoo', 'id': 'tPp844892-695845-695846', 'prod_name': 'Head & Shoulders Colour Protect', 'waitrose_Qty': '400ml', 'waitrose_discounted_price': '£5.00', 'waitrose_offer_desc': 'Add 2 for £7', 'waitrose_url': 'https://www.waitrose.com/ecom/shop/browse/groceries/toiletries_health_and_beauty/hair_care/shampoo', 'waitrose_rating': None, 'waitrose_unit_price': '(£1.25/100ml)', 'waitrose_new_flag': None, 'waitrose_prod_name': 'Head & Shoulders Colour Protect 400ml', 'images': []}
DEBUG: Scraped from <200 https://www.waitrose.com/ecom/shop/browse/groceries/toiletries_health_and_beauty/hair_care/shampoo>
{'client': 'Waitrose', 'time': datetime.datetime(2020, 9, 23, 21, 41, 32, 703279), 'category': 'Shampoo', 'id': 'tPp433216-720111-720112', 'prod_name': 'John Frieda Hydrate & Recharge Shampoo', 'waitrose_Qty': '250ml', 'waitrose_discounted_price': '£6.00', 'waitrose_offer_desc': None, 'waitrose_url': 'https://www.waitrose.com/ecom/shop/browse/groceries/toiletries_health_and_beauty/hair_care/shampoo', 'waitrose_rating': None, 'waitrose_unit_price': '(£2.40/100ml)', 'waitrose_new_flag': None, 'waitrose_prod_name': 'John Frieda Hydrate & Recharge Shampoo 250ml', 'images': []}
DEBUG: Scraped from <200 https://www.waitrose.com/ecom/shop/browse/groceries/toiletries_health_and_beauty/hair_care/shampoo>
{'client': 'Waitrose', 'time': datetime.datetime(2020, 9, 23, 21, 41, 32, 703279), 'category': 'Shampoo', 'id': 'tPp810201-352482-352483', 'prod_name': 'Essential Daily Care 2 in 1', 'waitrose_Qty': '300ml', 'waitrose_discounted_price': '80p', 'waitrose_offer_desc': None, 'waitrose_url': 'https://www.waitrose.com/ecom/shop/browse/groceries/toiletries_health_and_beauty/hair_care/shampoo', 'waitrose_rating': '4.3', 'waitrose_unit_price': '(26.7p/100ml)', 'waitrose_new_flag': None, 'waitrose_prod_name': 'Essential Daily Care 2 in 1 300ml', 'images': []}
DEBUG: Scraped from <200 https://www.waitrose.com/ecom/shop/browse/groceries/toiletries_health_and_beauty/hair_care/shampoo>
{'client': 'Waitrose', 'time': datetime.datetime(2020, 9, 23, 21, 41, 32, 703279), 'category': 'Shampoo', 'id': 'tPp364793-255761-255762', 'prod_name': 'Aussie Miracle Shine Shampoo', 'waitrose_Qty': '300ml', 'waitrose_discounted_price': '£4.00', 'waitrose_offer_desc': None, 'waitrose_url': 'https://www.waitrose.com/ecom/shop/browse/groceries/toiletries_health_and_beauty/hair_care/shampoo', 'waitrose_rating': None, 'waitrose_unit_price': '(£1.34/100ml)', 'waitrose_new_flag': None, 'waitrose_prod_name': 'Aussie Miracle Shine Shampoo 300ml', 'images': []}
DEBUG: Scraped from <200 https://www.waitrose.com/ecom/shop/browse/groceries/toiletries_health_and_beauty/hair_care/shampoo>
{'client': 'Waitrose', 'time': datetime.datetime(2020, 9, 23, 21, 41, 32, 703279), 'category': 'Shampoo', 'id': 'tPp755349-720291-720292', 'prod_name': 'Herbal Essences Aloe & Mango Shampoo', 'waitrose_Qty': '380ml', 'waitrose_discounted_price': '£4.50', 'waitrose_offer_desc': 'Add 2 for £6', 'waitrose_url': 'https://www.waitrose.com/ecom/shop/browse/groceries/toiletries_health_and_beauty/hair_care/shampoo', 'waitrose_rating': None, 'waitrose_unit_price': '(£1.19/100ml)', 'waitrose_new_flag': None, 'waitrose_prod_name': 'Herbal Essences Aloe & Mango Shampoo 380ml', 'images': []}
DEBUG: Scraped from <200 https://www.waitrose.com/ecom/shop/browse/groceries/toiletries_health_and_beauty/hair_care/shampoo>
{'client': 'Waitrose', 'time': datetime.datetime(2020, 9, 23, 21, 41, 32, 703279), 'category': 'Shampoo', 'id': 'tPp687186-337057-337058', 'prod_name': 'Argan + Argan Oil Rejuvenating Shampoo', 'waitrose_Qty': '300ml', 'waitrose_discounted_price': '£6.00', 'waitrose_offer_desc': 'Add 2 for £8', 'waitrose_url': 'https://www.waitrose.com/ecom/shop/browse/groceries/toiletries_health_and_beauty/hair_care/shampoo', 'waitrose_rating': '5', 'waitrose_unit_price': '(£2/100ml)', 'waitrose_new_flag': None, 'waitrose_prod_name': 'Argan + Argan Oil Rejuvenating Shampoo 300ml', 'images': []}
DEBUG: Scraped from <200 https://www.waitrose.com/ecom/shop/browse/groceries/toiletries_health_and_beauty/hair_care/shampoo>
{'client': 'Waitrose', 'time': datetime.datetime(2020, 9, 23, 21, 41, 32, 703279), 'category': 'Shampoo', 'id': 'tPp839781-154875-154876', 'prod_name': 'Aussie miracle moist shampoo', 'waitrose_Qty': '500ml', 'waitrose_discounted_price': '£6.15', 'waitrose_offer_desc': 'Add 2 for £10', 'waitrose_url': 'https://www.waitrose.com/ecom/shop/browse/groceries/toiletries_health_and_beauty/hair_care/shampoo', 'waitrose_rating': None, 'waitrose_unit_price': '(£1.23/100ml)', 'waitrose_new_flag': None, 'waitrose_prod_name': 'Aussie miracle moist shampoo 500ml', 'images': []}
DEBUG: Scraped from <200 https://www.waitrose.com/ecom/shop/browse/groceries/toiletries_health_and_beauty/hair_care/shampoo>
{'client': 'Waitrose', 'time': datetime.datetime(2020, 9, 23, 21, 41, 32, 703279), 'category': 'Shampoo', 'id': 'tPp027940-13599-13600', 'prod_name': 'Avalon Organics lemon shampoo', 'waitrose_Qty': '325ml', 'waitrose_discounted_price': '£5.24', 'waitrose_offer_desc': '25% Off.', 'waitrose_url': 'https://www.waitrose.com/ecom/shop/browse/groceries/toiletries_health_and_beauty/hair_care/shampoo', 'waitrose_rating': '3.6', 'waitrose_unit_price': '(£1.62/100ml)', 'waitrose_new_flag': None, 'waitrose_prod_name': 'Avalon Organics lemon shampoo 325ml', 'images': []}
DEBUG: Scraped from <200 https://www.waitrose.com/ecom/shop/browse/groceries/toiletries_health_and_beauty/hair_care/shampoo>
{'client': 'Waitrose', 'time': datetime.datetime(2020, 9, 23, 21, 41, 32, 703279), 'category': 'Shampoo', 'id': 'tPp775870-724036-724037', 'prod_name': 'Faith in Nature Wild Rose Shampoo', 'waitrose_Qty': '400ml', 'waitrose_discounted_price': '£5.79', 'waitrose_offer_desc': '25% off Sept 23', 'waitrose_url': 'https://www.waitrose.com/ecom/shop/browse/groceries/toiletries_health_and_beauty/hair_care/shampoo', 'waitrose_rating': '5', 'waitrose_unit_price': '(£1.45/100ml)', 'waitrose_new_flag': None, 'waitrose_prod_name': 'Faith in Nature Wild Rose Shampoo 400ml', 'images': []}
DEBUG: Scraped from <200 https://www.waitrose.com/ecom/shop/browse/groceries/toiletries_health_and_beauty/hair_care/shampoo>
{'client': 'Waitrose', 'time': datetime.datetime(2020, 9, 23, 21, 41, 32, 703279), 'category': 'Shampoo', 'id': 'tPp703131-695681-695682', 'prod_name': 'Head & Shoulders Repair Shampoo', 'waitrose_Qty': '400ml', 'waitrose_discounted_price': '£5.00', 'waitrose_offer_desc': 'Add 2 for £7', 'waitrose_url': 'https://www.waitrose.com/ecom/shop/browse/groceries/toiletries_health_and_beauty/hair_care/shampoo', 'waitrose_rating': '4', 'waitrose_unit_price': '(£1.25/100ml)', 'waitrose_new_flag': None, 'waitrose_prod_name': 'Head & Shoulders Repair Shampoo 400ml', 'images': []}
DEBUG: Scraped from <200 https://www.waitrose.com/ecom/shop/browse/groceries/toiletries_health_and_beauty/hair_care/shampoo>
{'client': 'Waitrose', 'time': datetime.datetime(2020, 9, 23, 21, 41, 32, 703279), 'category': 'Shampoo', 'id': 'tPp595050-720203-720204', 'prod_name': 'Herbal Essences Coconut Shampoo', 'waitrose_Qty': '250ml', 'waitrose_discounted_price': '£3.00', 'waitrose_offer_desc': None, 'waitrose_url': 'https://www.waitrose.com/ecom/shop/browse/groceries/toiletries_health_and_beauty/hair_care/shampoo', 'waitrose_rating': None, 'waitrose_unit_price': '(£1.20/100ml)', 'waitrose_new_flag': None, 'waitrose_prod_name': 'Herbal Essences Coconut Shampoo 250ml', 'images': []}
DEBUG: Scraped from <200 https://www.waitrose.com/ecom/shop/browse/groceries/toiletries_health_and_beauty/hair_care/shampoo>
{'client': 'Waitrose', 'time': datetime.datetime(2020, 9, 23, 21, 41, 32, 703279), 'category': 'Shampoo', 'id': 'tPp076232-38732-38733', 'prod_name': 'AOrganic Lavender Shampoo', 'waitrose_Qty': '325ml', 'waitrose_discounted_price': '£5.24', 'waitrose_offer_desc': '25% Off.', 'waitrose_url': 'https://www.waitrose.com/ecom/shop/browse/groceries/toiletries_health_and_beauty/hair_care/shampoo', 'waitrose_rating': '3.8', 'waitrose_unit_price': '(£1.62/100ml)', 'waitrose_new_flag': None, 'waitrose_prod_name': 'AOrganic Lavender Shampoo 325ml', 'images': []}
DEBUG: Scraped from <200 https://www.waitrose.com/ecom/shop/browse/groceries/toiletries_health_and_beauty/hair_care/shampoo>
{'client': 'Waitrose', 'time': datetime.datetime(2020, 9, 23, 21, 41, 32, 703279), 'category': 'Shampoo', 'id': 'tPp011495-5706-5707', 'prod_name': 'John Frieda Shampoo Touchably Full', 'waitrose_Qty': '250ml', 'waitrose_discounted_price': '£6.00', 'waitrose_offer_desc': None, 'waitrose_url': 'https://www.waitrose.com/ecom/shop/browse/groceries/toiletries_health_and_beauty/hair_care/shampoo', 'waitrose_rating': '4', 'waitrose_unit_price': '(£2.40/100ml)', 'waitrose_new_flag': None, 'waitrose_prod_name': 'John Frieda Shampoo Touchably Full 250ml', 'images': []}
DEBUG: Scraped from <200 https://www.waitrose.com/ecom/shop/browse/groceries/toiletries_health_and_beauty/hair_care/shampoo>
{'client': 'Waitrose', 'time': datetime.datetime(2020, 9, 23, 21, 41, 32, 703279), 'category': 'Shampoo', 'id': 'tPp740653-352034-352035', 'prod_name': 'essential Waitrose Anti-Dandruff 2 in 1', 'waitrose_Qty': '300ml', 'waitrose_discounted_price': '£1.00', 'waitrose_offer_desc': None, 'waitrose_url': 'https://www.waitrose.com/ecom/shop/browse/groceries/toiletries_health_and_beauty/hair_care/shampoo', 'waitrose_rating': '4', 'waitrose_unit_price': '(33.3p/100ml)', 'waitrose_new_flag': None, 'waitrose_prod_name': 'essential Waitrose Anti-Dandruff 2 in 1 300ml', 'images': []}
DEBUG: Scraped from <200 https://www.waitrose.com/ecom/shop/browse/groceries/toiletries_health_and_beauty/hair_care/shampoo>
{'client': 'Waitrose', 'time': datetime.datetime(2020, 9, 23, 21, 41, 32, 703279), 'category': 'Shampoo', 'id': 'tPp484035-715885-715886', 'prod_name': "L'Oreal Elvive Oil Nourishing Shampoo", 'waitrose_Qty': '400ml', 'waitrose_discounted_price': '£2.50', 'waitrose_offer_desc': 'Save 1/3.', 'waitrose_url': 'https://www.waitrose.com/ecom/shop/browse/groceries/toiletries_health_and_beauty/hair_care/shampoo', 'waitrose_rating': None, 'waitrose_unit_price': '(62.5p/100ml)', 'waitrose_new_flag': None, 'waitrose_prod_name': "L'Oreal Elvive Oil Nourishing Shampoo 400ml", 'images': []}
DEBUG: Scraped from <200 https://www.waitrose.com/ecom/shop/browse/groceries/toiletries_health_and_beauty/hair_care/shampoo>
{'client': 'Waitrose', 'time': datetime.datetime(2020, 9, 23, 21, 41, 32, 703279), 'category': 'Shampoo', 'id': 'tPp047805-23664-23665', 'prod_name': 'Avalon Organics tea tree shampoo', 'waitrose_Qty': '325ml', 'waitrose_discounted_price': '£5.24', 'waitrose_offer_desc': '25% Off.', 'waitrose_url': 'https://www.waitrose.com/ecom/shop/browse/groceries/toiletries_health_and_beauty/hair_care/shampoo', 'waitrose_rating': '4.9', 'waitrose_unit_price': '(£1.62/100ml)', 'waitrose_new_flag': None, 'waitrose_prod_name': 'Avalon Organics tea tree shampoo 325ml', 'images': []}
DEBUG: Scraped from <200 https://www.waitrose.com/ecom/shop/browse/groceries/toiletries_health_and_beauty/hair_care/shampoo>
{'client': 'Waitrose', 'time': datetime.datetime(2020, 9, 23, 21, 41, 32, 703279), 'category': 'Shampoo', 'id': 'tPp819563-729788-729789', 'prod_name': 'Aussie Blonde Purple Shampoo', 'waitrose_Qty': '290ml', 'waitrose_discounted_price': '£6.00', 'waitrose_offer_desc': None, 'waitrose_url': 'https://www.waitrose.com/ecom/shop/browse/groceries/toiletries_health_and_beauty/hair_care/shampoo', 'waitrose_rating': None, 'waitrose_unit_price': '(£2.07/100ml)', 'waitrose_new_flag': None, 'waitrose_prod_name': 'Aussie Blonde Purple Shampoo 290ml', 'images': []}
DEBUG: Scraped from <200 https://www.waitrose.com/ecom/shop/browse/groceries/toiletries_health_and_beauty/hair_care/shampoo>
{'client': 'Waitrose', 'time': datetime.datetime(2020, 9, 23, 21, 41, 32, 703279), 'category': 'Shampoo', 'id': 'tPp886458-216893-216894', 'prod_name': 'Ogx Brazilian Keratin Shampoo', 'waitrose_Qty': '385ml', 'waitrose_discounted_price': '£7.00', 'waitrose_offer_desc': 'Add 2 for £10', 'waitrose_url': 'https://www.waitrose.com/ecom/shop/browse/groceries/toiletries_health_and_beauty/hair_care/shampoo', 'waitrose_rating': '5', 'waitrose_unit_price': '(£1.82/100ml)', 'waitrose_new_flag': None, 'waitrose_prod_name': 'Ogx Brazilian Keratin Shampoo 385ml', 'images': []}
DEBUG: Scraped from <200 https://www.waitrose.com/ecom/shop/browse/groceries/toiletries_health_and_beauty/hair_care/shampoo>
{'client': 'Waitrose', 'time': datetime.datetime(2020, 9, 23, 21, 41, 32, 703279), 'category': 'Shampoo', 'id': 'tPp810302-683828-683829', 'prod_name': 'Herbal Essences Deep Repair Shampoo', 'waitrose_Qty': '400ml', 'waitrose_discounted_price': '£4.50', 'waitrose_offer_desc': 'Add 2 for £6', 'waitrose_url': 'https://www.waitrose.com/ecom/shop/browse/groceries/toiletries_health_and_beauty/hair_care/shampoo', 'waitrose_rating': None, 'waitrose_unit_price': '(£1.13/100ml)', 'waitrose_new_flag': None, 'waitrose_prod_name': 'Herbal Essences Deep Repair Shampoo 400ml', 'images': []}
DEBUG: Scraped from <200 https://www.waitrose.com/ecom/shop/browse/groceries/toiletries_health_and_beauty/hair_care/shampoo>
{'client': 'Waitrose', 'time': datetime.datetime(2020, 9, 23, 21, 41, 32, 703279), 'category': 'Shampoo', 'id': 'tPp538896-720173-720174', 'prod_name': 'Herbal Essences Argan Oil Shampoo', 'waitrose_Qty': '250ml', 'waitrose_discounted_price': '£3.00', 'waitrose_offer_desc': None, 'waitrose_url': 'https://www.waitrose.com/ecom/shop/browse/groceries/toiletries_health_and_beauty/hair_care/shampoo', 'waitrose_rating': None, 'waitrose_unit_price': '(£1.20/100ml)', 'waitrose_new_flag': None, 'waitrose_prod_name': 'Herbal Essences Argan Oil Shampoo 250ml', 'images': []}
DEBUG: Scraped from <200 https://www.waitrose.com/ecom/shop/browse/groceries/toiletries_health_and_beauty/hair_care/shampoo>
{'client': 'Waitrose', 'time': datetime.datetime(2020, 9, 23, 21, 41, 32, 703279), 'category': 'Shampoo', 'id': 'tPp486943-68769-68770', 'prod_name': 'Head & Shoulders 2in1 classic clean', 'waitrose_Qty': '225ml', 'waitrose_discounted_price': '£3.00', 'waitrose_offer_desc': None, 'waitrose_url': 'https://www.waitrose.com/ecom/shop/browse/groceries/toiletries_health_and_beauty/hair_care/shampoo', 'waitrose_rating': '4', 'waitrose_unit_price': '(£1.34/100ml)', 'waitrose_new_flag': None, 'waitrose_prod_name': 'Head & Shoulders 2in1 classic clean 225ml', 'images': []}
DEBUG: Scraped from <200 https://www.waitrose.com/ecom/shop/browse/groceries/toiletries_health_and_beauty/hair_care/shampoo>
{'client': 'Waitrose', 'time': datetime.datetime(2020, 9, 23, 21, 41, 32, 703279), 'category': 'Shampoo', 'id': 'tPp657721-694179-694180', 'prod_name': 'Pantene 3 in 1 Classic Clean', 'waitrose_Qty': '450ml', 'waitrose_discounted_price': '£3.75', 'waitrose_offer_desc': None, 'waitrose_url': 'https://www.waitrose.com/ecom/shop/browse/groceries/toiletries_health_and_beauty/hair_care/shampoo', 'waitrose_rating': None, 'waitrose_unit_price': '(83.3p/100ml)', 'waitrose_new_flag': None, 'waitrose_prod_name': 'Pantene 3 in 1 Classic Clean 450ml', 'images': []}
DEBUG: Scraped from <200 https://www.waitrose.com/ecom/shop/browse/groceries/toiletries_health_and_beauty/hair_care/shampoo>
{'client': 'Waitrose', 'time': datetime.datetime(2020, 9, 23, 21, 41, 32, 703279), 'category': 'Shampoo', 'id': 'tPp627460-154629-154630', 'prod_name': 'Aussie mega shampoo', 'waitrose_Qty': '500ml', 'waitrose_discounted_price': '£6.15', 'waitrose_offer_desc': 'Add 2 for £10', 'waitrose_url': 'https://www.waitrose.com/ecom/shop/browse/groceries/toiletries_health_and_beauty/hair_care/shampoo', 'waitrose_rating': '3.8', 'waitrose_unit_price': '(£1.23/100ml)', 'waitrose_new_flag': None, 'waitrose_prod_name': 'Aussie mega shampoo 500ml', 'images': []}
DEBUG: Scraped from <200 https://www.waitrose.com/ecom/shop/browse/groceries/toiletries_health_and_beauty/hair_care/shampoo>
{'client': 'Waitrose', 'time': datetime.datetime(2020, 9, 23, 21, 41, 32, 703279), 'category': 'Shampoo', 'id': 'tPp824583-694195-694196', 'prod_name': 'Pantene Repair & Protect Shampoo', 'waitrose_Qty': '500ml', 'waitrose_discounted_price': '£3.75', 'waitrose_offer_desc': None, 'waitrose_url': 'https://www.waitrose.com/ecom/shop/browse/groceries/toiletries_health_and_beauty/hair_care/shampoo', 'waitrose_rating': None, 'waitrose_unit_price': '(75p/100ml)', 'waitrose_new_flag': None, 'waitrose_prod_name': 'Pantene Repair & Protect Shampoo 500ml', 'images': []}
DEBUG: Scraped from <200 https://www.waitrose.com/ecom/shop/browse/groceries/toiletries_health_and_beauty/hair_care/shampoo>
{'client': 'Waitrose', 'time': datetime.datetime(2020, 9, 23, 21, 41, 32, 703279), 'category': 'Shampoo', 'id': 'tPp435635-694165-694166', 'prod_name': 'Pantene Classic Clean Shampoo', 'waitrose_Qty': '500ml', 'waitrose_discounted_price': '£5.15', 'waitrose_offer_desc': None, 'waitrose_url': 'https://www.waitrose.com/ecom/shop/browse/groceries/toiletries_health_and_beauty/hair_care/shampoo', 'waitrose_rating': None, 'waitrose_unit_price': '(£1.03/100ml)', 'waitrose_new_flag': None, 'waitrose_prod_name': 'Pantene Classic Clean Shampoo 500ml', 'images': []}
DEBUG: Scraped from <200 https://www.waitrose.com/ecom/shop/browse/groceries/toiletries_health_and_beauty/hair_care/shampoo>
{'client': 'Waitrose', 'time': datetime.datetime(2020, 9, 23, 21, 41, 32, 703279), 'category': 'Shampoo', 'id': 'tPp747801-683764-683765', 'prod_name': 'Aussie Shampoo Scent-sational', 'waitrose_Qty': '300ml', 'waitrose_discounted_price': '£4.00', 'waitrose_offer_desc': None, 'waitrose_url': 'https://www.waitrose.com/ecom/shop/browse/groceries/toiletries_health_and_beauty/hair_care/shampoo', 'waitrose_rating': '5', 'waitrose_unit_price': '(£1.34/100ml)', 'waitrose_new_flag': None, 'waitrose_prod_name': 'Aussie Shampoo Scent-sational 300ml', 'images': []}
DEBUG: Scraped from <200 https://www.waitrose.com/ecom/shop/browse/groceries/toiletries_health_and_beauty/hair_care/shampoo>
{'client': 'Waitrose', 'time': datetime.datetime(2020, 9, 23, 21, 41, 32, 703279), 'category': 'Shampoo', 'id': 'tPp791725-375655-375656', 'prod_name': 'Ogx Kukuí Oil Shampoo', 'waitrose_Qty': '385ml', 'waitrose_discounted_price': '£7.00', 'waitrose_offer_desc': 'Add 2 for £10', 'waitrose_url': 'https://www.waitrose.com/ecom/shop/browse/groceries/toiletries_health_and_beauty/hair_care/shampoo', 'waitrose_rating': '5', 'waitrose_unit_price': '(£1.82/100ml)', 'waitrose_new_flag': None, 'waitrose_prod_name': 'Ogx Kukuí Oil Shampoo 385ml', 'images': []}
DEBUG: Scraped from <200 https://www.waitrose.com/ecom/shop/browse/groceries/toiletries_health_and_beauty/hair_care/shampoo>
{'client': 'Waitrose', 'time': datetime.datetime(2020, 9, 23, 21, 41, 32, 703279), 'category': 'Shampoo', 'id': 'tPp610920-86669-86670', 'prod_name': 'Sheer Blonde Go Blonder Shampoo', 'waitrose_Qty': '250ml', 'waitrose_discounted_price': '£6.00', 'waitrose_offer_desc': None, 'waitrose_url': 'https://www.waitrose.com/ecom/shop/browse/groceries/toiletries_health_and_beauty/hair_care/shampoo', 'waitrose_rating': '3.5', 'waitrose_unit_price': '(£2.40/100ml)', 'waitrose_new_flag': None, 'waitrose_prod_name': 'Sheer Blonde Go Blonder Shampoo 250ml', 'images': []}
DEBUG: Scraped from <200 https://www.waitrose.com/ecom/shop/browse/groceries/toiletries_health_and_beauty/hair_care/shampoo>
{'client': 'Waitrose', 'time': datetime.datetime(2020, 9, 23, 21, 41, 32, 703279), 'category': 'Shampoo', 'id': 'tPp464815-154487-154488', 'prod_name': 'Batiste original dry shampoo', 'waitrose_Qty': '200ml', 'waitrose_discounted_price': '£3.00', 'waitrose_offer_desc': None, 'waitrose_url': 'https://www.waitrose.com/ecom/shop/browse/groceries/toiletries_health_and_beauty/hair_care/shampoo', 'waitrose_rating': '5', 'waitrose_unit_price': '(£1.50/100ml)', 'waitrose_new_flag': None, 'waitrose_prod_name': 'Batiste original dry shampoo 200ml', 'images': []}
DEBUG: Scraped from <200 https://www.waitrose.com/ecom/shop/browse/groceries/toiletries_health_and_beauty/hair_care/shampoo>
{'client': 'Waitrose', 'time': datetime.datetime(2020, 9, 23, 21, 41, 32, 703279), 'category': 'Shampoo', 'id': 'tPp752186-631541-631542', 'prod_name': 'Ogx Coconut OIl Shampoo', 'waitrose_Qty': '385ml', 'waitrose_discounted_price': '£7.00', 'waitrose_offer_desc': 'Add 2 for £10', 'waitrose_url': 'https://www.waitrose.com/ecom/shop/browse/groceries/toiletries_health_and_beauty/hair_care/shampoo', 'waitrose_rating': None, 'waitrose_unit_price': '(£1.82/100ml)', 'waitrose_new_flag': None, 'waitrose_prod_name': 'Ogx Coconut OIl Shampoo 385ml', 'images': []}
DEBUG: Scraped from <200 https://www.waitrose.com/ecom/shop/browse/groceries/toiletries_health_and_beauty/hair_care/shampoo>
{'client': 'Waitrose', 'time': datetime.datetime(2020, 9, 23, 21, 41, 32, 703279), 'category': 'Shampoo', 'id': 'tPp735751-154731-154732', 'prod_name': 'Aussie aussome volume shampoo', 'waitrose_Qty': '500ml', 'waitrose_discounted_price': '£6.10', 'waitrose_offer_desc': 'Add 2 for £10', 'waitrose_url': 'https://www.waitrose.com/ecom/shop/browse/groceries/toiletries_health_and_beauty/hair_care/shampoo', 'waitrose_rating': None, 'waitrose_unit_price': '(£1.22/100ml)', 'waitrose_new_flag': None, 'waitrose_prod_name': 'Aussie aussome volume shampoo 500ml', 'images': []}
DEBUG: Scraped from <200 https://www.waitrose.com/ecom/shop/browse/groceries/toiletries_health_and_beauty/hair_care/shampoo>
{'client': 'Waitrose', 'time': datetime.datetime(2020, 9, 23, 21, 41, 32, 703279), 'category': 'Shampoo', 'id': 'tPp847454-724141-724142', 'prod_name': 'Faith in Nature Grapefruit Shampoo', 'waitrose_Qty': '400ml', 'waitrose_discounted_price': '£5.79', 'waitrose_offer_desc': '25% off Sept 23', 'waitrose_url': 'https://www.waitrose.com/ecom/shop/browse/groceries/toiletries_health_and_beauty/hair_care/shampoo', 'waitrose_rating': '5', 'waitrose_unit_price': '(£1.45/100ml)', 'waitrose_new_flag': None, 'waitrose_prod_name': 'Faith in Nature Grapefruit Shampoo 400ml', 'images': []}
DEBUG: Scraped from <200 https://www.waitrose.com/ecom/shop/browse/groceries/toiletries_health_and_beauty/hair_care/shampoo>
{'client': 'Waitrose', 'time': datetime.datetime(2020, 9, 23, 21, 41, 32, 703279), 'category': 'Shampoo', 'id': 'tPp725068-723986-723987', 'prod_name': 'Faith in Nature Lavender Shampoo', 'waitrose_Qty': '400ml', 'waitrose_discounted_price': '£5.79', 'waitrose_offer_desc': '25% off Sept 23', 'waitrose_url': 'https://www.waitrose.com/ecom/shop/browse/groceries/toiletries_health_and_beauty/hair_care/shampoo', 'waitrose_rating': None, 'waitrose_unit_price': '(£1.45/100ml)', 'waitrose_new_flag': None, 'waitrose_prod_name': 'Faith in Nature Lavender Shampoo 400ml', 'images': []}
DEBUG: Scraped from <200 https://www.waitrose.com/ecom/shop/browse/groceries/toiletries_health_and_beauty/hair_care/shampoo>
{'client': 'Waitrose', 'time': datetime.datetime(2020, 9, 23, 21, 41, 32, 703279), 'category': 'Shampoo', 'id': 'tPp586765-735804-735805', 'prod_name': "L'Oreal Elvive Restoring Shampoo", 'waitrose_Qty': '400ml', 'waitrose_discounted_price': '£2.50', 'waitrose_offer_desc': 'Save 1/3.', 'waitrose_url': 'https://www.waitrose.com/ecom/shop/browse/groceries/toiletries_health_and_beauty/hair_care/shampoo', 'waitrose_rating': None, 'waitrose_unit_price': '(62.5p/100ml)', 'waitrose_new_flag': 'NEW', 'waitrose_prod_name': "L'Oreal Elvive Restoring Shampoo 400ml", 'images': []}
DEBUG: Scraped from <200 https://www.waitrose.com/ecom/shop/browse/groceries/toiletries_health_and_beauty/hair_care/shampoo>
{'client': 'Waitrose', 'time': datetime.datetime(2020, 9, 23, 21, 41, 32, 703279), 'category': 'Shampoo', 'id': 'tPp480728-631267-631268', 'prod_name': 'Ogx Orchid Oil Shampoo', 'waitrose_Qty': '385ml', 'waitrose_discounted_price': '£7.00', 'waitrose_offer_desc': 'Add 2 for £10', 'waitrose_url': 'https://www.waitrose.com/ecom/shop/browse/groceries/toiletries_health_and_beauty/hair_care/shampoo', 'waitrose_rating': '5', 'waitrose_unit_price': '(£1.82/100ml)', 'waitrose_new_flag': None, 'waitrose_prod_name': 'Ogx Orchid Oil Shampoo 385ml', 'images': []}
DEBUG: Scraped from <200 https://www.waitrose.com/ecom/shop/browse/groceries/toiletries_health_and_beauty/hair_care/shampoo>
{'client': 'Waitrose', 'time': datetime.datetime(2020, 9, 23, 21, 41, 32, 703279), 'category': 'Shampoo', 'id': 'tPp889100-330444-330445', 'prod_name': 'AOrganic Rosemary Shampoo', 'waitrose_Qty': '325ml', 'waitrose_discounted_price': '£5.24', 'waitrose_offer_desc': '25% Off.', 'waitrose_url': 'https://www.waitrose.com/ecom/shop/browse/groceries/toiletries_health_and_beauty/hair_care/shampoo', 'waitrose_rating': '2.5', 'waitrose_unit_price': '(£1.62/100ml)', 'waitrose_new_flag': None, 'waitrose_prod_name': 'AOrganic Rosemary Shampoo 325ml', 'images': []}
DEBUG: Scraped from <200 https://www.waitrose.com/ecom/shop/browse/groceries/toiletries_health_and_beauty/hair_care/shampoo>
{'client': 'Waitrose', 'time': datetime.datetime(2020, 9, 23, 21, 41, 32, 703279), 'category': 'Shampoo', 'id': 'tPp662395-154665-154666', 'prod_name': 'Aussie colour mate shampoo', 'waitrose_Qty': '500ml', 'waitrose_discounted_price': '£6.15', 'waitrose_offer_desc': 'Add 2 for £10', 'waitrose_url': 'https://www.waitrose.com/ecom/shop/browse/groceries/toiletries_health_and_beauty/hair_care/shampoo', 'waitrose_rating': None, 'waitrose_unit_price': '(£1.23/100ml)', 'waitrose_new_flag': None, 'waitrose_prod_name': 'Aussie colour mate shampoo 500ml', 'images': []}
DEBUG: Scraped from <200 https://www.waitrose.com/ecom/shop/browse/groceries/toiletries_health_and_beauty/hair_care/shampoo>
{'client': 'Waitrose', 'time': datetime.datetime(2020, 9, 23, 21, 41, 32, 703279), 'category': 'Shampoo', 'id': 'tPp833802-337290-337291', 'prod_name': 'Aussie Miracle Moist Spray', 'waitrose_Qty': '250ml', 'waitrose_discounted_price': '£5.15', 'waitrose_offer_desc': None, 'waitrose_url': 'https://www.waitrose.com/ecom/shop/browse/groceries/toiletries_health_and_beauty/hair_care/shampoo', 'waitrose_rating': None, 'waitrose_unit_price': '(£2.06/100ml)', 'waitrose_new_flag': None, 'waitrose_prod_name': 'Aussie Miracle Moist Spray 250ml', 'images': []}
DEBUG: Scraped from <200 https://www.waitrose.com/ecom/shop/browse/groceries/toiletries_health_and_beauty/hair_care/shampoo>
{'client': 'Waitrose', 'time': datetime.datetime(2020, 9, 23, 21, 41, 32, 703279), 'category': 'Shampoo', 'id': 'tPp757780-107799-107800', 'prod_name': 'Head & Shoulders 2in1 Classic Clean', 'waitrose_Qty': '450ml', 'waitrose_discounted_price': '£5.15', 'waitrose_offer_desc': None, 'waitrose_url': 'https://www.waitrose.com/ecom/shop/browse/groceries/toiletries_health_and_beauty/hair_care/shampoo', 'waitrose_rating': '4', 'waitrose_unit_price': '(£1.15/100ml)', 'waitrose_new_flag': None, 'waitrose_prod_name': 'Head & Shoulders 2in1 Classic Clean 450ml', 'images': []}
DEBUG: Scraped from <200 https://www.waitrose.com/ecom/shop/browse/groceries/toiletries_health_and_beauty/hair_care/shampoo>
{'client': 'Waitrose', 'time': datetime.datetime(2020, 9, 23, 21, 41, 32, 703279), 'category': 'Shampoo', 'id': 'tPp582132-472091-472092', 'prod_name': 'Ogx Argan Oil Morocco Shampoo', 'waitrose_Qty': '385ml', 'waitrose_discounted_price': '£7.00', 'waitrose_offer_desc': 'Add 2 for £10', 'waitrose_url': 'https://www.waitrose.com/ecom/shop/browse/groceries/toiletries_health_and_beauty/hair_care/shampoo', 'waitrose_rating': '4', 'waitrose_unit_price': '(£1.82/100ml)', 'waitrose_new_flag': None, 'waitrose_prod_name': 'Ogx Argan Oil Morocco Shampoo 385ml', 'images': []}
DEBUG: Scraped from <200 https://www.waitrose.com/ecom/shop/browse/groceries/toiletries_health_and_beauty/hair_care/shampoo>
{'client': 'Waitrose', 'time': datetime.datetime(2020, 9, 23, 21, 41, 32, 703279), 'category': 'Shampoo', 'id': 'tPp494340-69860-69861', 'prod_name': "Neal's Yard Rose Shampoo", 'waitrose_Qty': '200ml', 'waitrose_discounted_price': '£11.50', 'waitrose_offer_desc': None, 'waitrose_url': 'https://www.waitrose.com/ecom/shop/browse/groceries/toiletries_health_and_beauty/hair_care/shampoo', 'waitrose_rating': '3.1', 'waitrose_unit_price': '(£5.75/100ml)', 'waitrose_new_flag': None, 'waitrose_prod_name': "Neal's Yard Rose Shampoo 200ml", 'images': []}
DEBUG: Scraped from <200 https://www.waitrose.com/ecom/shop/browse/groceries/toiletries_health_and_beauty/hair_care/shampoo>
{'client': 'Waitrose', 'time': datetime.datetime(2020, 9, 23, 21, 41, 32, 703279), 'category': 'Shampoo', 'id': 'tPp425124-59787-59788', 'prod_name': 'Brilliant Brunette Protecting Shampoo', 'waitrose_Qty': '250ml', 'waitrose_discounted_price': '£6.00', 'waitrose_offer_desc': None, 'waitrose_url': 'https://www.waitrose.com/ecom/shop/browse/groceries/toiletries_health_and_beauty/hair_care/shampoo', 'waitrose_rating': None, 'waitrose_unit_price': '(£2.40/100ml)', 'waitrose_new_flag': None, 'waitrose_prod_name': 'Brilliant Brunette Protecting Shampoo 250ml', 'images': []}
DEBUG: Scraped from <200 https://www.waitrose.com/ecom/shop/browse/groceries/toiletries_health_and_beauty/hair_care/shampoo>
{'client': 'Waitrose', 'time': datetime.datetime(2020, 9, 23, 21, 41, 32, 703279), 'category': 'Shampoo', 'id': 'tPp756229-563906-563907', 'prod_name': 'Head & Shoulders 2 in 1 Total Care', 'waitrose_Qty': '225ml', 'waitrose_discounted_price': '£3.00', 'waitrose_offer_desc': None, 'waitrose_url': 'https://www.waitrose.com/ecom/shop/browse/groceries/toiletries_health_and_beauty/hair_care/shampoo', 'waitrose_rating': None, 'waitrose_unit_price': '(£1.34/100ml)', 'waitrose_new_flag': None, 'waitrose_prod_name': 'Head & Shoulders 2 in 1 Total Care 225ml', 'images': []}
DEBUG: Scraped from <200 https://www.waitrose.com/ecom/shop/browse/groceries/toiletries_health_and_beauty/hair_care/shampoo>
{'client': 'Waitrose', 'time': datetime.datetime(2020, 9, 23, 21, 41, 32, 703279), 'category': 'Shampoo', 'id': 'tPp065299-33095-33096', 'prod_name': 'Frizz Ease Dream Curls Shampoo', 'waitrose_Qty': '250ml', 'waitrose_discounted_price': '£6.00', 'waitrose_offer_desc': None, 'waitrose_url': 'https://www.waitrose.com/ecom/shop/browse/groceries/toiletries_health_and_beauty/hair_care/shampoo', 'waitrose_rating': '5', 'waitrose_unit_price': '(£2.40/100ml)', 'waitrose_new_flag': None, 'waitrose_prod_name': 'Frizz Ease Dream Curls Shampoo 250ml', 'images': []}
DEBUG: Scraped from <200 https://www.waitrose.com/ecom/shop/browse/groceries/toiletries_health_and_beauty/hair_care/shampoo>
{'client': 'Waitrose', 'time': datetime.datetime(2020, 9, 23, 21, 41, 32, 703279), 'category': 'Shampoo', 'id': 'tPp425163-526469-526470', 'prod_name': 'Frizz Ease Shampoo Miraculous Recovery', 'waitrose_Qty': '250ml', 'waitrose_discounted_price': '£6.00', 'waitrose_offer_desc': None, 'waitrose_url': 'https://www.waitrose.com/ecom/shop/browse/groceries/toiletries_health_and_beauty/hair_care/shampoo', 'waitrose_rating': None, 'waitrose_unit_price': '(£2.40/100ml)', 'waitrose_new_flag': None, 'waitrose_prod_name': 'Frizz Ease Shampoo Miraculous Recovery 250ml', 'images': []}
DEBUG: Scraped from <200 https://www.waitrose.com/ecom/shop/browse/groceries/toiletries_health_and_beauty/hair_care/shampoo>
{'client': 'Waitrose', 'time': datetime.datetime(2020, 9, 23, 21, 41, 32, 703279), 'category': 'Shampoo', 'id': 'tPp853982-154925-154926', 'prod_name': 'Batiste blush dry shampoo', 'waitrose_Qty': '200ml', 'waitrose_discounted_price': '£3.00', 'waitrose_offer_desc': None, 'waitrose_url': 'https://www.waitrose.com/ecom/shop/browse/groceries/toiletries_health_and_beauty/hair_care/shampoo', 'waitrose_rating': '4', 'waitrose_unit_price': '(£1.50/100ml)', 'waitrose_new_flag': None, 'waitrose_prod_name': 'Batiste blush dry shampoo 200ml', 'images': []}
DEBUG: Scraped from <200 https://www.waitrose.com/ecom/shop/browse/groceries/toiletries_health_and_beauty/hair_care/shampoo>
{'client': 'Waitrose', 'time': datetime.datetime(2020, 9, 23, 21, 41, 32, 703279), 'category': 'Shampoo', 'id': 'tPp062495-31737-31738', 'prod_name': 'Neutrogena T/Gel shampoo dry hair', 'waitrose_Qty': '125ml', 'waitrose_discounted_price': '£5.15', 'waitrose_offer_desc': None, 'waitrose_url': 'https://www.waitrose.com/ecom/shop/browse/groceries/toiletries_health_and_beauty/hair_care/shampoo', 'waitrose_rating': None, 'waitrose_unit_price': '(£4.12/100ml)', 'waitrose_new_flag': None, 'waitrose_prod_name': 'Neutrogena T/Gel shampoo dry hair 125ml', 'images': []}
DEBUG: Scraped from <200 https://www.waitrose.com/ecom/shop/browse/groceries/toiletries_health_and_beauty/hair_care/shampoo>
{'client': 'Waitrose', 'time': datetime.datetime(2020, 9, 23, 21, 41, 32, 703279), 'category': 'Shampoo', 'id': 'tPp852396-695857-695858', 'prod_name': 'BECO. Honey Blossom Shampoo Bar', 'waitrose_Qty': '90g', 'waitrose_discounted_price': '£4.00', 'waitrose_offer_desc': None, 'waitrose_url': 'https://www.waitrose.com/ecom/shop/browse/groceries/toiletries_health_and_beauty/hair_care/shampoo', 'waitrose_rating': '4.9', 'waitrose_unit_price': '(£4.45/100g)', 'waitrose_new_flag': None, 'waitrose_prod_name': 'BECO. Honey Blossom Shampoo Bar 90g', 'images': []}
DEBUG: Scraped from <200 https://www.waitrose.com/ecom/shop/browse/groceries/toiletries_health_and_beauty/hair_care/shampoo>
{'client': 'Waitrose', 'time': datetime.datetime(2020, 9, 23, 21, 41, 32, 703279), 'category': 'Shampoo', 'id': 'tPp882824-154983-154984', 'prod_name': 'Head & Shoulders itchy scalp shampoo', 'waitrose_Qty': '500ml', 'waitrose_discounted_price': '£5.15', 'waitrose_offer_desc': None, 'waitrose_url': 'https://www.waitrose.com/ecom/shop/browse/groceries/toiletries_health_and_beauty/hair_care/shampoo', 'waitrose_rating': '5', 'waitrose_unit_price': '(£1.03/100ml)', 'waitrose_new_flag': None, 'waitrose_prod_name': 'Head & Shoulders itchy scalp shampoo 500ml', 'images': []}
DEBUG: Scraped from <200 https://www.waitrose.com/ecom/shop/browse/groceries/toiletries_health_and_beauty/hair_care/shampoo>
{'client': 'Waitrose', 'time': datetime.datetime(2020, 9, 23, 21, 41, 32, 703279), 'category': 'Shampoo', 'id': 'tPp502437-720153-720154', 'prod_name': 'Aussie Calm The Frizz Shampoo', 'waitrose_Qty': '300ml', 'waitrose_discounted_price': '£4.00', 'waitrose_offer_desc': None, 'waitrose_url': 'https://www.waitrose.com/ecom/shop/browse/groceries/toiletries_health_and_beauty/hair_care/shampoo', 'waitrose_rating': None, 'waitrose_unit_price': '(£1.34/100ml)', 'waitrose_new_flag': None, 'waitrose_prod_name': 'Aussie Calm The Frizz Shampoo 300ml', 'images': []}
DEBUG: Scraped from <200 https://www.waitrose.com/ecom/shop/browse/groceries/toiletries_health_and_beauty/hair_care/shampoo>
{'client': 'Waitrose', 'time': datetime.datetime(2020, 9, 23, 21, 41, 32, 703279), 'category': 'Shampoo', 'id': 'tPp755186-495024-495025', 'prod_name': 'DGJ Colour Save Shampoo', 'waitrose_Qty': '250ml', 'waitrose_discounted_price': '£5.00', 'waitrose_offer_desc': None, 'waitrose_url': 'https://www.waitrose.com/ecom/shop/browse/groceries/toiletries_health_and_beauty/hair_care/shampoo', 'waitrose_rating': None, 'waitrose_unit_price': '(£2/100ml)', 'waitrose_new_flag': None, 'waitrose_prod_name': 'DGJ Colour Save Shampoo 250ml', 'images': []}
DEBUG: Scraped from <200 https://www.waitrose.com/ecom/shop/browse/groceries/toiletries_health_and_beauty/hair_care/shampoo>
{'client': 'Waitrose', 'time': datetime.datetime(2020, 9, 23, 21, 41, 32, 703279), 'category': 'Shampoo', 'id': 'tPp868154-695990-695991', 'prod_name': 'Hair Biology Purple Shampoo', 'waitrose_Qty': '250ml', 'waitrose_discounted_price': '£3.00', 'waitrose_offer_desc': 'Save 1/3.', 'waitrose_url': 'https://www.waitrose.com/ecom/shop/browse/groceries/toiletries_health_and_beauty/hair_care/shampoo', 'waitrose_rating': None, 'waitrose_unit_price': '(£1.20/100ml)', 'waitrose_new_flag': None, 'waitrose_prod_name': 'Hair Biology Purple Shampoo 250ml', 'images': []}
DEBUG: Scraped from <200 https://www.waitrose.com/ecom/shop/browse/groceries/toiletries_health_and_beauty/hair_care/shampoo>
{'client': 'Waitrose', 'time': datetime.datetime(2020, 9, 23, 21, 41, 32, 703279), 'category': 'Shampoo', 'id': 'tPp407272-440973-440974', 'prod_name': 'Richard Ward Chelsea Cleanse & Condition', 'waitrose_Qty': '250ml', 'waitrose_discounted_price': '£3.00', 'waitrose_offer_desc': 'Half Price.', 'waitrose_url': 'https://www.waitrose.com/ecom/shop/browse/groceries/toiletries_health_and_beauty/hair_care/shampoo', 'waitrose_rating': '3.9', 'waitrose_unit_price': '(£1.20/100ml)', 'waitrose_new_flag': None, 'waitrose_prod_name': 'Richard Ward Chelsea Cleanse & Condition 250ml', 'images': []}
DEBUG: Scraped from <200 https://www.waitrose.com/ecom/shop/browse/groceries/toiletries_health_and_beauty/hair_care/shampoo>
{'client': 'Waitrose', 'time': datetime.datetime(2020, 9, 23, 21, 41, 32, 703279), 'category': 'Shampoo', 'id': 'tPp721134-337091-337092', 'prod_name': 'Aussie miracle shine shampoo', 'waitrose_Qty': '500ml', 'waitrose_discounted_price': '£6.00', 'waitrose_offer_desc': 'Add 2 for £10', 'waitrose_url': 'https://www.waitrose.com/ecom/shop/browse/groceries/toiletries_health_and_beauty/hair_care/shampoo', 'waitrose_rating': None, 'waitrose_unit_price': '(£1.20/100ml)', 'waitrose_new_flag': None, 'waitrose_prod_name': 'Aussie miracle shine shampoo 500ml', 'images': []}
DEBUG: Scraped from <200 https://www.waitrose.com/ecom/shop/browse/groceries/toiletries_health_and_beauty/hair_care/shampoo>
{'client': 'Waitrose', 'time': datetime.datetime(2020, 9, 23, 21, 41, 32, 703279), 'category': 'Shampoo', 'id': 'tPp414862-695397-695398', 'prod_name': 'Noughty Wave Hello Shampoo', 'waitrose_Qty': '250ml', 'waitrose_discounted_price': '£7.00', 'waitrose_offer_desc': None, 'waitrose_url': 'https://www.waitrose.com/ecom/shop/browse/groceries/toiletries_health_and_beauty/hair_care/shampoo', 'waitrose_rating': None, 'waitrose_unit_price': '(£2.80/100ml)', 'waitrose_new_flag': None, 'waitrose_prod_name': 'Noughty Wave Hello Shampoo 250ml', 'images': []}
DEBUG: Scraped from <200 https://www.waitrose.com/ecom/shop/browse/groceries/toiletries_health_and_beauty/hair_care/shampoo>
{'client': 'Waitrose', 'time': datetime.datetime(2020, 9, 23, 21, 41, 32, 703279), 'category': 'Shampoo', 'id': 'tPp745828-495012-495013', 'prod_name': 'DGJ Kids Lice Repel Shampoo', 'waitrose_Qty': '250ml', 'waitrose_discounted_price': '£3.50', 'waitrose_offer_desc': None, 'waitrose_url': 'https://www.waitrose.com/ecom/shop/browse/groceries/toiletries_health_and_beauty/hair_care/shampoo', 'waitrose_rating': None, 'waitrose_unit_price': '(£1.40/100ml)', 'waitrose_new_flag': None, 'waitrose_prod_name': 'DGJ Kids Lice Repel Shampoo 250ml', 'images': []}
DEBUG: Scraped from <200 https://www.waitrose.com/ecom/shop/browse/groceries/toiletries_health_and_beauty/hair_care/shampoo>
{'client': 'Waitrose', 'time': datetime.datetime(2020, 9, 23, 21, 41, 32, 703279), 'category': 'Shampoo', 'id': 'tPp836753-694201-694202', 'prod_name': 'Pantene Volume & Body Shampoo', 'waitrose_Qty': '500ml', 'waitrose_discounted_price': '£5.15', 'waitrose_offer_desc': None, 'waitrose_url': 'https://www.waitrose.com/ecom/shop/browse/groceries/toiletries_health_and_beauty/hair_care/shampoo', 'waitrose_rating': '4', 'waitrose_unit_price': '(£1.03/100ml)', 'waitrose_new_flag': None, 'waitrose_prod_name': 'Pantene Volume & Body Shampoo 500ml', 'images': []}
DEBUG: Scraped from <200 https://www.waitrose.com/ecom/shop/browse/groceries/toiletries_health_and_beauty/hair_care/shampoo>
{'client': 'Waitrose', 'time': datetime.datetime(2020, 9, 23, 21, 41, 32, 703279), 'category': 'Shampoo', 'id': 'tPp432893-216691-216692', 'prod_name': 'Head & Shoulders Shampoo Apple Fresh', 'waitrose_Qty': '500ml', 'waitrose_discounted_price': '£5.15', 'waitrose_offer_desc': None, 'waitrose_url': 'https://www.waitrose.com/ecom/shop/browse/groceries/toiletries_health_and_beauty/hair_care/shampoo', 'waitrose_rating': None, 'waitrose_unit_price': '(£1.03/100ml)', 'waitrose_new_flag': None, 'waitrose_prod_name': 'Head & Shoulders Shampoo Apple Fresh 500ml', 'images': []}
DEBUG: Scraped from <200 https://www.waitrose.com/ecom/shop/browse/groceries/toiletries_health_and_beauty/hair_care/shampoo>
{'client': 'Waitrose', 'time': datetime.datetime(2020, 9, 23, 21, 41, 32, 703279), 'category': 'Shampoo', 'id': 'tPp567481-719558-719559', 'prod_name': 'Fit Kit Gentle Shampoo &Conditioner', 'waitrose_Qty': '200ml', 'waitrose_discounted_price': '£4.00', 'waitrose_offer_desc': 'Add 2 for £5', 'waitrose_url': 'https://www.waitrose.com/ecom/shop/browse/groceries/toiletries_health_and_beauty/hair_care/shampoo', 'waitrose_rating': '5', 'waitrose_unit_price': '(£2/100ml)', 'waitrose_new_flag': None, 'waitrose_prod_name': 'Fit Kit Gentle Shampoo &Conditioner 200ml', 'images': []}
DEBUG: Scraped from <200 https://www.waitrose.com/ecom/shop/browse/groceries/toiletries_health_and_beauty/hair_care/shampoo>
{'client': 'Waitrose', 'time': datetime.datetime(2020, 9, 23, 21, 41, 32, 703279), 'category': 'Shampoo', 'id': 'tPp583946-82773-82774', 'prod_name': "Neal's Yard Lavender Shampoo", 'waitrose_Qty': '200ml', 'waitrose_discounted_price': '£11.50', 'waitrose_offer_desc': None, 'waitrose_url': 'https://www.waitrose.com/ecom/shop/browse/groceries/toiletries_health_and_beauty/hair_care/shampoo', 'waitrose_rating': '2.3', 'waitrose_unit_price': '(£5.75/100ml)', 'waitrose_new_flag': None, 'waitrose_prod_name': "Neal's Yard Lavender Shampoo 200ml", 'images': []}
DEBUG: Scraped from <200 https://www.waitrose.com/ecom/shop/browse/groceries/toiletries_health_and_beauty/hair_care/shampoo>
{'client': 'Waitrose', 'time': datetime.datetime(2020, 9, 23, 21, 41, 32, 703279), 'category': 'Shampoo', 'id': 'tPp821139-694191-694192', 'prod_name': 'Pantene Smooth & Sleek Shampoo', 'waitrose_Qty': '500ml', 'waitrose_discounted_price': '£5.15', 'waitrose_offer_desc': None, 'waitrose_url': 'https://www.waitrose.com/ecom/shop/browse/groceries/toiletries_health_and_beauty/hair_care/shampoo', 'waitrose_rating': None, 'waitrose_unit_price': '(£1.03/100ml)', 'waitrose_new_flag': None, 'waitrose_prod_name': 'Pantene Smooth & Sleek Shampoo 500ml', 'images': []}
DEBUG: Scraped from <200 https://www.waitrose.com/ecom/shop/browse/groceries/toiletries_health_and_beauty/hair_care/shampoo>
{'client': 'Waitrose', 'time': datetime.datetime(2020, 9, 23, 21, 41, 32, 703279), 'category': 'Shampoo', 'id': 'tPp855732-695986-695987', 'prod_name': 'Hair Biology De-Frizz Shampoo', 'waitrose_Qty': '250ml', 'waitrose_discounted_price': '£3.00', 'waitrose_offer_desc': 'Save 1/3.', 'waitrose_url': 'https://www.waitrose.com/ecom/shop/browse/groceries/toiletries_health_and_beauty/hair_care/shampoo', 'waitrose_rating': None, 'waitrose_unit_price': '(£1.20/100ml)', 'waitrose_new_flag': None, 'waitrose_prod_name': 'Hair Biology De-Frizz Shampoo 250ml', 'images': []}
DEBUG: Scraped from <200 https://www.waitrose.com/ecom/shop/browse/groceries/toiletries_health_and_beauty/hair_care/shampoo>
{'client': 'Waitrose', 'time': datetime.datetime(2020, 9, 23, 21, 41, 32, 703279), 'category': 'Shampoo', 'id': 'tPp401660-588303-588304', 'prod_name': 'Richard Ward Brunette Shampoo', 'waitrose_Qty': '250ml', 'waitrose_discounted_price': '£3.00', 'waitrose_offer_desc': 'Half Price.', 'waitrose_url': 'https://www.waitrose.com/ecom/shop/browse/groceries/toiletries_health_and_beauty/hair_care/shampoo', 'waitrose_rating': '5', 'waitrose_unit_price': '(£1.20/100ml)', 'waitrose_new_flag': None, 'waitrose_prod_name': 'Richard Ward Brunette Shampoo 250ml', 'images': []}
DEBUG: Scraped from <200 https://www.waitrose.com/ecom/shop/browse/groceries/toiletries_health_and_beauty/hair_care/shampoo>
{'client': 'Waitrose', 'time': datetime.datetime(2020, 9, 23, 21, 41, 32, 703279), 'category': 'Shampoo', 'id': 'tPp778297-720309-720310', 'prod_name': 'Pantene Grow Strong Shampoo', 'waitrose_Qty': '400ml', 'waitrose_discounted_price': '£3.75', 'waitrose_offer_desc': None, 'waitrose_url': 'https://www.waitrose.com/ecom/shop/browse/groceries/toiletries_health_and_beauty/hair_care/shampoo', 'waitrose_rating': None, 'waitrose_unit_price': '(93.8p/100ml)', 'waitrose_new_flag': None, 'waitrose_prod_name': 'Pantene Grow Strong Shampoo 400ml', 'images': []}
DEBUG: Scraped from <200 https://www.waitrose.com/ecom/shop/browse/groceries/toiletries_health_and_beauty/hair_care/shampoo>
{'client': 'Waitrose', 'time': datetime.datetime(2020, 9, 23, 21, 41, 32, 703279), 'category': 'Shampoo', 'id': 'tPp402915-526384-526385', 'prod_name': 'John Frieda Violet Crush Shampoo', 'waitrose_Qty': '250ml', 'waitrose_discounted_price': '£6.00', 'waitrose_offer_desc': None, 'waitrose_url': 'https://www.waitrose.com/ecom/shop/browse/groceries/toiletries_health_and_beauty/hair_care/shampoo', 'waitrose_rating': '5', 'waitrose_unit_price': '(£2.40/100ml)', 'waitrose_new_flag': None, 'waitrose_prod_name': 'John Frieda Violet Crush Shampoo 250ml', 'images': []}
DEBUG: Scraped from <200 https://www.waitrose.com/ecom/shop/browse/groceries/toiletries_health_and_beauty/hair_care/shampoo>
{'client': 'Waitrose', 'time': datetime.datetime(2020, 9, 23, 21, 41, 32, 703279), 'category': 'Shampoo', 'id': 'tPp867514-720387-720388', 'prod_name': 'Head & Shoulders Coconut Shampoo', 'waitrose_Qty': '500ml', 'waitrose_discounted_price': '£5.00', 'waitrose_offer_desc': None, 'waitrose_url': 'https://www.waitrose.com/ecom/shop/browse/groceries/toiletries_health_and_beauty/hair_care/shampoo', 'waitrose_rating': None, 'waitrose_unit_price': '(£1/100ml)', 'waitrose_new_flag': None, 'waitrose_prod_name': 'Head & Shoulders Coconut Shampoo 500ml', 'images': []}
DEBUG: Scraped from <200 https://www.waitrose.com/ecom/shop/browse/groceries/toiletries_health_and_beauty/hair_care/shampoo>
{'client': 'Waitrose', 'time': datetime.datetime(2020, 9, 23, 21, 41, 32, 703279), 'category': 'Shampoo', 'id': 'tPp581617-694173-694174', 'prod_name': 'Pantene Colour Protect Shampoo', 'waitrose_Qty': '500ml', 'waitrose_discounted_price': '£5.15', 'waitrose_offer_desc': None, 'waitrose_url': 'https://www.waitrose.com/ecom/shop/browse/groceries/toiletries_health_and_beauty/hair_care/shampoo', 'waitrose_rating': None, 'waitrose_unit_price': '(£1.03/100ml)', 'waitrose_new_flag': None, 'waitrose_prod_name': 'Pantene Colour Protect Shampoo 500ml', 'images': []}
DEBUG: Scraped from <200 https://www.waitrose.com/ecom/shop/browse/groceries/toiletries_health_and_beauty/hair_care/shampoo>
{'client': 'Waitrose', 'time': datetime.datetime(2020, 9, 23, 21, 41, 32, 703279), 'category': 'Shampoo', 'id': 'tPp645178-695617-695618', 'prod_name': 'John Frieda Shampoo Weightless Wonder', 'waitrose_Qty': '250ml', 'waitrose_discounted_price': '£6.00', 'waitrose_offer_desc': None, 'waitrose_url': 'https://www.waitrose.com/ecom/shop/browse/groceries/toiletries_health_and_beauty/hair_care/shampoo', 'waitrose_rating': '4.6', 'waitrose_unit_price': '(£2.40/100ml)', 'waitrose_new_flag': None, 'waitrose_prod_name': 'John Frieda Shampoo Weightless Wonder 250ml', 'images': []}
DEBUG: Scraped from <200 https://www.waitrose.com/ecom/shop/browse/groceries/toiletries_health_and_beauty/hair_care/shampoo>
{'client': 'Waitrose', 'time': datetime.datetime(2020, 9, 23, 21, 41, 32, 703279), 'category': 'Shampoo', 'id': 'tPp790782-694215-694216', 'prod_name': 'Pantene 3in1 Smooth & Sleek', 'waitrose_Qty': '450ml', 'waitrose_discounted_price': '£3.75', 'waitrose_offer_desc': None, 'waitrose_url': 'https://www.waitrose.com/ecom/shop/browse/groceries/toiletries_health_and_beauty/hair_care/shampoo', 'waitrose_rating': None, 'waitrose_unit_price': '(83.3p/100ml)', 'waitrose_new_flag': None, 'waitrose_prod_name': 'Pantene 3in1 Smooth & Sleek 450ml', 'images': []}
DEBUG: Scraped from <200 https://www.waitrose.com/ecom/shop/browse/groceries/toiletries_health_and_beauty/hair_care/shampoo>
{'client': 'Waitrose', 'time': datetime.datetime(2020, 9, 23, 21, 41, 32, 703279), 'category': 'Shampoo', 'id': 'tPp502050-631293-631294', 'prod_name': 'Hask Argan Oil Repairing Shampoo', 'waitrose_Qty': '355ml', 'waitrose_discounted_price': '£7.00', 'waitrose_offer_desc': None, 'waitrose_url': 'https://www.waitrose.com/ecom/shop/browse/groceries/toiletries_health_and_beauty/hair_care/shampoo', 'waitrose_rating': '4', 'waitrose_unit_price': '(£1.98/100ml)', 'waitrose_new_flag': None, 'waitrose_prod_name': 'Hask Argan Oil Repairing Shampoo 355ml', 'images': []}
DEBUG: Scraped from <200 https://www.waitrose.com/ecom/shop/browse/groceries/toiletries_health_and_beauty/hair_care/shampoo>
{'client': 'Waitrose', 'time': datetime.datetime(2020, 9, 23, 21, 41, 32, 703279), 'category': 'Shampoo', 'id': 'tPp714629-729752-729753', 'prod_name': 'OGX Keratin Oil Shampoo', 'waitrose_Qty': '385ml', 'waitrose_discounted_price': '£7.00', 'waitrose_offer_desc': 'Add 2 for £10', 'waitrose_url': 'https://www.waitrose.com/ecom/shop/browse/groceries/toiletries_health_and_beauty/hair_care/shampoo', 'waitrose_rating': None, 'waitrose_unit_price': '(£1.82/100ml)', 'waitrose_new_flag': None, 'waitrose_prod_name': 'OGX Keratin Oil Shampoo 385ml', 'images': []}
DEBUG: Scraped from <200 https://www.waitrose.com/ecom/shop/browse/groceries/toiletries_health_and_beauty/hair_care/shampoo>
{'client': 'Waitrose', 'time': datetime.datetime(2020, 9, 23, 21, 41, 32, 703279), 'category': 'Shampoo', 'id': 'tPp051100-25409-25410', 'prod_name': 'Sheer Blonde Moisturising Shampoo', 'waitrose_Qty': '250ml', 'waitrose_discounted_price': '£6.00', 'waitrose_offer_desc': None, 'waitrose_url': 'https://www.waitrose.com/ecom/shop/browse/groceries/toiletries_health_and_beauty/hair_care/shampoo', 'waitrose_rating': '3', 'waitrose_unit_price': '(£2.40/100ml)', 'waitrose_new_flag': None, 'waitrose_prod_name': 'Sheer Blonde Moisturising Shampoo 250ml', 'images': []}
DEBUG: Scraped from <200 https://www.waitrose.com/ecom/shop/browse/groceries/toiletries_health_and_beauty/hair_care/shampoo>
{'client': 'Waitrose', 'time': datetime.datetime(2020, 9, 23, 21, 41, 32, 703279), 'category': 'Shampoo', 'id': 'tPp032765-16025-16026', 'prod_name': "L'Oréal kids shampoo berry strawberry", 'waitrose_Qty': '250ml', 'waitrose_discounted_price': '£2.00', 'waitrose_offer_desc': None, 'waitrose_url': 'https://www.waitrose.com/ecom/shop/browse/groceries/toiletries_health_and_beauty/hair_care/shampoo', 'waitrose_rating': None, 'waitrose_unit_price': '(80p/100ml)', 'waitrose_new_flag': None, 'waitrose_prod_name': "L'Oréal kids shampoo berry strawberry 250ml", 'images': []}
DEBUG: Scraped from <200 https://www.waitrose.com/ecom/shop/browse/groceries/toiletries_health_and_beauty/hair_care/shampoo>
{'client': 'Waitrose', 'time': datetime.datetime(2020, 9, 23, 21, 41, 32, 703279), 'category': 'Shampoo', 'id': 'tPp453160-695433-695434', 'prod_name': 'Argan+ Long & Strong Shampoo', 'waitrose_Qty': '300ml', 'waitrose_discounted_price': '£6.00', 'waitrose_offer_desc': 'Add 2 for £8', 'waitrose_url': 'https://www.waitrose.com/ecom/shop/browse/groceries/toiletries_health_and_beauty/hair_care/shampoo', 'waitrose_rating': None, 'waitrose_unit_price': '(£2/100ml)', 'waitrose_new_flag': None, 'waitrose_prod_name': 'Argan+ Long & Strong Shampoo 300ml', 'images': []}
DEBUG: Scraped from <200 https://www.waitrose.com/ecom/shop/browse/groceries/toiletries_health_and_beauty/hair_care/shampoo>
{'client': 'Waitrose', 'time': datetime.datetime(2020, 9, 23, 21, 41, 32, 703279), 'category': 'Shampoo', 'id': 'tPp567427-683666-683667', 'prod_name': 'Ogx Charcoal Detox Shampoo', 'waitrose_Qty': '385ml', 'waitrose_discounted_price': '£7.00', 'waitrose_offer_desc': 'Add 2 for £10', 'waitrose_url': 'https://www.waitrose.com/ecom/shop/browse/groceries/toiletries_health_and_beauty/hair_care/shampoo', 'waitrose_rating': None, 'waitrose_unit_price': '(£1.82/100ml)', 'waitrose_new_flag': None, 'waitrose_prod_name': 'Ogx Charcoal Detox Shampoo 385ml', 'images': []}
DEBUG: Scraped from <200 https://www.waitrose.com/ecom/shop/browse/groceries/toiletries_health_and_beauty/hair_care/shampoo>
{'client': 'Waitrose', 'time': datetime.datetime(2020, 9, 23, 21, 41, 32, 703279), 'category': 'Shampoo', 'id': 'tPp809690-337194-337195', 'prod_name': 'Head & Shoulders 2in1 Itchy Scalp', 'waitrose_Qty': '450ml', 'waitrose_discounted_price': '£5.15', 'waitrose_offer_desc': None, 'waitrose_url': 'https://www.waitrose.com/ecom/shop/browse/groceries/toiletries_health_and_beauty/hair_care/shampoo', 'waitrose_rating': '5', 'waitrose_unit_price': '(£1.15/100ml)', 'waitrose_new_flag': None, 'waitrose_prod_name': 'Head & Shoulders 2in1 Itchy Scalp 450ml', 'images': []}
DEBUG: Scraped from <200 https://www.waitrose.com/ecom/shop/browse/groceries/toiletries_health_and_beauty/hair_care/shampoo>
{'client': 'Waitrose', 'time': datetime.datetime(2020, 9, 23, 21, 41, 32, 703279), 'category': 'Shampoo', 'id': 'tPp626001-88825-88826', 'prod_name': 'Head & Shoulders Shampoo Citrus Fresh', 'waitrose_Qty': '500ml', 'waitrose_discounted_price': '£5.15', 'waitrose_offer_desc': None, 'waitrose_url': 'https://www.waitrose.com/ecom/shop/browse/groceries/toiletries_health_and_beauty/hair_care/shampoo', 'waitrose_rating': None, 'waitrose_unit_price': '(£1.03/100ml)', 'waitrose_new_flag': None, 'waitrose_prod_name': 'Head & Shoulders Shampoo Citrus Fresh 500ml', 'images': []}
DEBUG: Scraped from <200 https://www.waitrose.com/ecom/shop/browse/groceries/toiletries_health_and_beauty/hair_care/shampoo>
{'client': 'Waitrose', 'time': datetime.datetime(2020, 9, 23, 21, 41, 32, 703279), 'category': 'Shampoo', 'id': 'tPp492466-631281-631282', 'prod_name': 'Hask Keratin Protein Smoothing Shampoo', 'waitrose_Qty': '355ml', 'waitrose_discounted_price': '£7.00', 'waitrose_offer_desc': None, 'waitrose_url': 'https://www.waitrose.com/ecom/shop/browse/groceries/toiletries_health_and_beauty/hair_care/shampoo', 'waitrose_rating': None, 'waitrose_unit_price': '(£1.98/100ml)', 'waitrose_new_flag': None, 'waitrose_prod_name': 'Hask Keratin Protein Smoothing Shampoo 355ml', 'images': []}
DEBUG: Scraped from <200 https://www.waitrose.com/ecom/shop/browse/groceries/toiletries_health_and_beauty/hair_care/shampoo>
{'client': 'Waitrose', 'time': datetime.datetime(2020, 9, 23, 21, 41, 32, 703279), 'category': 'Shampoo', 'id': 'tPp530991-695493-695494', 'prod_name': 'John Frieda Shampoo Detox & Repair', 'waitrose_Qty': '250ml', 'waitrose_discounted_price': '£6.00', 'waitrose_offer_desc': None, 'waitrose_url': 'https://www.waitrose.com/ecom/shop/browse/groceries/toiletries_health_and_beauty/hair_care/shampoo', 'waitrose_rating': None, 'waitrose_unit_price': '(£2.40/100ml)', 'waitrose_new_flag': None, 'waitrose_prod_name': 'John Frieda Shampoo Detox & Repair 250ml', 'images': []}
DEBUG: Scraped from <200 https://www.waitrose.com/ecom/shop/browse/groceries/toiletries_health_and_beauty/hair_care/shampoo>
{'client': 'Waitrose', 'time': datetime.datetime(2020, 9, 23, 21, 41, 32, 703279), 'category': 'Shampoo', 'id': 'tPp724972-694185-694186', 'prod_name': 'Pantene 3in1 Repair & Protect', 'waitrose_Qty': '450ml', 'waitrose_discounted_price': '£3.75', 'waitrose_offer_desc': None, 'waitrose_url': 'https://www.waitrose.com/ecom/shop/browse/groceries/toiletries_health_and_beauty/hair_care/shampoo', 'waitrose_rating': None, 'waitrose_unit_price': '(83.3p/100ml)', 'waitrose_new_flag': None, 'waitrose_prod_name': 'Pantene 3in1 Repair & Protect 450ml', 'images': []}
DEBUG: Scraped from <200 https://www.waitrose.com/ecom/shop/browse/groceries/toiletries_health_and_beauty/hair_care/shampoo>
{'client': 'Waitrose', 'time': datetime.datetime(2020, 9, 23, 21, 41, 32, 703279), 'category': 'Shampoo', 'id': 'tPp567431-729696-729697', 'prod_name': 'Batiste Dry Shampoo for Blondes', 'waitrose_Qty': '200ml', 'waitrose_discounted_price': '£4.00', 'waitrose_offer_desc': None, 'waitrose_url': 'https://www.waitrose.com/ecom/shop/browse/groceries/toiletries_health_and_beauty/hair_care/shampoo', 'waitrose_rating': None, 'waitrose_unit_price': '(£2/100ml)', 'waitrose_new_flag': None, 'waitrose_prod_name': 'Batiste Dry Shampoo for Blondes 200ml', 'images': []}
DEBUG: Scraped from <200 https://www.waitrose.com/ecom/shop/browse/groceries/toiletries_health_and_beauty/hair_care/shampoo>
{'client': 'Waitrose', 'time': datetime.datetime(2020, 9, 23, 21, 41, 32, 703279), 'category': 'Shampoo', 'id': 'tPp426973-298983-298984', 'prod_name': 'Head & Shoulders 2in1 Apple Fresh', 'waitrose_Qty': '450ml', 'waitrose_discounted_price': '£5.00', 'waitrose_offer_desc': None, 'waitrose_url': 'https://www.waitrose.com/ecom/shop/browse/groceries/toiletries_health_and_beauty/hair_care/shampoo', 'waitrose_rating': None, 'waitrose_unit_price': '(£1.12/100ml)', 'waitrose_new_flag': None, 'waitrose_prod_name': 'Head & Shoulders 2in1 Apple Fresh 450ml', 'images': []}
DEBUG: Scraped from <200 https://www.waitrose.com/ecom/shop/browse/groceries/toiletries_health_and_beauty/hair_care/shampoo>
{'client': 'Waitrose', 'time': datetime.datetime(2020, 9, 23, 21, 41, 32, 703279), 'category': 'Shampoo', 'id': 'tPp863078-695988-695989', 'prod_name': 'Pantene Hair Biology Full & Vibrant', 'waitrose_Qty': '250ml', 'waitrose_discounted_price': '£3.00', 'waitrose_offer_desc': 'Save 1/3.', 'waitrose_url': 'https://www.waitrose.com/ecom/shop/browse/groceries/toiletries_health_and_beauty/hair_care/shampoo', 'waitrose_rating': None, 'waitrose_unit_price': '(£1.20/100ml)', 'waitrose_new_flag': None, 'waitrose_prod_name': 'Pantene Hair Biology Full & Vibrant 250ml', 'images': []}
DEBUG: Scraped from <200 https://www.waitrose.com/ecom/shop/browse/groceries/toiletries_health_and_beauty/hair_care/shampoo>
{'client': 'Waitrose', 'time': datetime.datetime(2020, 9, 23, 21, 41, 32, 703279), 'category': 'Shampoo', 'id': 'tPp803275-329016-329017', 'prod_name': 'AOrganic Peppermint Shampoo', 'waitrose_Qty': '325ml', 'waitrose_discounted_price': '£5.24', 'waitrose_offer_desc': '25% Off.', 'waitrose_url': 'https://www.waitrose.com/ecom/shop/browse/groceries/toiletries_health_and_beauty/hair_care/shampoo', 'waitrose_rating': '4', 'waitrose_unit_price': '(£1.62/100ml)', 'waitrose_new_flag': None, 'waitrose_prod_name': 'AOrganic Peppermint Shampoo 325ml', 'images': []}
DEBUG: Scraped from <200 https://www.waitrose.com/ecom/shop/browse/groceries/toiletries_health_and_beauty/hair_care/shampoo>
{'client': 'Waitrose', 'time': datetime.datetime(2020, 9, 23, 21, 41, 32, 703279), 'category': 'Shampoo', 'id': 'tPp820157-724089-724090', 'prod_name': 'Eco Warrior Shampoo Bar', 'waitrose_Qty': '100g', 'waitrose_discounted_price': '£4.50', 'waitrose_offer_desc': None, 'waitrose_url': 'https://www.waitrose.com/ecom/shop/browse/groceries/toiletries_health_and_beauty/hair_care/shampoo', 'waitrose_rating': None, 'waitrose_unit_price': '(£4.50/100g)', 'waitrose_new_flag': None, 'waitrose_prod_name': 'Eco Warrior Shampoo Bar 100g', 'images': []}
DEBUG: Scraped from <200 https://www.waitrose.com/ecom/shop/browse/groceries/toiletries_health_and_beauty/hair_care/shampoo>
{'client': 'Waitrose', 'time': datetime.datetime(2020, 9, 23, 21, 41, 32, 703279), 'category': 'Shampoo', 'id': 'tPp884562-720413-720414', 'prod_name': 'Maui Moisture Shea Butter Shampoo', 'waitrose_Qty': '385ml', 'waitrose_discounted_price': '£9.00', 'waitrose_offer_desc': None, 'waitrose_url': 'https://www.waitrose.com/ecom/shop/browse/groceries/toiletries_health_and_beauty/hair_care/shampoo', 'waitrose_rating': None, 'waitrose_unit_price': '(£2.34/100ml)', 'waitrose_new_flag': None, 'waitrose_prod_name': 'Maui Moisture Shea Butter Shampoo 385ml', 'images': []}
DEBUG: Scraped from <200 https://www.waitrose.com/ecom/shop/browse/groceries/toiletries_health_and_beauty/hair_care/shampoo>
{'client': 'Waitrose', 'time': datetime.datetime(2020, 9, 23, 21, 41, 32, 703279), 'category': 'Shampoo', 'id': 'tPp554742-695503-695504', 'prod_name': 'Umberto Giannini Violet Shampoo', 'waitrose_Qty': '250ml', 'waitrose_discounted_price': '£8.00', 'waitrose_offer_desc': None, 'waitrose_url': 'https://www.waitrose.com/ecom/shop/browse/groceries/toiletries_health_and_beauty/hair_care/shampoo', 'waitrose_rating': None, 'waitrose_unit_price': '(£3.20/100ml)', 'waitrose_new_flag': None, 'waitrose_prod_name': 'Umberto Giannini Violet Shampoo 250ml', 'images': []}
DEBUG: Scraped from <200 https://www.waitrose.com/ecom/shop/browse/groceries/toiletries_health_and_beauty/hair_care/shampoo>
{'client': 'Waitrose', 'time': datetime.datetime(2020, 9, 23, 21, 41, 32, 703279), 'category': 'Shampoo', 'id': 'tPp725372-631511-631512', 'prod_name': 'Hask Moni Coconut Oil Shampoo', 'waitrose_Qty': '355ml', 'waitrose_discounted_price': '£7.00', 'waitrose_offer_desc': None, 'waitrose_url': 'https://www.waitrose.com/ecom/shop/browse/groceries/toiletries_health_and_beauty/hair_care/shampoo', 'waitrose_rating': None, 'waitrose_unit_price': '(£1.98/100ml)', 'waitrose_new_flag': None, 'waitrose_prod_name': 'Hask Moni Coconut Oil Shampoo 355ml', 'images': []}
DEBUG: Scraped from <200 https://www.waitrose.com/ecom/shop/browse/groceries/toiletries_health_and_beauty/hair_care/shampoo>
{'client': 'Waitrose', 'time': datetime.datetime(2020, 9, 23, 21, 41, 32, 703279), 'category': 'Shampoo', 'id': 'tPp836383-271490-271491', 'prod_name': 'Head & Shoulders 2in1 citrus care', 'waitrose_Qty': '450ml', 'waitrose_discounted_price': '£5.15', 'waitrose_offer_desc': None, 'waitrose_url': 'https://www.waitrose.com/ecom/shop/browse/groceries/toiletries_health_and_beauty/hair_care/shampoo', 'waitrose_rating': None, 'waitrose_unit_price': '(£1.15/100ml)', 'waitrose_new_flag': None, 'waitrose_prod_name': 'Head & Shoulders 2in1 citrus care 450ml', 'images': []}
DEBUG: Scraped from <200 https://www.waitrose.com/ecom/shop/browse/groceries/toiletries_health_and_beauty/hair_care/shampoo>
{'client': 'Waitrose', 'time': datetime.datetime(2020, 9, 23, 21, 41, 32, 703279), 'category': 'Shampoo', 'id': 'tPp694392-98595-98596', 'prod_name': 'Head & Shoulders Shampoo Cool Menthol', 'waitrose_Qty': '500ml', 'waitrose_discounted_price': '£5.15', 'waitrose_offer_desc': None, 'waitrose_url': 'https://www.waitrose.com/ecom/shop/browse/groceries/toiletries_health_and_beauty/hair_care/shampoo', 'waitrose_rating': None, 'waitrose_unit_price': '(£1.03/100ml)', 'waitrose_new_flag': None, 'waitrose_prod_name': 'Head & Shoulders Shampoo Cool Menthol 500ml', 'images': []}
DEBUG: Scraped from <200 https://www.waitrose.com/ecom/shop/browse/groceries/toiletries_health_and_beauty/hair_care/shampoo>
{'client': 'Waitrose', 'time': datetime.datetime(2020, 9, 23, 21, 41, 32, 703279), 'category': 'Shampoo', 'id': 'tPp698673-735854-735855', 'prod_name': 'Pantene Pro V Rose Water Shampoo', 'waitrose_Qty': '225ml', 'waitrose_discounted_price': '£3.75', 'waitrose_offer_desc': None, 'waitrose_url': 'https://www.waitrose.com/ecom/shop/browse/groceries/toiletries_health_and_beauty/hair_care/shampoo', 'waitrose_rating': None, 'waitrose_unit_price': '(£1.67/100ml)', 'waitrose_new_flag': 'NEW', 'waitrose_prod_name': 'Pantene Pro V Rose Water Shampoo 225ml', 'images': []}
DEBUG: Scraped from <200 https://www.waitrose.com/ecom/shop/browse/groceries/toiletries_health_and_beauty/hair_care/shampoo>
{'client': 'Waitrose', 'time': datetime.datetime(2020, 9, 23, 21, 41, 32, 703279), 'category': 'Shampoo', 'id': 'tPp808436-720325-720326', 'prod_name': 'Hask Biotin Boost Shampoo', 'waitrose_Qty': '355ml', 'waitrose_discounted_price': '£7.00', 'waitrose_offer_desc': None, 'waitrose_url': 'https://www.waitrose.com/ecom/shop/browse/groceries/toiletries_health_and_beauty/hair_care/shampoo', 'waitrose_rating': None, 'waitrose_unit_price': '(£1.98/100ml)', 'waitrose_new_flag': None, 'waitrose_prod_name': 'Hask Biotin Boost Shampoo 355ml', 'images': []}
DEBUG: Scraped from <200 https://www.waitrose.com/ecom/shop/browse/groceries/toiletries_health_and_beauty/hair_care/shampoo>
{'client': 'Waitrose', 'time': datetime.datetime(2020, 9, 23, 21, 41, 32, 703279), 'category': 'Shampoo', 'id': 'tPp807825-473364-473365', 'prod_name': 'SenSpa Deep Cleanse Shampoo', 'waitrose_Qty': '250ml', 'waitrose_discounted_price': '£6.00', 'waitrose_offer_desc': None, 'waitrose_url': 'https://www.waitrose.com/ecom/shop/browse/groceries/toiletries_health_and_beauty/hair_care/shampoo', 'waitrose_rating': '3.7', 'waitrose_unit_price': '(£2.40/100ml)', 'waitrose_new_flag': None, 'waitrose_prod_name': 'SenSpa Deep Cleanse Shampoo 250ml', 'images': []}
DEBUG: Scraped from <200 https://www.waitrose.com/ecom/shop/browse/groceries/toiletries_health_and_beauty/hair_care/shampoo>
{'client': 'Waitrose', 'time': datetime.datetime(2020, 9, 23, 21, 41, 32, 703279), 'category': 'Shampoo', 'id': 'tPp405353-729640-729641', 'prod_name': 'Percy & Reed No-Fuss Dry Shampoo', 'waitrose_Qty': '200ml', 'waitrose_discounted_price': '£15.00', 'waitrose_offer_desc': '25% off Sept 23', 'waitrose_url': 'https://www.waitrose.com/ecom/shop/browse/groceries/toiletries_health_and_beauty/hair_care/shampoo', 'waitrose_rating': '3.8', 'waitrose_unit_price': '(£7.50/100ml)', 'waitrose_new_flag': None, 'waitrose_prod_name': 'Percy & Reed No-Fuss Dry Shampoo 200ml', 'images': []}
DEBUG: Scraped from <200 https://www.waitrose.com/ecom/shop/browse/groceries/toiletries_health_and_beauty/hair_care/shampoo>
{'client': 'Waitrose', 'time': datetime.datetime(2020, 9, 23, 21, 41, 32, 703279), 'category': 'Shampoo', 'id': 'tPp603087-695555-695556', 'prod_name': 'Noughty Colour Bomb Shampoo', 'waitrose_Qty': '250ml', 'waitrose_discounted_price': '£7.00', 'waitrose_offer_desc': None, 'waitrose_url': 'https://www.waitrose.com/ecom/shop/browse/groceries/toiletries_health_and_beauty/hair_care/shampoo', 'waitrose_rating': '3', 'waitrose_unit_price': '(£2.80/100ml)', 'waitrose_new_flag': None, 'waitrose_prod_name': 'Noughty Colour Bomb Shampoo 250ml', 'images': []}
DEBUG: Scraped from <200 https://www.waitrose.com/ecom/shop/browse/groceries/toiletries_health_and_beauty/hair_care/shampoo>
{'client': 'Waitrose', 'time': datetime.datetime(2020, 9, 23, 21, 41, 32, 703279), 'category': 'Shampoo', 'id': 'tPp584599-695531-695532', 'prod_name': 'Batiste Dry Shampoo Volume', 'waitrose_Qty': '200ml', 'waitrose_discounted_price': '£4.25', 'waitrose_offer_desc': None, 'waitrose_url': 'https://www.waitrose.com/ecom/shop/browse/groceries/toiletries_health_and_beauty/hair_care/shampoo', 'waitrose_rating': None, 'waitrose_unit_price': '(£2.13/100ml)', 'waitrose_new_flag': None, 'waitrose_prod_name': 'Batiste Dry Shampoo Volume 200ml', 'images': []}
DEBUG: Scraped from <200 https://www.waitrose.com/ecom/shop/browse/groceries/toiletries_health_and_beauty/hair_care/shampoo>
{'client': 'Waitrose', 'time': datetime.datetime(2020, 9, 23, 21, 41, 32, 703279), 'category': 'Shampoo', 'id': 'tPp816738-442231-442232', 'prod_name': 'SensSpa Nourishing Shampoo', 'waitrose_Qty': '250ml', 'waitrose_discounted_price': '£6.00', 'waitrose_offer_desc': None, 'waitrose_url': 'https://www.waitrose.com/ecom/shop/browse/groceries/toiletries_health_and_beauty/hair_care/shampoo', 'waitrose_rating': '2.6', 'waitrose_unit_price': '(£2.40/100ml)', 'waitrose_new_flag': None, 'waitrose_prod_name': 'SensSpa Nourishing Shampoo 250ml', 'images': []}
DEBUG: Scraped from <200 https://www.waitrose.com/ecom/shop/browse/groceries/toiletries_health_and_beauty/hair_care/shampoo>
{'client': 'Waitrose', 'time': datetime.datetime(2020, 9, 23, 21, 41, 32, 703279), 'category': 'Shampoo', 'id': 'tPp834106-299691-299692', 'prod_name': 'Head & Shoulders 2in1 smooth & silky', 'waitrose_Qty': '450ml', 'waitrose_discounted_price': '£5.00', 'waitrose_offer_desc': None, 'waitrose_url': 'https://www.waitrose.com/ecom/shop/browse/groceries/toiletries_health_and_beauty/hair_care/shampoo', 'waitrose_rating': None, 'waitrose_unit_price': '(£1.12/100ml)', 'waitrose_new_flag': None, 'waitrose_prod_name': 'Head & Shoulders 2in1 smooth & silky 450ml', 'images': []}
DEBUG: Scraped from <200 https://www.waitrose.com/ecom/shop/browse/groceries/toiletries_health_and_beauty/hair_care/shampoo>
{'client': 'Waitrose', 'time': datetime.datetime(2020, 9, 23, 21, 41, 32, 703279), 'category': 'Shampoo', 'id': 'tPp861587-154949-154950', 'prod_name': 'Batiste dark & deep brown dry shampoo', 'waitrose_Qty': '200ml', 'waitrose_discounted_price': '£4.00', 'waitrose_offer_desc': None, 'waitrose_url': 'https://www.waitrose.com/ecom/shop/browse/groceries/toiletries_health_and_beauty/hair_care/shampoo', 'waitrose_rating': None, 'waitrose_unit_price': '(£2/100ml)', 'waitrose_new_flag': None, 'waitrose_prod_name': 'Batiste dark & deep brown dry shampoo 200ml', 'images': []}
DEBUG: Scraped from <200 https://www.waitrose.com/ecom/shop/browse/groceries/toiletries_health_and_beauty/hair_care/shampoo>
{'client': 'Waitrose', 'time': datetime.datetime(2020, 9, 23, 21, 41, 32, 703279), 'category': 'Shampoo', 'id': 'tPp480888-154495-154496', 'prod_name': 'Head & Shoulders Smooth Shampoo', 'waitrose_Qty': '500ml', 'waitrose_discounted_price': '£5.15', 'waitrose_offer_desc': None, 'waitrose_url': 'https://www.waitrose.com/ecom/shop/browse/groceries/toiletries_health_and_beauty/hair_care/shampoo', 'waitrose_rating': '5', 'waitrose_unit_price': '(£1.03/100ml)', 'waitrose_new_flag': None, 'waitrose_prod_name': 'Head & Shoulders Smooth Shampoo 500ml', 'images': []}
DEBUG: Scraped from <200 https://www.waitrose.com/ecom/shop/browse/groceries/toiletries_health_and_beauty/hair_care/shampoo>
{'client': 'Waitrose', 'time': datetime.datetime(2020, 9, 23, 21, 41, 32, 703279), 'category': 'Shampoo', 'id': 'tPp492090-729670-729671', 'prod_name': 'Percy & Reed Volumising Shampoo', 'waitrose_Qty': '250ml', 'waitrose_discounted_price': '£18.00', 'waitrose_offer_desc': '25% off Sept 23', 'waitrose_url': 'https://www.waitrose.com/ecom/shop/browse/groceries/toiletries_health_and_beauty/hair_care/shampoo', 'waitrose_rating': None, 'waitrose_unit_price': '(£7.20/100ml)', 'waitrose_new_flag': None, 'waitrose_prod_name': 'Percy & Reed Volumising Shampoo 250ml', 'images': []}
DEBUG: Scraped from <200 https://www.waitrose.com/ecom/shop/browse/groceries/toiletries_health_and_beauty/hair_care/shampoo>
{'client': 'Waitrose', 'time': datetime.datetime(2020, 9, 23, 21, 41, 32, 703279), 'category': 'Shampoo', 'id': 'tPp527154-720165-720166', 'prod_name': 'Maui Moisture Hibiscus Water', 'waitrose_Qty': '385ml', 'waitrose_discounted_price': '£9.00', 'waitrose_offer_desc': None, 'waitrose_url': 'https://www.waitrose.com/ecom/shop/browse/groceries/toiletries_health_and_beauty/hair_care/shampoo', 'waitrose_rating': None, 'waitrose_unit_price': '(£2.34/100ml)', 'waitrose_new_flag': None, 'waitrose_prod_name': 'Maui Moisture Hibiscus Water 385ml', 'images': []}
DEBUG: Scraped from <200 https://www.waitrose.com/ecom/shop/browse/groceries/toiletries_health_and_beauty/hair_care/shampoo>
{'client': 'Waitrose', 'time': datetime.datetime(2020, 9, 23, 21, 41, 32, 703279), 'category': 'Shampoo', 'id': 'tPp812614-707138-707139', 'prod_name': 'Beco Spring Meadow Shampoo Bar', 'waitrose_Qty': '90g', 'waitrose_discounted_price': '£4.00', 'waitrose_offer_desc': None, 'waitrose_url': 'https://www.waitrose.com/ecom/shop/browse/groceries/toiletries_health_and_beauty/hair_care/shampoo', 'waitrose_rating': '3.3', 'waitrose_unit_price': '(£4.45/100g)', 'waitrose_new_flag': None, 'waitrose_prod_name': 'Beco Spring Meadow Shampoo Bar 90g', 'images': []}
DEBUG: Scraped from <200 https://www.waitrose.com/ecom/shop/browse/groceries/toiletries_health_and_beauty/hair_care/shampoo>
{'client': 'Waitrose', 'time': datetime.datetime(2020, 9, 23, 21, 41, 32, 703279), 'category': 'Shampoo', 'id': 'tPp829437-695831-695832', 'prod_name': 'Umberto Giannini Grow Long Shampoo', 'waitrose_Qty': '250ml', 'waitrose_discounted_price': '£8.00', 'waitrose_offer_desc': None, 'waitrose_url': 'https://www.waitrose.com/ecom/shop/browse/groceries/toiletries_health_and_beauty/hair_care/shampoo', 'waitrose_rating': '5', 'waitrose_unit_price': '(£3.20/100ml)', 'waitrose_new_flag': None, 'waitrose_prod_name': 'Umberto Giannini Grow Long Shampoo 250ml', 'images': []}
DEBUG: Scraped from <200 https://www.waitrose.com/ecom/shop/browse/groceries/toiletries_health_and_beauty/hair_care/shampoo>
{'client': 'Waitrose', 'time': datetime.datetime(2020, 9, 23, 21, 41, 32, 703279), 'category': 'Shampoo', 'id': 'tPp581644-729702-729703', 'prod_name': 'Percy & Reed Hydrating Shampoo', 'waitrose_Qty': '250ml', 'waitrose_discounted_price': '£18.00', 'waitrose_offer_desc': '25% off Sept 23', 'waitrose_url': 'https://www.waitrose.com/ecom/shop/browse/groceries/toiletries_health_and_beauty/hair_care/shampoo', 'waitrose_rating': None, 'waitrose_unit_price': '(£7.20/100ml)', 'waitrose_new_flag': None, 'waitrose_prod_name': 'Percy & Reed Hydrating Shampoo 250ml', 'images': []}
DEBUG: Scraped from <200 https://www.waitrose.com/ecom/shop/browse/groceries/toiletries_health_and_beauty/hair_care/shampoo>
{'client': 'Waitrose', 'time': datetime.datetime(2020, 9, 23, 21, 41, 32, 703279), 'category': 'Shampoo', 'id': 'tPp888765-695909-695910', 'prod_name': 'Umberto Giannini Curl Jelly Wash', 'waitrose_Qty': '250ml', 'waitrose_discounted_price': '£8.00', 'waitrose_offer_desc': None, 'waitrose_url': 'https://www.waitrose.com/ecom/shop/browse/groceries/toiletries_health_and_beauty/hair_care/shampoo', 'waitrose_rating': '2.5', 'waitrose_unit_price': '(£3.20/100ml)', 'waitrose_new_flag': None, 'waitrose_prod_name': 'Umberto Giannini Curl Jelly Wash 250ml', 'images': []}
DEBUG: Scraped from <200 https://www.waitrose.com/ecom/shop/browse/groceries/toiletries_health_and_beauty/hair_care/shampoo>
{'client': 'Waitrose', 'time': datetime.datetime(2020, 9, 23, 21, 41, 32, 703279), 'category': 'Shampoo', 'id': 'tPp734002-695705-695706', 'prod_name': 'Percy & Reed Wonder Wash Shampoo', 'waitrose_Qty': '250ml', 'waitrose_discounted_price': '£18.00', 'waitrose_offer_desc': '25% off Sept 23', 'waitrose_url': 'https://www.waitrose.com/ecom/shop/browse/groceries/toiletries_health_and_beauty/hair_care/shampoo', 'waitrose_rating': '4.1', 'waitrose_unit_price': '(£7.20/100ml)', 'waitrose_new_flag': None, 'waitrose_prod_name': 'Percy & Reed Wonder Wash Shampoo 250ml', 'images': []}
DEBUG: Scraped from <200 https://www.waitrose.com/ecom/shop/browse/groceries/toiletries_health_and_beauty/hair_care/shampoo>
{'client': 'Waitrose', 'time': datetime.datetime(2020, 9, 23, 21, 41, 32, 703279), 'category': 'Shampoo', 'id': 'tPp591666-681031-681032', 'prod_name': 'Pure Grace Shower Gel', 'waitrose_Qty': '480ml', 'waitrose_discounted_price': '£19.50', 'waitrose_offer_desc': None, 'waitrose_url': 'https://www.waitrose.com/ecom/shop/browse/groceries/toiletries_health_and_beauty/hair_care/shampoo', 'waitrose_rating': None, 'waitrose_unit_price': '(£4.07/100ml)', 'waitrose_new_flag': None, 'waitrose_prod_name': 'Pure Grace Shower Gel 480ml', 'images': []}
INFO: Closing spider (finished)
INFO: Stored json feed (132 items) in: waitrose_092320.json
INFO: Dumping Scrapy stats:
{'downloader/request_bytes': 2588,
 'downloader/request_count': 1,
 'downloader/request_method_count/POST': 1,
 'downloader/response_bytes': 1512044,
 'downloader/response_count': 1,
 'downloader/response_status_count/200': 1,
 'finish_reason': 'finished',
 'finish_time': datetime.datetime(2020, 9, 23, 16, 12, 53, 962790),
 'item_scraped_count': 132,
 'log_count/DEBUG': 133,
 'log_count/INFO': 11,
 'log_count/WARNING': 1,
 'response_received_count': 1,
 'scheduler/dequeued': 2,
 'scheduler/dequeued/memory': 2,
 'scheduler/enqueued': 2,
 'scheduler/enqueued/memory': 2,
 'splash/execute/request_count': 1,
 'splash/execute/response_count/200': 1,
 'start_time': datetime.datetime(2020, 9, 23, 16, 11, 33, 26909)}
INFO: Spider closed (finished)
INFO: Scrapy 1.6.0 started (bot: waitrose)
INFO: Versions: lxml 4.5.1.0, libxml2 2.9.10, cssselect 1.1.0, parsel 1.6.0, w3lib 1.22.0, Twisted 20.3.0, Python 3.7.7 (default, May  6 2020, 11:45:54) [MSC v.1916 64 bit (AMD64)], pyOpenSSL 19.1.0 (OpenSSL 1.1.1g  21 Apr 2020), cryptography 2.9.2, Platform Windows-10-10.0.18362-SP0
INFO: Overridden settings: {'BOT_NAME': 'waitrose', 'DOWNLOAD_TIMEOUT': 1200, 'DUPEFILTER_CLASS': 'scrapy_splash.SplashAwareDupeFilter', 'FEED_EXPORT_ENCODING': 'utf-8', 'FEED_FORMAT': 'json', 'FEED_URI': 'waitrose_092420.json', 'NEWSPIDER_MODULE': 'waitrose.spiders', 'SPIDER_MODULES': ['waitrose.spiders']}
INFO: Telnet Password: 886f2dce3a398a11
INFO: Enabled extensions:
['scrapy.extensions.corestats.CoreStats',
 'scrapy.extensions.telnet.TelnetConsole',
 'scrapy.extensions.feedexport.FeedExporter',
 'scrapy.extensions.logstats.LogStats']
INFO: Enabled downloader middlewares:
['scrapy.downloadermiddlewares.httpauth.HttpAuthMiddleware',
 'scrapy.downloadermiddlewares.downloadtimeout.DownloadTimeoutMiddleware',
 'scrapy.downloadermiddlewares.defaultheaders.DefaultHeadersMiddleware',
 'scrapy.downloadermiddlewares.useragent.UserAgentMiddleware',
 'scrapy.downloadermiddlewares.retry.RetryMiddleware',
 'scrapy.downloadermiddlewares.redirect.MetaRefreshMiddleware',
 'scrapy.downloadermiddlewares.redirect.RedirectMiddleware',
 'scrapy.downloadermiddlewares.cookies.CookiesMiddleware',
 'scrapy_splash.SplashCookiesMiddleware',
 'scrapy_splash.SplashMiddleware',
 'scrapy.downloadermiddlewares.httpproxy.HttpProxyMiddleware',
 'scrapy.downloadermiddlewares.httpcompression.HttpCompressionMiddleware',
 'scrapy.downloadermiddlewares.stats.DownloaderStats']
INFO: Enabled spider middlewares:
['scrapy.spidermiddlewares.httperror.HttpErrorMiddleware',
 'scrapy_splash.SplashDeduplicateArgsMiddleware',
 'scrapy.spidermiddlewares.offsite.OffsiteMiddleware',
 'scrapy.spidermiddlewares.referer.RefererMiddleware',
 'scrapy.spidermiddlewares.urllength.UrlLengthMiddleware',
 'scrapy.spidermiddlewares.depth.DepthMiddleware']
INFO: Enabled item pipelines:
['waitrose.pipelines.ImageDownloaderPipeline',
 'waitrose.pipelines.SQLlitePipeline']
INFO: Spider opened
INFO: Crawled 0 pages (at 0 pages/min), scraped 0 items (at 0 items/min)
WARNING: C:\Users\sujithk\AppData\Local\Continuum\anaconda3\envs\Virtual_Env\lib\site-packages\scrapy\spidermiddlewares\offsite.py:61: URLWarning: allowed_domains accepts only domains, not URLs. Ignoring URL entry https://www.waitrose.com/ in allowed_domains.
  warnings.warn(message, URLWarning)

INFO: Telnet console listening on 127.0.0.1:6026
INFO: Crawled 0 pages (at 0 pages/min), scraped 0 items (at 0 items/min)
DEBUG: Crawled (200) <GET https://www.waitrose.com/ecom/shop/browse/groceries/toiletries_health_and_beauty/hair_care/shampoo via http://192.168.1.2:8050/execute> (referer: None)
DEBUG: Scraped from <200 https://www.waitrose.com/ecom/shop/browse/groceries/toiletries_health_and_beauty/hair_care/shampoo>
{'client': 'Waitrose', 'time': datetime.datetime(2020, 9, 24, 15, 17, 35, 115825), 'category': 'Shampoo', 'id': 'tPp092708-47659-47660', 'prod_name': 'Vosene Original Shampoo', 'waitrose_Qty': '250ml', 'waitrose_discounted_price': '£1.36', 'waitrose_offer_desc': 'Save 1/3.', 'waitrose_url': 'https://www.waitrose.com/ecom/shop/browse/groceries/toiletries_health_and_beauty/hair_care/shampoo', 'waitrose_rating': '5', 'waitrose_unit_price': '(54.4p/100ml)', 'waitrose_new_flag': None, 'waitrose_prod_name': 'Vosene Original Shampoo 250ml', 'images': []}
DEBUG: Scraped from <200 https://www.waitrose.com/ecom/shop/browse/groceries/toiletries_health_and_beauty/hair_care/shampoo>
{'client': 'Waitrose', 'time': datetime.datetime(2020, 9, 24, 15, 17, 35, 115825), 'category': 'Shampoo', 'id': 'tPp819340-720339-720340', 'prod_name': 'Head & Shoulders Supreme Shampoo', 'waitrose_Qty': '400ml', 'waitrose_discounted_price': '£5.00', 'waitrose_offer_desc': 'Add 2 for £7', 'waitrose_url': 'https://www.waitrose.com/ecom/shop/browse/groceries/toiletries_health_and_beauty/hair_care/shampoo', 'waitrose_rating': None, 'waitrose_unit_price': '(£1.25/100ml)', 'waitrose_new_flag': None, 'waitrose_prod_name': 'Head & Shoulders Supreme Shampoo 400ml', 'images': []}
DEBUG: Scraped from <200 https://www.waitrose.com/ecom/shop/browse/groceries/toiletries_health_and_beauty/hair_care/shampoo>
{'client': 'Waitrose', 'time': datetime.datetime(2020, 9, 24, 15, 17, 35, 115825), 'category': 'Shampoo', 'id': 'tPp455905-591789-591790', 'prod_name': 'Herbal Essences clean Shampoo', 'waitrose_Qty': '400ml', 'waitrose_discounted_price': '£4.50', 'waitrose_offer_desc': 'Add 2 for £6', 'waitrose_url': 'https://www.waitrose.com/ecom/shop/browse/groceries/toiletries_health_and_beauty/hair_care/shampoo', 'waitrose_rating': None, 'waitrose_unit_price': '(£1.13/100ml)', 'waitrose_new_flag': None, 'waitrose_prod_name': 'Herbal Essences clean Shampoo 400ml', 'images': []}
DEBUG: Scraped from <200 https://www.waitrose.com/ecom/shop/browse/groceries/toiletries_health_and_beauty/hair_care/shampoo>
{'client': 'Waitrose', 'time': datetime.datetime(2020, 9, 24, 15, 17, 35, 115825), 'category': 'Shampoo', 'id': 'tPp472240-591833-591834', 'prod_name': 'Herbal Essences Repair Shampoo', 'waitrose_Qty': '400ml', 'waitrose_discounted_price': '£4.50', 'waitrose_offer_desc': 'Add 2 for £6', 'waitrose_url': 'https://www.waitrose.com/ecom/shop/browse/groceries/toiletries_health_and_beauty/hair_care/shampoo', 'waitrose_rating': '5', 'waitrose_unit_price': '(£1.13/100ml)', 'waitrose_new_flag': None, 'waitrose_prod_name': 'Herbal Essences Repair Shampoo 400ml', 'images': []}
DEBUG: Scraped from <200 https://www.waitrose.com/ecom/shop/browse/groceries/toiletries_health_and_beauty/hair_care/shampoo>
{'client': 'Waitrose', 'time': datetime.datetime(2020, 9, 24, 15, 17, 35, 115825), 'category': 'Shampoo', 'id': 'tPp865734-216867-216868', 'prod_name': 'Ogx Argan Oil of Morocco Shampoo', 'waitrose_Qty': '385ml', 'waitrose_discounted_price': '£7.00', 'waitrose_offer_desc': 'Add 2 for £10', 'waitrose_url': 'https://www.waitrose.com/ecom/shop/browse/groceries/toiletries_health_and_beauty/hair_care/shampoo', 'waitrose_rating': '3.4', 'waitrose_unit_price': '(£1.82/100ml)', 'waitrose_new_flag': None, 'waitrose_prod_name': 'Ogx Argan Oil of Morocco Shampoo 385ml', 'images': []}
DEBUG: Scraped from <200 https://www.waitrose.com/ecom/shop/browse/groceries/toiletries_health_and_beauty/hair_care/shampoo>
{'client': 'Waitrose', 'time': datetime.datetime(2020, 9, 24, 15, 17, 35, 115825), 'category': 'Shampoo', 'id': 'tPp096508-49364-49365', 'prod_name': 'Aussie Miracle Moist Shampoo', 'waitrose_Qty': '300ml', 'waitrose_discounted_price': '£4.10', 'waitrose_offer_desc': None, 'waitrose_url': 'https://www.waitrose.com/ecom/shop/browse/groceries/toiletries_health_and_beauty/hair_care/shampoo', 'waitrose_rating': '3.7', 'waitrose_unit_price': '(£1.37/100ml)', 'waitrose_new_flag': None, 'waitrose_prod_name': 'Aussie Miracle Moist Shampoo 300ml', 'images': []}
DEBUG: Scraped from <200 https://www.waitrose.com/ecom/shop/browse/groceries/toiletries_health_and_beauty/hair_care/shampoo>
{'client': 'Waitrose', 'time': datetime.datetime(2020, 9, 24, 15, 17, 35, 115825), 'category': 'Shampoo', 'id': 'tPp735040-695707-695708', 'prod_name': 'Vosene Kids 3in1 Tea Tree Shampoo', 'waitrose_Qty': '250ml', 'waitrose_discounted_price': '£1.66', 'waitrose_offer_desc': 'Save 1/3.', 'waitrose_url': 'https://www.waitrose.com/ecom/shop/browse/groceries/toiletries_health_and_beauty/hair_care/shampoo', 'waitrose_rating': None, 'waitrose_unit_price': '(66.4p/100ml)', 'waitrose_new_flag': None, 'waitrose_prod_name': 'Vosene Kids 3in1 Tea Tree Shampoo 250ml', 'images': []}
DEBUG: Scraped from <200 https://www.waitrose.com/ecom/shop/browse/groceries/toiletries_health_and_beauty/hair_care/shampoo>
{'client': 'Waitrose', 'time': datetime.datetime(2020, 9, 24, 15, 17, 35, 115825), 'category': 'Shampoo', 'id': 'tPp490113-591883-591884', 'prod_name': 'Herbal Essences Volume Shampoo', 'waitrose_Qty': '400ml', 'waitrose_discounted_price': '£4.50', 'waitrose_offer_desc': 'Add 2 for £6', 'waitrose_url': 'https://www.waitrose.com/ecom/shop/browse/groceries/toiletries_health_and_beauty/hair_care/shampoo', 'waitrose_rating': '5', 'waitrose_unit_price': '(£1.13/100ml)', 'waitrose_new_flag': None, 'waitrose_prod_name': 'Herbal Essences Volume Shampoo 400ml', 'images': []}
DEBUG: Scraped from <200 https://www.waitrose.com/ecom/shop/browse/groceries/toiletries_health_and_beauty/hair_care/shampoo>
{'client': 'Waitrose', 'time': datetime.datetime(2020, 9, 24, 15, 17, 35, 115825), 'category': 'Shampoo', 'id': 'tPp855140-216863-216864', 'prod_name': 'Ogx Coconut Milk Shampoo', 'waitrose_Qty': '385ml', 'waitrose_discounted_price': '£7.00', 'waitrose_offer_desc': 'Add 2 for £10', 'waitrose_url': 'https://www.waitrose.com/ecom/shop/browse/groceries/toiletries_health_and_beauty/hair_care/shampoo', 'waitrose_rating': '5', 'waitrose_unit_price': '(£1.82/100ml)', 'waitrose_new_flag': None, 'waitrose_prod_name': 'Ogx Coconut Milk Shampoo 385ml', 'images': []}
DEBUG: Scraped from <200 https://www.waitrose.com/ecom/shop/browse/groceries/toiletries_health_and_beauty/hair_care/shampoo>
{'client': 'Waitrose', 'time': datetime.datetime(2020, 9, 24, 15, 17, 35, 115825), 'category': 'Shampoo', 'id': 'tPp711843-717497-717498', 'prod_name': "L'Oreal Elvive Colour Shampoo", 'waitrose_Qty': '400ml', 'waitrose_discounted_price': '£2.50', 'waitrose_offer_desc': 'Save 1/3.', 'waitrose_url': 'https://www.waitrose.com/ecom/shop/browse/groceries/toiletries_health_and_beauty/hair_care/shampoo', 'waitrose_rating': None, 'waitrose_unit_price': '(62.5p/100ml)', 'waitrose_new_flag': None, 'waitrose_prod_name': "L'Oreal Elvive Colour Shampoo 400ml", 'images': []}
DEBUG: Scraped from <200 https://www.waitrose.com/ecom/shop/browse/groceries/toiletries_health_and_beauty/hair_care/shampoo>
{'client': 'Waitrose', 'time': datetime.datetime(2020, 9, 24, 15, 17, 35, 115825), 'category': 'Shampoo', 'id': 'tPp427668-591713-591714', 'prod_name': 'Herbal Essences Hydrate Shampoo', 'waitrose_Qty': '400ml', 'waitrose_discounted_price': '£4.50', 'waitrose_offer_desc': 'Add 2 for £6', 'waitrose_url': 'https://www.waitrose.com/ecom/shop/browse/groceries/toiletries_health_and_beauty/hair_care/shampoo', 'waitrose_rating': '5', 'waitrose_unit_price': '(£1.13/100ml)', 'waitrose_new_flag': None, 'waitrose_prod_name': 'Herbal Essences Hydrate Shampoo 400ml', 'images': []}
DEBUG: Scraped from <200 https://www.waitrose.com/ecom/shop/browse/groceries/toiletries_health_and_beauty/hair_care/shampoo>
{'client': 'Waitrose', 'time': datetime.datetime(2020, 9, 24, 15, 17, 35, 115825), 'category': 'Shampoo', 'id': 'tPp059421-29947-29948', 'prod_name': 'Aussie Aussome Volume Shampoo', 'waitrose_Qty': '300ml', 'waitrose_discounted_price': '£4.00', 'waitrose_offer_desc': None, 'waitrose_url': 'https://www.waitrose.com/ecom/shop/browse/groceries/toiletries_health_and_beauty/hair_care/shampoo', 'waitrose_rating': '5', 'waitrose_unit_price': '(£1.34/100ml)', 'waitrose_new_flag': None, 'waitrose_prod_name': 'Aussie Aussome Volume Shampoo 300ml', 'images': []}
DEBUG: Scraped from <200 https://www.waitrose.com/ecom/shop/browse/groceries/toiletries_health_and_beauty/hair_care/shampoo>
{'client': 'Waitrose', 'time': datetime.datetime(2020, 9, 24, 15, 17, 35, 115825), 'category': 'Shampoo', 'id': 'tPp701301-99532-99533', 'prod_name': 'Essential Daily Care Shampoo', 'waitrose_Qty': '300ml', 'waitrose_discounted_price': '80p', 'waitrose_offer_desc': None, 'waitrose_url': 'https://www.waitrose.com/ecom/shop/browse/groceries/toiletries_health_and_beauty/hair_care/shampoo', 'waitrose_rating': '4.1', 'waitrose_unit_price': '(26.7p/100ml)', 'waitrose_new_flag': None, 'waitrose_prod_name': 'Essential Daily Care Shampoo 300ml', 'images': []}
DEBUG: Scraped from <200 https://www.waitrose.com/ecom/shop/browse/groceries/toiletries_health_and_beauty/hair_care/shampoo>
{'client': 'Waitrose', 'time': datetime.datetime(2020, 9, 24, 15, 17, 35, 115825), 'category': 'Shampoo', 'id': 'tPp799806-683814-683815', 'prod_name': 'Tresemmé Shampoo Moisture Rich', 'waitrose_Qty': '800ml', 'waitrose_discounted_price': '£5.50', 'waitrose_offer_desc': None, 'waitrose_url': 'https://www.waitrose.com/ecom/shop/browse/groceries/toiletries_health_and_beauty/hair_care/shampoo', 'waitrose_rating': None, 'waitrose_unit_price': '(68.8p/100ml)', 'waitrose_new_flag': None, 'waitrose_prod_name': 'Tresemmé Shampoo Moisture Rich 800ml', 'images': []}
DEBUG: Scraped from <200 https://www.waitrose.com/ecom/shop/browse/groceries/toiletries_health_and_beauty/hair_care/shampoo>
{'client': 'Waitrose', 'time': datetime.datetime(2020, 9, 24, 15, 17, 35, 115825), 'category': 'Shampoo', 'id': 'tPp755068-720289-720290', 'prod_name': 'Herbal Essences Aloe Hemp Shampoo', 'waitrose_Qty': '380ml', 'waitrose_discounted_price': '£4.50', 'waitrose_offer_desc': 'Add 2 for £6', 'waitrose_url': 'https://www.waitrose.com/ecom/shop/browse/groceries/toiletries_health_and_beauty/hair_care/shampoo', 'waitrose_rating': None, 'waitrose_unit_price': '(£1.19/100ml)', 'waitrose_new_flag': None, 'waitrose_prod_name': 'Herbal Essences Aloe Hemp Shampoo 380ml', 'images': []}
DEBUG: Scraped from <200 https://www.waitrose.com/ecom/shop/browse/groceries/toiletries_health_and_beauty/hair_care/shampoo>
{'client': 'Waitrose', 'time': datetime.datetime(2020, 9, 24, 15, 17, 35, 115825), 'category': 'Shampoo', 'id': 'tPp711086-652694-652695', 'prod_name': 'Head & Shoulders Supreme Moisture', 'waitrose_Qty': '400ml', 'waitrose_discounted_price': '£5.15', 'waitrose_offer_desc': 'Add 2 for £7', 'waitrose_url': 'https://www.waitrose.com/ecom/shop/browse/groceries/toiletries_health_and_beauty/hair_care/shampoo', 'waitrose_rating': None, 'waitrose_unit_price': '(£1.29/100ml)', 'waitrose_new_flag': None, 'waitrose_prod_name': 'Head & Shoulders Supreme Moisture 400ml', 'images': []}
DEBUG: Scraped from <200 https://www.waitrose.com/ecom/shop/browse/groceries/toiletries_health_and_beauty/hair_care/shampoo>
{'client': 'Waitrose', 'time': datetime.datetime(2020, 9, 24, 15, 17, 35, 115825), 'category': 'Shampoo', 'id': 'tPp407453-471203-471204', 'prod_name': 'Ogx Biotin & Collagen Shampoo', 'waitrose_Qty': '385ml', 'waitrose_discounted_price': '£7.00', 'waitrose_offer_desc': 'Add 2 for £10', 'waitrose_url': 'https://www.waitrose.com/ecom/shop/browse/groceries/toiletries_health_and_beauty/hair_care/shampoo', 'waitrose_rating': None, 'waitrose_unit_price': '(£1.82/100ml)', 'waitrose_new_flag': None, 'waitrose_prod_name': 'Ogx Biotin & Collagen Shampoo 385ml', 'images': []}
DEBUG: Scraped from <200 https://www.waitrose.com/ecom/shop/browse/groceries/toiletries_health_and_beauty/hair_care/shampoo>
{'client': 'Waitrose', 'time': datetime.datetime(2020, 9, 24, 15, 17, 35, 115825), 'category': 'Shampoo', 'id': 'tPp649492-695625-695626', 'prod_name': 'Vosene Kids 2in1 Melon Shampoo', 'waitrose_Qty': '250ml', 'waitrose_discounted_price': '£1.33', 'waitrose_offer_desc': 'Save 1/3.', 'waitrose_url': 'https://www.waitrose.com/ecom/shop/browse/groceries/toiletries_health_and_beauty/hair_care/shampoo', 'waitrose_rating': None, 'waitrose_unit_price': '(53.2p/100ml)', 'waitrose_new_flag': None, 'waitrose_prod_name': 'Vosene Kids 2in1 Melon Shampoo 250ml', 'images': []}
DEBUG: Scraped from <200 https://www.waitrose.com/ecom/shop/browse/groceries/toiletries_health_and_beauty/hair_care/shampoo>
{'client': 'Waitrose', 'time': datetime.datetime(2020, 9, 24, 15, 17, 35, 115825), 'category': 'Shampoo', 'id': 'tPp839781-154875-154876', 'prod_name': 'Aussie miracle moist shampoo', 'waitrose_Qty': '500ml', 'waitrose_discounted_price': '£6.15', 'waitrose_offer_desc': 'Add 2 for £10', 'waitrose_url': 'https://www.waitrose.com/ecom/shop/browse/groceries/toiletries_health_and_beauty/hair_care/shampoo', 'waitrose_rating': None, 'waitrose_unit_price': '(£1.23/100ml)', 'waitrose_new_flag': None, 'waitrose_prod_name': 'Aussie miracle moist shampoo 500ml', 'images': []}
DEBUG: Scraped from <200 https://www.waitrose.com/ecom/shop/browse/groceries/toiletries_health_and_beauty/hair_care/shampoo>
{'client': 'Waitrose', 'time': datetime.datetime(2020, 9, 24, 15, 17, 35, 115825), 'category': 'Shampoo', 'id': 'tPp535961-75786-75787', 'prod_name': 'essential Waitrose Nourishing Shampoo', 'waitrose_Qty': '300ml', 'waitrose_discounted_price': '80p', 'waitrose_offer_desc': None, 'waitrose_url': 'https://www.waitrose.com/ecom/shop/browse/groceries/toiletries_health_and_beauty/hair_care/shampoo', 'waitrose_rating': '4.3', 'waitrose_unit_price': '(26.7p/100ml)', 'waitrose_new_flag': None, 'waitrose_prod_name': 'essential Waitrose Nourishing Shampoo 300ml', 'images': []}
DEBUG: Scraped from <200 https://www.waitrose.com/ecom/shop/browse/groceries/toiletries_health_and_beauty/hair_care/shampoo>
{'client': 'Waitrose', 'time': datetime.datetime(2020, 9, 24, 15, 17, 35, 115825), 'category': 'Shampoo', 'id': 'tPp639145-337007-337008', 'prod_name': 'Tresemmé Shampoo Deep Cleansing', 'waitrose_Qty': '800ml', 'waitrose_discounted_price': '£5.50', 'waitrose_offer_desc': None, 'waitrose_url': 'https://www.waitrose.com/ecom/shop/browse/groceries/toiletries_health_and_beauty/hair_care/shampoo', 'waitrose_rating': '5', 'waitrose_unit_price': '(68.8p/100ml)', 'waitrose_new_flag': None, 'waitrose_prod_name': 'Tresemmé Shampoo Deep Cleansing 800ml', 'images': []}
DEBUG: Scraped from <200 https://www.waitrose.com/ecom/shop/browse/groceries/toiletries_health_and_beauty/hair_care/shampoo>
{'client': 'Waitrose', 'time': datetime.datetime(2020, 9, 24, 15, 17, 35, 115825), 'category': 'Shampoo', 'id': 'tPp563832-295347-295348', 'prod_name': 'Argan + Argan Oil 5Oil Miracle Shampoo', 'waitrose_Qty': '300ml', 'waitrose_discounted_price': '£6.00', 'waitrose_offer_desc': 'Add 2 for £8', 'waitrose_url': 'https://www.waitrose.com/ecom/shop/browse/groceries/toiletries_health_and_beauty/hair_care/shampoo', 'waitrose_rating': '5', 'waitrose_unit_price': '(£2/100ml)', 'waitrose_new_flag': None, 'waitrose_prod_name': 'Argan + Argan Oil 5Oil Miracle Shampoo 300ml', 'images': []}
DEBUG: Scraped from <200 https://www.waitrose.com/ecom/shop/browse/groceries/toiletries_health_and_beauty/hair_care/shampoo>
{'client': 'Waitrose', 'time': datetime.datetime(2020, 9, 24, 15, 17, 35, 115825), 'category': 'Shampoo', 'id': 'tPp639366-90822-90823', 'prod_name': 'Head & Shoulders Shampoo Classic', 'waitrose_Qty': '500ml', 'waitrose_discounted_price': '£5.15', 'waitrose_offer_desc': None, 'waitrose_url': 'https://www.waitrose.com/ecom/shop/browse/groceries/toiletries_health_and_beauty/hair_care/shampoo', 'waitrose_rating': '3.5', 'waitrose_unit_price': '(£1.03/100ml)', 'waitrose_new_flag': None, 'waitrose_prod_name': 'Head & Shoulders Shampoo Classic 500ml', 'images': []}
DEBUG: Scraped from <200 https://www.waitrose.com/ecom/shop/browse/groceries/toiletries_health_and_beauty/hair_care/shampoo>
{'client': 'Waitrose', 'time': datetime.datetime(2020, 9, 24, 15, 17, 35, 115825), 'category': 'Shampoo', 'id': 'tPp810201-352482-352483', 'prod_name': 'Essential Daily Care 2 in 1', 'waitrose_Qty': '300ml', 'waitrose_discounted_price': '80p', 'waitrose_offer_desc': None, 'waitrose_url': 'https://www.waitrose.com/ecom/shop/browse/groceries/toiletries_health_and_beauty/hair_care/shampoo', 'waitrose_rating': '4.3', 'waitrose_unit_price': '(26.7p/100ml)', 'waitrose_new_flag': None, 'waitrose_prod_name': 'Essential Daily Care 2 in 1 300ml', 'images': []}
DEBUG: Scraped from <200 https://www.waitrose.com/ecom/shop/browse/groceries/toiletries_health_and_beauty/hair_care/shampoo>
{'client': 'Waitrose', 'time': datetime.datetime(2020, 9, 24, 15, 17, 35, 115825), 'category': 'Shampoo', 'id': 'tPp484035-715885-715886', 'prod_name': "L'Oreal Elvive Oil Nourishing Shampoo", 'waitrose_Qty': '400ml', 'waitrose_discounted_price': '£2.50', 'waitrose_offer_desc': 'Save 1/3.', 'waitrose_url': 'https://www.waitrose.com/ecom/shop/browse/groceries/toiletries_health_and_beauty/hair_care/shampoo', 'waitrose_rating': None, 'waitrose_unit_price': '(62.5p/100ml)', 'waitrose_new_flag': None, 'waitrose_prod_name': "L'Oreal Elvive Oil Nourishing Shampoo 400ml", 'images': []}
DEBUG: Scraped from <200 https://www.waitrose.com/ecom/shop/browse/groceries/toiletries_health_and_beauty/hair_care/shampoo>
{'client': 'Waitrose', 'time': datetime.datetime(2020, 9, 24, 15, 17, 35, 115825), 'category': 'Shampoo', 'id': 'tPp844892-695845-695846', 'prod_name': 'Head & Shoulders Colour Protect', 'waitrose_Qty': '400ml', 'waitrose_discounted_price': '£5.00', 'waitrose_offer_desc': 'Add 2 for £7', 'waitrose_url': 'https://www.waitrose.com/ecom/shop/browse/groceries/toiletries_health_and_beauty/hair_care/shampoo', 'waitrose_rating': None, 'waitrose_unit_price': '(£1.25/100ml)', 'waitrose_new_flag': None, 'waitrose_prod_name': 'Head & Shoulders Colour Protect 400ml', 'images': []}
DEBUG: Scraped from <200 https://www.waitrose.com/ecom/shop/browse/groceries/toiletries_health_and_beauty/hair_care/shampoo>
{'client': 'Waitrose', 'time': datetime.datetime(2020, 9, 24, 15, 17, 35, 115825), 'category': 'Shampoo', 'id': 'tPp687186-337057-337058', 'prod_name': 'Argan + Argan Oil Rejuvenating Shampoo', 'waitrose_Qty': '300ml', 'waitrose_discounted_price': '£6.00', 'waitrose_offer_desc': 'Add 2 for £8', 'waitrose_url': 'https://www.waitrose.com/ecom/shop/browse/groceries/toiletries_health_and_beauty/hair_care/shampoo', 'waitrose_rating': '5', 'waitrose_unit_price': '(£2/100ml)', 'waitrose_new_flag': None, 'waitrose_prod_name': 'Argan + Argan Oil Rejuvenating Shampoo 300ml', 'images': []}
DEBUG: Scraped from <200 https://www.waitrose.com/ecom/shop/browse/groceries/toiletries_health_and_beauty/hair_care/shampoo>
{'client': 'Waitrose', 'time': datetime.datetime(2020, 9, 24, 15, 17, 35, 115825), 'category': 'Shampoo', 'id': 'tPp047805-23664-23665', 'prod_name': 'Avalon Organics tea tree shampoo', 'waitrose_Qty': '325ml', 'waitrose_discounted_price': '£5.24', 'waitrose_offer_desc': '25% Off.', 'waitrose_url': 'https://www.waitrose.com/ecom/shop/browse/groceries/toiletries_health_and_beauty/hair_care/shampoo', 'waitrose_rating': '4.9', 'waitrose_unit_price': '(£1.62/100ml)', 'waitrose_new_flag': None, 'waitrose_prod_name': 'Avalon Organics tea tree shampoo 325ml', 'images': []}
DEBUG: Scraped from <200 https://www.waitrose.com/ecom/shop/browse/groceries/toiletries_health_and_beauty/hair_care/shampoo>
{'client': 'Waitrose', 'time': datetime.datetime(2020, 9, 24, 15, 17, 35, 115825), 'category': 'Shampoo', 'id': 'tPp886458-216893-216894', 'prod_name': 'Ogx Brazilian Keratin Shampoo', 'waitrose_Qty': '385ml', 'waitrose_discounted_price': '£7.00', 'waitrose_offer_desc': 'Add 2 for £10', 'waitrose_url': 'https://www.waitrose.com/ecom/shop/browse/groceries/toiletries_health_and_beauty/hair_care/shampoo', 'waitrose_rating': '5', 'waitrose_unit_price': '(£1.82/100ml)', 'waitrose_new_flag': None, 'waitrose_prod_name': 'Ogx Brazilian Keratin Shampoo 385ml', 'images': []}
DEBUG: Scraped from <200 https://www.waitrose.com/ecom/shop/browse/groceries/toiletries_health_and_beauty/hair_care/shampoo>
{'client': 'Waitrose', 'time': datetime.datetime(2020, 9, 24, 15, 17, 35, 115825), 'category': 'Shampoo', 'id': 'tPp755349-720291-720292', 'prod_name': 'Herbal Essences Aloe & Mango Shampoo', 'waitrose_Qty': '380ml', 'waitrose_discounted_price': '£4.50', 'waitrose_offer_desc': 'Add 2 for £6', 'waitrose_url': 'https://www.waitrose.com/ecom/shop/browse/groceries/toiletries_health_and_beauty/hair_care/shampoo', 'waitrose_rating': None, 'waitrose_unit_price': '(£1.19/100ml)', 'waitrose_new_flag': None, 'waitrose_prod_name': 'Herbal Essences Aloe & Mango Shampoo 380ml', 'images': []}
DEBUG: Scraped from <200 https://www.waitrose.com/ecom/shop/browse/groceries/toiletries_health_and_beauty/hair_care/shampoo>
{'client': 'Waitrose', 'time': datetime.datetime(2020, 9, 24, 15, 17, 35, 115825), 'category': 'Shampoo', 'id': 'tPp791725-375655-375656', 'prod_name': 'Ogx Kukuí Oil Shampoo', 'waitrose_Qty': '385ml', 'waitrose_discounted_price': '£7.00', 'waitrose_offer_desc': 'Add 2 for £10', 'waitrose_url': 'https://www.waitrose.com/ecom/shop/browse/groceries/toiletries_health_and_beauty/hair_care/shampoo', 'waitrose_rating': '5', 'waitrose_unit_price': '(£1.82/100ml)', 'waitrose_new_flag': None, 'waitrose_prod_name': 'Ogx Kukuí Oil Shampoo 385ml', 'images': []}
DEBUG: Scraped from <200 https://www.waitrose.com/ecom/shop/browse/groceries/toiletries_health_and_beauty/hair_care/shampoo>
{'client': 'Waitrose', 'time': datetime.datetime(2020, 9, 24, 15, 17, 35, 115825), 'category': 'Shampoo', 'id': 'tPp027940-13599-13600', 'prod_name': 'Avalon Organics lemon shampoo', 'waitrose_Qty': '325ml', 'waitrose_discounted_price': '£5.24', 'waitrose_offer_desc': '25% Off.', 'waitrose_url': 'https://www.waitrose.com/ecom/shop/browse/groceries/toiletries_health_and_beauty/hair_care/shampoo', 'waitrose_rating': '3.6', 'waitrose_unit_price': '(£1.62/100ml)', 'waitrose_new_flag': None, 'waitrose_prod_name': 'Avalon Organics lemon shampoo 325ml', 'images': []}
DEBUG: Scraped from <200 https://www.waitrose.com/ecom/shop/browse/groceries/toiletries_health_and_beauty/hair_care/shampoo>
{'client': 'Waitrose', 'time': datetime.datetime(2020, 9, 24, 15, 17, 35, 115825), 'category': 'Shampoo', 'id': 'tPp096232-49248-49249', 'prod_name': 'Aussie Mega Shampoo', 'waitrose_Qty': '300ml', 'waitrose_discounted_price': '£4.10', 'waitrose_offer_desc': None, 'waitrose_url': 'https://www.waitrose.com/ecom/shop/browse/groceries/toiletries_health_and_beauty/hair_care/shampoo', 'waitrose_rating': '2.5', 'waitrose_unit_price': '(£1.37/100ml)', 'waitrose_new_flag': None, 'waitrose_prod_name': 'Aussie Mega Shampoo 300ml', 'images': []}
DEBUG: Scraped from <200 https://www.waitrose.com/ecom/shop/browse/groceries/toiletries_health_and_beauty/hair_care/shampoo>
{'client': 'Waitrose', 'time': datetime.datetime(2020, 9, 24, 15, 17, 35, 115825), 'category': 'Shampoo', 'id': 'tPp433216-720111-720112', 'prod_name': 'John Frieda Hydrate & Recharge Shampoo', 'waitrose_Qty': '250ml', 'waitrose_discounted_price': '£6.00', 'waitrose_offer_desc': None, 'waitrose_url': 'https://www.waitrose.com/ecom/shop/browse/groceries/toiletries_health_and_beauty/hair_care/shampoo', 'waitrose_rating': None, 'waitrose_unit_price': '(£2.40/100ml)', 'waitrose_new_flag': None, 'waitrose_prod_name': 'John Frieda Hydrate & Recharge Shampoo 250ml', 'images': []}
DEBUG: Scraped from <200 https://www.waitrose.com/ecom/shop/browse/groceries/toiletries_health_and_beauty/hair_care/shampoo>
{'client': 'Waitrose', 'time': datetime.datetime(2020, 9, 24, 15, 17, 35, 115825), 'category': 'Shampoo', 'id': 'tPp810302-683828-683829', 'prod_name': 'Herbal Essences Deep Repair Shampoo', 'waitrose_Qty': '400ml', 'waitrose_discounted_price': '£4.50', 'waitrose_offer_desc': 'Add 2 for £6', 'waitrose_url': 'https://www.waitrose.com/ecom/shop/browse/groceries/toiletries_health_and_beauty/hair_care/shampoo', 'waitrose_rating': None, 'waitrose_unit_price': '(£1.13/100ml)', 'waitrose_new_flag': None, 'waitrose_prod_name': 'Herbal Essences Deep Repair Shampoo 400ml', 'images': []}
DEBUG: Scraped from <200 https://www.waitrose.com/ecom/shop/browse/groceries/toiletries_health_and_beauty/hair_care/shampoo>
{'client': 'Waitrose', 'time': datetime.datetime(2020, 9, 24, 15, 17, 35, 115825), 'category': 'Shampoo', 'id': 'tPp775870-724036-724037', 'prod_name': 'Faith in Nature Wild Rose Shampoo', 'waitrose_Qty': '400ml', 'waitrose_discounted_price': '£5.79', 'waitrose_offer_desc': '25% off Sept 23', 'waitrose_url': 'https://www.waitrose.com/ecom/shop/browse/groceries/toiletries_health_and_beauty/hair_care/shampoo', 'waitrose_rating': '5', 'waitrose_unit_price': '(£1.45/100ml)', 'waitrose_new_flag': None, 'waitrose_prod_name': 'Faith in Nature Wild Rose Shampoo 400ml', 'images': []}
DEBUG: Scraped from <200 https://www.waitrose.com/ecom/shop/browse/groceries/toiletries_health_and_beauty/hair_care/shampoo>
{'client': 'Waitrose', 'time': datetime.datetime(2020, 9, 24, 15, 17, 35, 115825), 'category': 'Shampoo', 'id': 'tPp083596-42439-42440', 'prod_name': 'Aussie Colour Mate Shampoo', 'waitrose_Qty': '300ml', 'waitrose_discounted_price': '£4.10', 'waitrose_offer_desc': None, 'waitrose_url': 'https://www.waitrose.com/ecom/shop/browse/groceries/toiletries_health_and_beauty/hair_care/shampoo', 'waitrose_rating': '5', 'waitrose_unit_price': '(£1.37/100ml)', 'waitrose_new_flag': None, 'waitrose_prod_name': 'Aussie Colour Mate Shampoo 300ml', 'images': []}
DEBUG: Scraped from <200 https://www.waitrose.com/ecom/shop/browse/groceries/toiletries_health_and_beauty/hair_care/shampoo>
{'client': 'Waitrose', 'time': datetime.datetime(2020, 9, 24, 15, 17, 35, 115825), 'category': 'Shampoo', 'id': 'tPp703131-695681-695682', 'prod_name': 'Head & Shoulders Repair Shampoo', 'waitrose_Qty': '400ml', 'waitrose_discounted_price': '£5.00', 'waitrose_offer_desc': 'Add 2 for £7', 'waitrose_url': 'https://www.waitrose.com/ecom/shop/browse/groceries/toiletries_health_and_beauty/hair_care/shampoo', 'waitrose_rating': '4', 'waitrose_unit_price': '(£1.25/100ml)', 'waitrose_new_flag': None, 'waitrose_prod_name': 'Head & Shoulders Repair Shampoo 400ml', 'images': []}
DEBUG: Scraped from <200 https://www.waitrose.com/ecom/shop/browse/groceries/toiletries_health_and_beauty/hair_care/shampoo>
{'client': 'Waitrose', 'time': datetime.datetime(2020, 9, 24, 15, 17, 35, 115825), 'category': 'Shampoo', 'id': 'tPp627460-154629-154630', 'prod_name': 'Aussie mega shampoo', 'waitrose_Qty': '500ml', 'waitrose_discounted_price': '£6.15', 'waitrose_offer_desc': 'Add 2 for £10', 'waitrose_url': 'https://www.waitrose.com/ecom/shop/browse/groceries/toiletries_health_and_beauty/hair_care/shampoo', 'waitrose_rating': '3.8', 'waitrose_unit_price': '(£1.23/100ml)', 'waitrose_new_flag': None, 'waitrose_prod_name': 'Aussie mega shampoo 500ml', 'images': []}
DEBUG: Scraped from <200 https://www.waitrose.com/ecom/shop/browse/groceries/toiletries_health_and_beauty/hair_care/shampoo>
{'client': 'Waitrose', 'time': datetime.datetime(2020, 9, 24, 15, 17, 35, 115825), 'category': 'Shampoo', 'id': 'tPp740653-352034-352035', 'prod_name': 'essential Waitrose Anti-Dandruff 2 in 1', 'waitrose_Qty': '300ml', 'waitrose_discounted_price': '£1.00', 'waitrose_offer_desc': None, 'waitrose_url': 'https://www.waitrose.com/ecom/shop/browse/groceries/toiletries_health_and_beauty/hair_care/shampoo', 'waitrose_rating': '4', 'waitrose_unit_price': '(33.3p/100ml)', 'waitrose_new_flag': None, 'waitrose_prod_name': 'essential Waitrose Anti-Dandruff 2 in 1 300ml', 'images': []}
DEBUG: Scraped from <200 https://www.waitrose.com/ecom/shop/browse/groceries/toiletries_health_and_beauty/hair_care/shampoo>
{'client': 'Waitrose', 'time': datetime.datetime(2020, 9, 24, 15, 17, 35, 115825), 'category': 'Shampoo', 'id': 'tPp586765-735804-735805', 'prod_name': "L'Oreal Elvive Restoring Shampoo", 'waitrose_Qty': '400ml', 'waitrose_discounted_price': '£2.50', 'waitrose_offer_desc': 'Save 1/3.', 'waitrose_url': 'https://www.waitrose.com/ecom/shop/browse/groceries/toiletries_health_and_beauty/hair_care/shampoo', 'waitrose_rating': None, 'waitrose_unit_price': '(62.5p/100ml)', 'waitrose_new_flag': 'NEW', 'waitrose_prod_name': "L'Oreal Elvive Restoring Shampoo 400ml", 'images': []}
DEBUG: Scraped from <200 https://www.waitrose.com/ecom/shop/browse/groceries/toiletries_health_and_beauty/hair_care/shampoo>
{'client': 'Waitrose', 'time': datetime.datetime(2020, 9, 24, 15, 17, 35, 115825), 'category': 'Shampoo', 'id': 'tPp076232-38732-38733', 'prod_name': 'AOrganic Lavender Shampoo', 'waitrose_Qty': '325ml', 'waitrose_discounted_price': '£5.24', 'waitrose_offer_desc': '25% Off.', 'waitrose_url': 'https://www.waitrose.com/ecom/shop/browse/groceries/toiletries_health_and_beauty/hair_care/shampoo', 'waitrose_rating': '3.8', 'waitrose_unit_price': '(£1.62/100ml)', 'waitrose_new_flag': None, 'waitrose_prod_name': 'AOrganic Lavender Shampoo 325ml', 'images': []}
DEBUG: Scraped from <200 https://www.waitrose.com/ecom/shop/browse/groceries/toiletries_health_and_beauty/hair_care/shampoo>
{'client': 'Waitrose', 'time': datetime.datetime(2020, 9, 24, 15, 17, 35, 115825), 'category': 'Shampoo', 'id': 'tPp364793-255761-255762', 'prod_name': 'Aussie Miracle Shine Shampoo', 'waitrose_Qty': '300ml', 'waitrose_discounted_price': '£4.00', 'waitrose_offer_desc': None, 'waitrose_url': 'https://www.waitrose.com/ecom/shop/browse/groceries/toiletries_health_and_beauty/hair_care/shampoo', 'waitrose_rating': None, 'waitrose_unit_price': '(£1.34/100ml)', 'waitrose_new_flag': None, 'waitrose_prod_name': 'Aussie Miracle Shine Shampoo 300ml', 'images': []}
DEBUG: Scraped from <200 https://www.waitrose.com/ecom/shop/browse/groceries/toiletries_health_and_beauty/hair_care/shampoo>
{'client': 'Waitrose', 'time': datetime.datetime(2020, 9, 24, 15, 17, 35, 115825), 'category': 'Shampoo', 'id': 'tPp486943-68769-68770', 'prod_name': 'Head & Shoulders 2in1 classic clean', 'waitrose_Qty': '225ml', 'waitrose_discounted_price': '£3.00', 'waitrose_offer_desc': None, 'waitrose_url': 'https://www.waitrose.com/ecom/shop/browse/groceries/toiletries_health_and_beauty/hair_care/shampoo', 'waitrose_rating': '4', 'waitrose_unit_price': '(£1.34/100ml)', 'waitrose_new_flag': None, 'waitrose_prod_name': 'Head & Shoulders 2in1 classic clean 225ml', 'images': []}
DEBUG: Scraped from <200 https://www.waitrose.com/ecom/shop/browse/groceries/toiletries_health_and_beauty/hair_care/shampoo>
{'client': 'Waitrose', 'time': datetime.datetime(2020, 9, 24, 15, 17, 35, 115825), 'category': 'Shampoo', 'id': 'tPp582132-472091-472092', 'prod_name': 'Ogx Argan Oil Morocco Shampoo', 'waitrose_Qty': '385ml', 'waitrose_discounted_price': '£7.00', 'waitrose_offer_desc': 'Add 2 for £10', 'waitrose_url': 'https://www.waitrose.com/ecom/shop/browse/groceries/toiletries_health_and_beauty/hair_care/shampoo', 'waitrose_rating': '4', 'waitrose_unit_price': '(£1.82/100ml)', 'waitrose_new_flag': None, 'waitrose_prod_name': 'Ogx Argan Oil Morocco Shampoo 385ml', 'images': []}
DEBUG: Scraped from <200 https://www.waitrose.com/ecom/shop/browse/groceries/toiletries_health_and_beauty/hair_care/shampoo>
{'client': 'Waitrose', 'time': datetime.datetime(2020, 9, 24, 15, 17, 35, 115825), 'category': 'Shampoo', 'id': 'tPp595050-720203-720204', 'prod_name': 'Herbal Essences Coconut Shampoo', 'waitrose_Qty': '250ml', 'waitrose_discounted_price': '£3.00', 'waitrose_offer_desc': None, 'waitrose_url': 'https://www.waitrose.com/ecom/shop/browse/groceries/toiletries_health_and_beauty/hair_care/shampoo', 'waitrose_rating': None, 'waitrose_unit_price': '(£1.20/100ml)', 'waitrose_new_flag': None, 'waitrose_prod_name': 'Herbal Essences Coconut Shampoo 250ml', 'images': []}
DEBUG: Scraped from <200 https://www.waitrose.com/ecom/shop/browse/groceries/toiletries_health_and_beauty/hair_care/shampoo>
{'client': 'Waitrose', 'time': datetime.datetime(2020, 9, 24, 15, 17, 35, 115825), 'category': 'Shampoo', 'id': 'tPp011495-5706-5707', 'prod_name': 'John Frieda Shampoo Touchably Full', 'waitrose_Qty': '250ml', 'waitrose_discounted_price': '£6.00', 'waitrose_offer_desc': None, 'waitrose_url': 'https://www.waitrose.com/ecom/shop/browse/groceries/toiletries_health_and_beauty/hair_care/shampoo', 'waitrose_rating': '4', 'waitrose_unit_price': '(£2.40/100ml)', 'waitrose_new_flag': None, 'waitrose_prod_name': 'John Frieda Shampoo Touchably Full 250ml', 'images': []}
DEBUG: Scraped from <200 https://www.waitrose.com/ecom/shop/browse/groceries/toiletries_health_and_beauty/hair_care/shampoo>
{'client': 'Waitrose', 'time': datetime.datetime(2020, 9, 24, 15, 17, 35, 115825), 'category': 'Shampoo', 'id': 'tPp435635-694165-694166', 'prod_name': 'Pantene Classic Clean Shampoo', 'waitrose_Qty': '500ml', 'waitrose_discounted_price': '£5.15', 'waitrose_offer_desc': None, 'waitrose_url': 'https://www.waitrose.com/ecom/shop/browse/groceries/toiletries_health_and_beauty/hair_care/shampoo', 'waitrose_rating': None, 'waitrose_unit_price': '(£1.03/100ml)', 'waitrose_new_flag': None, 'waitrose_prod_name': 'Pantene Classic Clean Shampoo 500ml', 'images': []}
DEBUG: Scraped from <200 https://www.waitrose.com/ecom/shop/browse/groceries/toiletries_health_and_beauty/hair_care/shampoo>
{'client': 'Waitrose', 'time': datetime.datetime(2020, 9, 24, 15, 17, 35, 115825), 'category': 'Shampoo', 'id': 'tPp819563-729788-729789', 'prod_name': 'Aussie Blonde Purple Shampoo', 'waitrose_Qty': '290ml', 'waitrose_discounted_price': '£6.00', 'waitrose_offer_desc': None, 'waitrose_url': 'https://www.waitrose.com/ecom/shop/browse/groceries/toiletries_health_and_beauty/hair_care/shampoo', 'waitrose_rating': None, 'waitrose_unit_price': '(£2.07/100ml)', 'waitrose_new_flag': None, 'waitrose_prod_name': 'Aussie Blonde Purple Shampoo 290ml', 'images': []}
DEBUG: Scraped from <200 https://www.waitrose.com/ecom/shop/browse/groceries/toiletries_health_and_beauty/hair_care/shampoo>
{'client': 'Waitrose', 'time': datetime.datetime(2020, 9, 24, 15, 17, 35, 115825), 'category': 'Shampoo', 'id': 'tPp824583-694195-694196', 'prod_name': 'Pantene Repair & Protect Shampoo', 'waitrose_Qty': '500ml', 'waitrose_discounted_price': '£3.75', 'waitrose_offer_desc': None, 'waitrose_url': 'https://www.waitrose.com/ecom/shop/browse/groceries/toiletries_health_and_beauty/hair_care/shampoo', 'waitrose_rating': None, 'waitrose_unit_price': '(75p/100ml)', 'waitrose_new_flag': None, 'waitrose_prod_name': 'Pantene Repair & Protect Shampoo 500ml', 'images': []}
DEBUG: Scraped from <200 https://www.waitrose.com/ecom/shop/browse/groceries/toiletries_health_and_beauty/hair_care/shampoo>
{'client': 'Waitrose', 'time': datetime.datetime(2020, 9, 24, 15, 17, 35, 115825), 'category': 'Shampoo', 'id': 'tPp657721-694179-694180', 'prod_name': 'Pantene 3 in 1 Classic Clean', 'waitrose_Qty': '450ml', 'waitrose_discounted_price': '£3.75', 'waitrose_offer_desc': None, 'waitrose_url': 'https://www.waitrose.com/ecom/shop/browse/groceries/toiletries_health_and_beauty/hair_care/shampoo', 'waitrose_rating': None, 'waitrose_unit_price': '(83.3p/100ml)', 'waitrose_new_flag': None, 'waitrose_prod_name': 'Pantene 3 in 1 Classic Clean 450ml', 'images': []}
DEBUG: Scraped from <200 https://www.waitrose.com/ecom/shop/browse/groceries/toiletries_health_and_beauty/hair_care/shampoo>
{'client': 'Waitrose', 'time': datetime.datetime(2020, 9, 24, 15, 17, 35, 115825), 'category': 'Shampoo', 'id': 'tPp480728-631267-631268', 'prod_name': 'Ogx Orchid Oil Shampoo', 'waitrose_Qty': '385ml', 'waitrose_discounted_price': '£7.00', 'waitrose_offer_desc': 'Add 2 for £10', 'waitrose_url': 'https://www.waitrose.com/ecom/shop/browse/groceries/toiletries_health_and_beauty/hair_care/shampoo', 'waitrose_rating': '5', 'waitrose_unit_price': '(£1.82/100ml)', 'waitrose_new_flag': None, 'waitrose_prod_name': 'Ogx Orchid Oil Shampoo 385ml', 'images': []}
DEBUG: Scraped from <200 https://www.waitrose.com/ecom/shop/browse/groceries/toiletries_health_and_beauty/hair_care/shampoo>
{'client': 'Waitrose', 'time': datetime.datetime(2020, 9, 24, 15, 17, 35, 115825), 'category': 'Shampoo', 'id': 'tPp538896-720173-720174', 'prod_name': 'Herbal Essences Argan Oil Shampoo', 'waitrose_Qty': '250ml', 'waitrose_discounted_price': '£3.00', 'waitrose_offer_desc': None, 'waitrose_url': 'https://www.waitrose.com/ecom/shop/browse/groceries/toiletries_health_and_beauty/hair_care/shampoo', 'waitrose_rating': None, 'waitrose_unit_price': '(£1.20/100ml)', 'waitrose_new_flag': None, 'waitrose_prod_name': 'Herbal Essences Argan Oil Shampoo 250ml', 'images': []}
DEBUG: Scraped from <200 https://www.waitrose.com/ecom/shop/browse/groceries/toiletries_health_and_beauty/hair_care/shampoo>
{'client': 'Waitrose', 'time': datetime.datetime(2020, 9, 24, 15, 17, 35, 115825), 'category': 'Shampoo', 'id': 'tPp464815-154487-154488', 'prod_name': 'Batiste original dry shampoo', 'waitrose_Qty': '200ml', 'waitrose_discounted_price': '£3.00', 'waitrose_offer_desc': None, 'waitrose_url': 'https://www.waitrose.com/ecom/shop/browse/groceries/toiletries_health_and_beauty/hair_care/shampoo', 'waitrose_rating': '5', 'waitrose_unit_price': '(£1.50/100ml)', 'waitrose_new_flag': None, 'waitrose_prod_name': 'Batiste original dry shampoo 200ml', 'images': []}
DEBUG: Scraped from <200 https://www.waitrose.com/ecom/shop/browse/groceries/toiletries_health_and_beauty/hair_care/shampoo>
{'client': 'Waitrose', 'time': datetime.datetime(2020, 9, 24, 15, 17, 35, 115825), 'category': 'Shampoo', 'id': 'tPp752186-631541-631542', 'prod_name': 'Ogx Coconut OIl Shampoo', 'waitrose_Qty': '385ml', 'waitrose_discounted_price': '£7.00', 'waitrose_offer_desc': 'Add 2 for £10', 'waitrose_url': 'https://www.waitrose.com/ecom/shop/browse/groceries/toiletries_health_and_beauty/hair_care/shampoo', 'waitrose_rating': None, 'waitrose_unit_price': '(£1.82/100ml)', 'waitrose_new_flag': None, 'waitrose_prod_name': 'Ogx Coconut OIl Shampoo 385ml', 'images': []}
DEBUG: Scraped from <200 https://www.waitrose.com/ecom/shop/browse/groceries/toiletries_health_and_beauty/hair_care/shampoo>
{'client': 'Waitrose', 'time': datetime.datetime(2020, 9, 24, 15, 17, 35, 115825), 'category': 'Shampoo', 'id': 'tPp662395-154665-154666', 'prod_name': 'Aussie colour mate shampoo', 'waitrose_Qty': '500ml', 'waitrose_discounted_price': '£6.15', 'waitrose_offer_desc': 'Add 2 for £10', 'waitrose_url': 'https://www.waitrose.com/ecom/shop/browse/groceries/toiletries_health_and_beauty/hair_care/shampoo', 'waitrose_rating': None, 'waitrose_unit_price': '(£1.23/100ml)', 'waitrose_new_flag': None, 'waitrose_prod_name': 'Aussie colour mate shampoo 500ml', 'images': []}
DEBUG: Scraped from <200 https://www.waitrose.com/ecom/shop/browse/groceries/toiletries_health_and_beauty/hair_care/shampoo>
{'client': 'Waitrose', 'time': datetime.datetime(2020, 9, 24, 15, 17, 35, 115825), 'category': 'Shampoo', 'id': 'tPp757780-107799-107800', 'prod_name': 'Head & Shoulders 2in1 Classic Clean', 'waitrose_Qty': '450ml', 'waitrose_discounted_price': '£5.15', 'waitrose_offer_desc': None, 'waitrose_url': 'https://www.waitrose.com/ecom/shop/browse/groceries/toiletries_health_and_beauty/hair_care/shampoo', 'waitrose_rating': '4', 'waitrose_unit_price': '(£1.15/100ml)', 'waitrose_new_flag': None, 'waitrose_prod_name': 'Head & Shoulders 2in1 Classic Clean 450ml', 'images': []}
DEBUG: Scraped from <200 https://www.waitrose.com/ecom/shop/browse/groceries/toiletries_health_and_beauty/hair_care/shampoo>
{'client': 'Waitrose', 'time': datetime.datetime(2020, 9, 24, 15, 17, 35, 115825), 'category': 'Shampoo', 'id': 'tPp847454-724141-724142', 'prod_name': 'Faith in Nature Grapefruit Shampoo', 'waitrose_Qty': '400ml', 'waitrose_discounted_price': '£5.79', 'waitrose_offer_desc': '25% off Sept 23', 'waitrose_url': 'https://www.waitrose.com/ecom/shop/browse/groceries/toiletries_health_and_beauty/hair_care/shampoo', 'waitrose_rating': '5', 'waitrose_unit_price': '(£1.45/100ml)', 'waitrose_new_flag': None, 'waitrose_prod_name': 'Faith in Nature Grapefruit Shampoo 400ml', 'images': []}
DEBUG: Scraped from <200 https://www.waitrose.com/ecom/shop/browse/groceries/toiletries_health_and_beauty/hair_care/shampoo>
{'client': 'Waitrose', 'time': datetime.datetime(2020, 9, 24, 15, 17, 35, 115825), 'category': 'Shampoo', 'id': 'tPp747801-683764-683765', 'prod_name': 'Aussie Shampoo Scent-sational', 'waitrose_Qty': '300ml', 'waitrose_discounted_price': '£4.00', 'waitrose_offer_desc': None, 'waitrose_url': 'https://www.waitrose.com/ecom/shop/browse/groceries/toiletries_health_and_beauty/hair_care/shampoo', 'waitrose_rating': '5', 'waitrose_unit_price': '(£1.34/100ml)', 'waitrose_new_flag': None, 'waitrose_prod_name': 'Aussie Shampoo Scent-sational 300ml', 'images': []}
DEBUG: Scraped from <200 https://www.waitrose.com/ecom/shop/browse/groceries/toiletries_health_and_beauty/hair_care/shampoo>
{'client': 'Waitrose', 'time': datetime.datetime(2020, 9, 24, 15, 17, 35, 115825), 'category': 'Shampoo', 'id': 'tPp868154-695990-695991', 'prod_name': 'Hair Biology Purple Shampoo', 'waitrose_Qty': '250ml', 'waitrose_discounted_price': '£3.00', 'waitrose_offer_desc': 'Save 1/3.', 'waitrose_url': 'https://www.waitrose.com/ecom/shop/browse/groceries/toiletries_health_and_beauty/hair_care/shampoo', 'waitrose_rating': None, 'waitrose_unit_price': '(£1.20/100ml)', 'waitrose_new_flag': None, 'waitrose_prod_name': 'Hair Biology Purple Shampoo 250ml', 'images': []}
DEBUG: Scraped from <200 https://www.waitrose.com/ecom/shop/browse/groceries/toiletries_health_and_beauty/hair_care/shampoo>
{'client': 'Waitrose', 'time': datetime.datetime(2020, 9, 24, 15, 17, 35, 115825), 'category': 'Shampoo', 'id': 'tPp567427-683666-683667', 'prod_name': 'Ogx Charcoal Detox Shampoo', 'waitrose_Qty': '385ml', 'waitrose_discounted_price': '£7.00', 'waitrose_offer_desc': 'Add 2 for £10', 'waitrose_url': 'https://www.waitrose.com/ecom/shop/browse/groceries/toiletries_health_and_beauty/hair_care/shampoo', 'waitrose_rating': None, 'waitrose_unit_price': '(£1.82/100ml)', 'waitrose_new_flag': None, 'waitrose_prod_name': 'Ogx Charcoal Detox Shampoo 385ml', 'images': []}
DEBUG: Scraped from <200 https://www.waitrose.com/ecom/shop/browse/groceries/toiletries_health_and_beauty/hair_care/shampoo>
{'client': 'Waitrose', 'time': datetime.datetime(2020, 9, 24, 15, 17, 35, 115825), 'category': 'Shampoo', 'id': 'tPp610920-86669-86670', 'prod_name': 'Sheer Blonde Go Blonder Shampoo', 'waitrose_Qty': '250ml', 'waitrose_discounted_price': '£6.00', 'waitrose_offer_desc': None, 'waitrose_url': 'https://www.waitrose.com/ecom/shop/browse/groceries/toiletries_health_and_beauty/hair_care/shampoo', 'waitrose_rating': '3.5', 'waitrose_unit_price': '(£2.40/100ml)', 'waitrose_new_flag': None, 'waitrose_prod_name': 'Sheer Blonde Go Blonder Shampoo 250ml', 'images': []}
DEBUG: Scraped from <200 https://www.waitrose.com/ecom/shop/browse/groceries/toiletries_health_and_beauty/hair_care/shampoo>
{'client': 'Waitrose', 'time': datetime.datetime(2020, 9, 24, 15, 17, 35, 115825), 'category': 'Shampoo', 'id': 'tPp725068-723986-723987', 'prod_name': 'Faith in Nature Lavender Shampoo', 'waitrose_Qty': '400ml', 'waitrose_discounted_price': '£5.79', 'waitrose_offer_desc': '25% off Sept 23', 'waitrose_url': 'https://www.waitrose.com/ecom/shop/browse/groceries/toiletries_health_and_beauty/hair_care/shampoo', 'waitrose_rating': None, 'waitrose_unit_price': '(£1.45/100ml)', 'waitrose_new_flag': None, 'waitrose_prod_name': 'Faith in Nature Lavender Shampoo 400ml', 'images': []}
DEBUG: Scraped from <200 https://www.waitrose.com/ecom/shop/browse/groceries/toiletries_health_and_beauty/hair_care/shampoo>
{'client': 'Waitrose', 'time': datetime.datetime(2020, 9, 24, 15, 17, 35, 115825), 'category': 'Shampoo', 'id': 'tPp756229-563906-563907', 'prod_name': 'Head & Shoulders 2 in 1 Total Care', 'waitrose_Qty': '225ml', 'waitrose_discounted_price': '£3.00', 'waitrose_offer_desc': None, 'waitrose_url': 'https://www.waitrose.com/ecom/shop/browse/groceries/toiletries_health_and_beauty/hair_care/shampoo', 'waitrose_rating': None, 'waitrose_unit_price': '(£1.34/100ml)', 'waitrose_new_flag': None, 'waitrose_prod_name': 'Head & Shoulders 2 in 1 Total Care 225ml', 'images': []}
DEBUG: Scraped from <200 https://www.waitrose.com/ecom/shop/browse/groceries/toiletries_health_and_beauty/hair_care/shampoo>
{'client': 'Waitrose', 'time': datetime.datetime(2020, 9, 24, 15, 17, 35, 115825), 'category': 'Shampoo', 'id': 'tPp065299-33095-33096', 'prod_name': 'Frizz Ease Dream Curls Shampoo', 'waitrose_Qty': '250ml', 'waitrose_discounted_price': '£6.00', 'waitrose_offer_desc': None, 'waitrose_url': 'https://www.waitrose.com/ecom/shop/browse/groceries/toiletries_health_and_beauty/hair_care/shampoo', 'waitrose_rating': '5', 'waitrose_unit_price': '(£2.40/100ml)', 'waitrose_new_flag': None, 'waitrose_prod_name': 'Frizz Ease Dream Curls Shampoo 250ml', 'images': []}
DEBUG: Scraped from <200 https://www.waitrose.com/ecom/shop/browse/groceries/toiletries_health_and_beauty/hair_care/shampoo>
{'client': 'Waitrose', 'time': datetime.datetime(2020, 9, 24, 15, 17, 35, 115825), 'category': 'Shampoo', 'id': 'tPp853982-154925-154926', 'prod_name': 'Batiste blush dry shampoo', 'waitrose_Qty': '200ml', 'waitrose_discounted_price': '£3.00', 'waitrose_offer_desc': None, 'waitrose_url': 'https://www.waitrose.com/ecom/shop/browse/groceries/toiletries_health_and_beauty/hair_care/shampoo', 'waitrose_rating': '4', 'waitrose_unit_price': '(£1.50/100ml)', 'waitrose_new_flag': None, 'waitrose_prod_name': 'Batiste blush dry shampoo 200ml', 'images': []}
DEBUG: Scraped from <200 https://www.waitrose.com/ecom/shop/browse/groceries/toiletries_health_and_beauty/hair_care/shampoo>
{'client': 'Waitrose', 'time': datetime.datetime(2020, 9, 24, 15, 17, 35, 115825), 'category': 'Shampoo', 'id': 'tPp062495-31737-31738', 'prod_name': 'Neutrogena T/Gel shampoo dry hair', 'waitrose_Qty': '125ml', 'waitrose_discounted_price': '£5.15', 'waitrose_offer_desc': None, 'waitrose_url': 'https://www.waitrose.com/ecom/shop/browse/groceries/toiletries_health_and_beauty/hair_care/shampoo', 'waitrose_rating': None, 'waitrose_unit_price': '(£4.12/100ml)', 'waitrose_new_flag': None, 'waitrose_prod_name': 'Neutrogena T/Gel shampoo dry hair 125ml', 'images': []}
DEBUG: Scraped from <200 https://www.waitrose.com/ecom/shop/browse/groceries/toiletries_health_and_beauty/hair_care/shampoo>
{'client': 'Waitrose', 'time': datetime.datetime(2020, 9, 24, 15, 17, 35, 115825), 'category': 'Shampoo', 'id': 'tPp852396-695857-695858', 'prod_name': 'BECO. Honey Blossom Shampoo Bar', 'waitrose_Qty': '90g', 'waitrose_discounted_price': '£4.00', 'waitrose_offer_desc': None, 'waitrose_url': 'https://www.waitrose.com/ecom/shop/browse/groceries/toiletries_health_and_beauty/hair_care/shampoo', 'waitrose_rating': '4.9', 'waitrose_unit_price': '(£4.45/100g)', 'waitrose_new_flag': None, 'waitrose_prod_name': 'BECO. Honey Blossom Shampoo Bar 90g', 'images': []}
DEBUG: Scraped from <200 https://www.waitrose.com/ecom/shop/browse/groceries/toiletries_health_and_beauty/hair_care/shampoo>
{'client': 'Waitrose', 'time': datetime.datetime(2020, 9, 24, 15, 17, 35, 115825), 'category': 'Shampoo', 'id': 'tPp401660-588303-588304', 'prod_name': 'Richard Ward Brunette Shampoo', 'waitrose_Qty': '250ml', 'waitrose_discounted_price': '£3.00', 'waitrose_offer_desc': 'Half Price.', 'waitrose_url': 'https://www.waitrose.com/ecom/shop/browse/groceries/toiletries_health_and_beauty/hair_care/shampoo', 'waitrose_rating': '5', 'waitrose_unit_price': '(£1.20/100ml)', 'waitrose_new_flag': None, 'waitrose_prod_name': 'Richard Ward Brunette Shampoo 250ml', 'images': []}
DEBUG: Scraped from <200 https://www.waitrose.com/ecom/shop/browse/groceries/toiletries_health_and_beauty/hair_care/shampoo>
{'client': 'Waitrose', 'time': datetime.datetime(2020, 9, 24, 15, 17, 35, 115825), 'category': 'Shampoo', 'id': 'tPp407272-440973-440974', 'prod_name': 'Richard Ward Chelsea Cleanse & Condition', 'waitrose_Qty': '250ml', 'waitrose_discounted_price': '£3.00', 'waitrose_offer_desc': 'Half Price.', 'waitrose_url': 'https://www.waitrose.com/ecom/shop/browse/groceries/toiletries_health_and_beauty/hair_care/shampoo', 'waitrose_rating': '3.9', 'waitrose_unit_price': '(£1.20/100ml)', 'waitrose_new_flag': None, 'waitrose_prod_name': 'Richard Ward Chelsea Cleanse & Condition 250ml', 'images': []}
DEBUG: Scraped from <200 https://www.waitrose.com/ecom/shop/browse/groceries/toiletries_health_and_beauty/hair_care/shampoo>
{'client': 'Waitrose', 'time': datetime.datetime(2020, 9, 24, 15, 17, 35, 115825), 'category': 'Shampoo', 'id': 'tPp889100-330444-330445', 'prod_name': 'AOrganic Rosemary Shampoo', 'waitrose_Qty': '325ml', 'waitrose_discounted_price': '£5.24', 'waitrose_offer_desc': '25% Off.', 'waitrose_url': 'https://www.waitrose.com/ecom/shop/browse/groceries/toiletries_health_and_beauty/hair_care/shampoo', 'waitrose_rating': '2.5', 'waitrose_unit_price': '(£1.62/100ml)', 'waitrose_new_flag': None, 'waitrose_prod_name': 'AOrganic Rosemary Shampoo 325ml', 'images': []}
DEBUG: Scraped from <200 https://www.waitrose.com/ecom/shop/browse/groceries/toiletries_health_and_beauty/hair_care/shampoo>
{'client': 'Waitrose', 'time': datetime.datetime(2020, 9, 24, 15, 17, 35, 115825), 'category': 'Shampoo', 'id': 'tPp735751-154731-154732', 'prod_name': 'Aussie aussome volume shampoo', 'waitrose_Qty': '500ml', 'waitrose_discounted_price': '£6.10', 'waitrose_offer_desc': 'Add 2 for £10', 'waitrose_url': 'https://www.waitrose.com/ecom/shop/browse/groceries/toiletries_health_and_beauty/hair_care/shampoo', 'waitrose_rating': None, 'waitrose_unit_price': '(£1.22/100ml)', 'waitrose_new_flag': None, 'waitrose_prod_name': 'Aussie aussome volume shampoo 500ml', 'images': []}
DEBUG: Scraped from <200 https://www.waitrose.com/ecom/shop/browse/groceries/toiletries_health_and_beauty/hair_care/shampoo>
{'client': 'Waitrose', 'time': datetime.datetime(2020, 9, 24, 15, 17, 35, 115825), 'category': 'Shampoo', 'id': 'tPp502437-720153-720154', 'prod_name': 'Aussie Calm The Frizz Shampoo', 'waitrose_Qty': '300ml', 'waitrose_discounted_price': '£4.00', 'waitrose_offer_desc': None, 'waitrose_url': 'https://www.waitrose.com/ecom/shop/browse/groceries/toiletries_health_and_beauty/hair_care/shampoo', 'waitrose_rating': None, 'waitrose_unit_price': '(£1.34/100ml)', 'waitrose_new_flag': None, 'waitrose_prod_name': 'Aussie Calm The Frizz Shampoo 300ml', 'images': []}
DEBUG: Scraped from <200 https://www.waitrose.com/ecom/shop/browse/groceries/toiletries_health_and_beauty/hair_care/shampoo>
{'client': 'Waitrose', 'time': datetime.datetime(2020, 9, 24, 15, 17, 35, 115825), 'category': 'Shampoo', 'id': 'tPp494340-69860-69861', 'prod_name': "Neal's Yard Rose Shampoo", 'waitrose_Qty': '200ml', 'waitrose_discounted_price': '£11.50', 'waitrose_offer_desc': None, 'waitrose_url': 'https://www.waitrose.com/ecom/shop/browse/groceries/toiletries_health_and_beauty/hair_care/shampoo', 'waitrose_rating': '3.1', 'waitrose_unit_price': '(£5.75/100ml)', 'waitrose_new_flag': None, 'waitrose_prod_name': "Neal's Yard Rose Shampoo 200ml", 'images': []}
DEBUG: Scraped from <200 https://www.waitrose.com/ecom/shop/browse/groceries/toiletries_health_and_beauty/hair_care/shampoo>
{'client': 'Waitrose', 'time': datetime.datetime(2020, 9, 24, 15, 17, 35, 115825), 'category': 'Shampoo', 'id': 'tPp425124-59787-59788', 'prod_name': 'Brilliant Brunette Protecting Shampoo', 'waitrose_Qty': '250ml', 'waitrose_discounted_price': '£6.00', 'waitrose_offer_desc': None, 'waitrose_url': 'https://www.waitrose.com/ecom/shop/browse/groceries/toiletries_health_and_beauty/hair_care/shampoo', 'waitrose_rating': None, 'waitrose_unit_price': '(£2.40/100ml)', 'waitrose_new_flag': None, 'waitrose_prod_name': 'Brilliant Brunette Protecting Shampoo 250ml', 'images': []}
DEBUG: Scraped from <200 https://www.waitrose.com/ecom/shop/browse/groceries/toiletries_health_and_beauty/hair_care/shampoo>
{'client': 'Waitrose', 'time': datetime.datetime(2020, 9, 24, 15, 17, 35, 115825), 'category': 'Shampoo', 'id': 'tPp833802-337290-337291', 'prod_name': 'Aussie Miracle Moist Spray', 'waitrose_Qty': '250ml', 'waitrose_discounted_price': '£5.15', 'waitrose_offer_desc': None, 'waitrose_url': 'https://www.waitrose.com/ecom/shop/browse/groceries/toiletries_health_and_beauty/hair_care/shampoo', 'waitrose_rating': None, 'waitrose_unit_price': '(£2.06/100ml)', 'waitrose_new_flag': None, 'waitrose_prod_name': 'Aussie Miracle Moist Spray 250ml', 'images': []}
DEBUG: Scraped from <200 https://www.waitrose.com/ecom/shop/browse/groceries/toiletries_health_and_beauty/hair_care/shampoo>
{'client': 'Waitrose', 'time': datetime.datetime(2020, 9, 24, 15, 17, 35, 115825), 'category': 'Shampoo', 'id': 'tPp882824-154983-154984', 'prod_name': 'Head & Shoulders itchy scalp shampoo', 'waitrose_Qty': '500ml', 'waitrose_discounted_price': '£5.15', 'waitrose_offer_desc': None, 'waitrose_url': 'https://www.waitrose.com/ecom/shop/browse/groceries/toiletries_health_and_beauty/hair_care/shampoo', 'waitrose_rating': '5', 'waitrose_unit_price': '(£1.03/100ml)', 'waitrose_new_flag': None, 'waitrose_prod_name': 'Head & Shoulders itchy scalp shampoo 500ml', 'images': []}
DEBUG: Scraped from <200 https://www.waitrose.com/ecom/shop/browse/groceries/toiletries_health_and_beauty/hair_care/shampoo>
{'client': 'Waitrose', 'time': datetime.datetime(2020, 9, 24, 15, 17, 35, 115825), 'category': 'Shampoo', 'id': 'tPp755186-495024-495025', 'prod_name': 'DGJ Colour Save Shampoo', 'waitrose_Qty': '250ml', 'waitrose_discounted_price': '£5.00', 'waitrose_offer_desc': None, 'waitrose_url': 'https://www.waitrose.com/ecom/shop/browse/groceries/toiletries_health_and_beauty/hair_care/shampoo', 'waitrose_rating': None, 'waitrose_unit_price': '(£2/100ml)', 'waitrose_new_flag': None, 'waitrose_prod_name': 'DGJ Colour Save Shampoo 250ml', 'images': []}
DEBUG: Scraped from <200 https://www.waitrose.com/ecom/shop/browse/groceries/toiletries_health_and_beauty/hair_care/shampoo>
{'client': 'Waitrose', 'time': datetime.datetime(2020, 9, 24, 15, 17, 35, 115825), 'category': 'Shampoo', 'id': 'tPp714629-729752-729753', 'prod_name': 'OGX Keratin Oil Shampoo', 'waitrose_Qty': '385ml', 'waitrose_discounted_price': '£7.00', 'waitrose_offer_desc': 'Add 2 for £10', 'waitrose_url': 'https://www.waitrose.com/ecom/shop/browse/groceries/toiletries_health_and_beauty/hair_care/shampoo', 'waitrose_rating': None, 'waitrose_unit_price': '(£1.82/100ml)', 'waitrose_new_flag': None, 'waitrose_prod_name': 'OGX Keratin Oil Shampoo 385ml', 'images': []}
DEBUG: Scraped from <200 https://www.waitrose.com/ecom/shop/browse/groceries/toiletries_health_and_beauty/hair_care/shampoo>
{'client': 'Waitrose', 'time': datetime.datetime(2020, 9, 24, 15, 17, 35, 115825), 'category': 'Shampoo', 'id': 'tPp425163-526469-526470', 'prod_name': 'Frizz Ease Shampoo Miraculous Recovery', 'waitrose_Qty': '250ml', 'waitrose_discounted_price': '£6.00', 'waitrose_offer_desc': None, 'waitrose_url': 'https://www.waitrose.com/ecom/shop/browse/groceries/toiletries_health_and_beauty/hair_care/shampoo', 'waitrose_rating': None, 'waitrose_unit_price': '(£2.40/100ml)', 'waitrose_new_flag': None, 'waitrose_prod_name': 'Frizz Ease Shampoo Miraculous Recovery 250ml', 'images': []}
DEBUG: Scraped from <200 https://www.waitrose.com/ecom/shop/browse/groceries/toiletries_health_and_beauty/hair_care/shampoo>
{'client': 'Waitrose', 'time': datetime.datetime(2020, 9, 24, 15, 17, 35, 115825), 'category': 'Shampoo', 'id': 'tPp821139-694191-694192', 'prod_name': 'Pantene Smooth & Sleek Shampoo', 'waitrose_Qty': '500ml', 'waitrose_discounted_price': '£5.15', 'waitrose_offer_desc': None, 'waitrose_url': 'https://www.waitrose.com/ecom/shop/browse/groceries/toiletries_health_and_beauty/hair_care/shampoo', 'waitrose_rating': None, 'waitrose_unit_price': '(£1.03/100ml)', 'waitrose_new_flag': None, 'waitrose_prod_name': 'Pantene Smooth & Sleek Shampoo 500ml', 'images': []}
DEBUG: Scraped from <200 https://www.waitrose.com/ecom/shop/browse/groceries/toiletries_health_and_beauty/hair_care/shampoo>
{'client': 'Waitrose', 'time': datetime.datetime(2020, 9, 24, 15, 17, 35, 115825), 'category': 'Shampoo', 'id': 'tPp581617-694173-694174', 'prod_name': 'Pantene Colour Protect Shampoo', 'waitrose_Qty': '500ml', 'waitrose_discounted_price': '£5.15', 'waitrose_offer_desc': None, 'waitrose_url': 'https://www.waitrose.com/ecom/shop/browse/groceries/toiletries_health_and_beauty/hair_care/shampoo', 'waitrose_rating': None, 'waitrose_unit_price': '(£1.03/100ml)', 'waitrose_new_flag': None, 'waitrose_prod_name': 'Pantene Colour Protect Shampoo 500ml', 'images': []}
DEBUG: Scraped from <200 https://www.waitrose.com/ecom/shop/browse/groceries/toiletries_health_and_beauty/hair_care/shampoo>
{'client': 'Waitrose', 'time': datetime.datetime(2020, 9, 24, 15, 17, 35, 115825), 'category': 'Shampoo', 'id': 'tPp432893-216691-216692', 'prod_name': 'Head & Shoulders Shampoo Apple Fresh', 'waitrose_Qty': '500ml', 'waitrose_discounted_price': '£5.15', 'waitrose_offer_desc': None, 'waitrose_url': 'https://www.waitrose.com/ecom/shop/browse/groceries/toiletries_health_and_beauty/hair_care/shampoo', 'waitrose_rating': None, 'waitrose_unit_price': '(£1.03/100ml)', 'waitrose_new_flag': None, 'waitrose_prod_name': 'Head & Shoulders Shampoo Apple Fresh 500ml', 'images': []}
DEBUG: Scraped from <200 https://www.waitrose.com/ecom/shop/browse/groceries/toiletries_health_and_beauty/hair_care/shampoo>
{'client': 'Waitrose', 'time': datetime.datetime(2020, 9, 24, 15, 17, 35, 115825), 'category': 'Shampoo', 'id': 'tPp855732-695986-695987', 'prod_name': 'Hair Biology De-Frizz Shampoo', 'waitrose_Qty': '250ml', 'waitrose_discounted_price': '£3.00', 'waitrose_offer_desc': 'Save 1/3.', 'waitrose_url': 'https://www.waitrose.com/ecom/shop/browse/groceries/toiletries_health_and_beauty/hair_care/shampoo', 'waitrose_rating': None, 'waitrose_unit_price': '(£1.20/100ml)', 'waitrose_new_flag': None, 'waitrose_prod_name': 'Hair Biology De-Frizz Shampoo 250ml', 'images': []}
DEBUG: Scraped from <200 https://www.waitrose.com/ecom/shop/browse/groceries/toiletries_health_and_beauty/hair_care/shampoo>
{'client': 'Waitrose', 'time': datetime.datetime(2020, 9, 24, 15, 17, 35, 115825), 'category': 'Shampoo', 'id': 'tPp778297-720309-720310', 'prod_name': 'Pantene Grow Strong Shampoo', 'waitrose_Qty': '400ml', 'waitrose_discounted_price': '£3.75', 'waitrose_offer_desc': None, 'waitrose_url': 'https://www.waitrose.com/ecom/shop/browse/groceries/toiletries_health_and_beauty/hair_care/shampoo', 'waitrose_rating': None, 'waitrose_unit_price': '(93.8p/100ml)', 'waitrose_new_flag': None, 'waitrose_prod_name': 'Pantene Grow Strong Shampoo 400ml', 'images': []}
DEBUG: Scraped from <200 https://www.waitrose.com/ecom/shop/browse/groceries/toiletries_health_and_beauty/hair_care/shampoo>
{'client': 'Waitrose', 'time': datetime.datetime(2020, 9, 24, 15, 17, 35, 115825), 'category': 'Shampoo', 'id': 'tPp567481-719558-719559', 'prod_name': 'Fit Kit Gentle Shampoo &Conditioner', 'waitrose_Qty': '200ml', 'waitrose_discounted_price': '£4.00', 'waitrose_offer_desc': 'Add 2 for £5', 'waitrose_url': 'https://www.waitrose.com/ecom/shop/browse/groceries/toiletries_health_and_beauty/hair_care/shampoo', 'waitrose_rating': '5', 'waitrose_unit_price': '(£2/100ml)', 'waitrose_new_flag': None, 'waitrose_prod_name': 'Fit Kit Gentle Shampoo &Conditioner 200ml', 'images': []}
DEBUG: Scraped from <200 https://www.waitrose.com/ecom/shop/browse/groceries/toiletries_health_and_beauty/hair_care/shampoo>
{'client': 'Waitrose', 'time': datetime.datetime(2020, 9, 24, 15, 17, 35, 115825), 'category': 'Shampoo', 'id': 'tPp721134-337091-337092', 'prod_name': 'Aussie miracle shine shampoo', 'waitrose_Qty': '500ml', 'waitrose_discounted_price': '£6.00', 'waitrose_offer_desc': 'Add 2 for £10', 'waitrose_url': 'https://www.waitrose.com/ecom/shop/browse/groceries/toiletries_health_and_beauty/hair_care/shampoo', 'waitrose_rating': None, 'waitrose_unit_price': '(£1.20/100ml)', 'waitrose_new_flag': None, 'waitrose_prod_name': 'Aussie miracle shine shampoo 500ml', 'images': []}
DEBUG: Scraped from <200 https://www.waitrose.com/ecom/shop/browse/groceries/toiletries_health_and_beauty/hair_care/shampoo>
{'client': 'Waitrose', 'time': datetime.datetime(2020, 9, 24, 15, 17, 35, 115825), 'category': 'Shampoo', 'id': 'tPp836753-694201-694202', 'prod_name': 'Pantene Volume & Body Shampoo', 'waitrose_Qty': '500ml', 'waitrose_discounted_price': '£5.15', 'waitrose_offer_desc': None, 'waitrose_url': 'https://www.waitrose.com/ecom/shop/browse/groceries/toiletries_health_and_beauty/hair_care/shampoo', 'waitrose_rating': '4', 'waitrose_unit_price': '(£1.03/100ml)', 'waitrose_new_flag': None, 'waitrose_prod_name': 'Pantene Volume & Body Shampoo 500ml', 'images': []}
DEBUG: Scraped from <200 https://www.waitrose.com/ecom/shop/browse/groceries/toiletries_health_and_beauty/hair_care/shampoo>
{'client': 'Waitrose', 'time': datetime.datetime(2020, 9, 24, 15, 17, 35, 115825), 'category': 'Shampoo', 'id': 'tPp051100-25409-25410', 'prod_name': 'Sheer Blonde Moisturising Shampoo', 'waitrose_Qty': '250ml', 'waitrose_discounted_price': '£6.00', 'waitrose_offer_desc': None, 'waitrose_url': 'https://www.waitrose.com/ecom/shop/browse/groceries/toiletries_health_and_beauty/hair_care/shampoo', 'waitrose_rating': '3', 'waitrose_unit_price': '(£2.40/100ml)', 'waitrose_new_flag': None, 'waitrose_prod_name': 'Sheer Blonde Moisturising Shampoo 250ml', 'images': []}
DEBUG: Scraped from <200 https://www.waitrose.com/ecom/shop/browse/groceries/toiletries_health_and_beauty/hair_care/shampoo>
{'client': 'Waitrose', 'time': datetime.datetime(2020, 9, 24, 15, 17, 35, 115825), 'category': 'Shampoo', 'id': 'tPp502050-631293-631294', 'prod_name': 'Hask Argan Oil Repairing Shampoo', 'waitrose_Qty': '355ml', 'waitrose_discounted_price': '£7.00', 'waitrose_offer_desc': None, 'waitrose_url': 'https://www.waitrose.com/ecom/shop/browse/groceries/toiletries_health_and_beauty/hair_care/shampoo', 'waitrose_rating': '4', 'waitrose_unit_price': '(£1.98/100ml)', 'waitrose_new_flag': None, 'waitrose_prod_name': 'Hask Argan Oil Repairing Shampoo 355ml', 'images': []}
DEBUG: Scraped from <200 https://www.waitrose.com/ecom/shop/browse/groceries/toiletries_health_and_beauty/hair_care/shampoo>
{'client': 'Waitrose', 'time': datetime.datetime(2020, 9, 24, 15, 17, 35, 115825), 'category': 'Shampoo', 'id': 'tPp032765-16025-16026', 'prod_name': "L'Oréal kids shampoo berry strawberry", 'waitrose_Qty': '250ml', 'waitrose_discounted_price': '£2.45', 'waitrose_offer_desc': None, 'waitrose_url': 'https://www.waitrose.com/ecom/shop/browse/groceries/toiletries_health_and_beauty/hair_care/shampoo', 'waitrose_rating': None, 'waitrose_unit_price': '(98p/100ml)', 'waitrose_new_flag': None, 'waitrose_prod_name': "L'Oréal kids shampoo berry strawberry 250ml", 'images': []}
DEBUG: Scraped from <200 https://www.waitrose.com/ecom/shop/browse/groceries/toiletries_health_and_beauty/hair_care/shampoo>
{'client': 'Waitrose', 'time': datetime.datetime(2020, 9, 24, 15, 17, 35, 115825), 'category': 'Shampoo', 'id': 'tPp867514-720387-720388', 'prod_name': 'Head & Shoulders Coconut Shampoo', 'waitrose_Qty': '500ml', 'waitrose_discounted_price': '£5.00', 'waitrose_offer_desc': None, 'waitrose_url': 'https://www.waitrose.com/ecom/shop/browse/groceries/toiletries_health_and_beauty/hair_care/shampoo', 'waitrose_rating': None, 'waitrose_unit_price': '(£1/100ml)', 'waitrose_new_flag': None, 'waitrose_prod_name': 'Head & Shoulders Coconut Shampoo 500ml', 'images': []}
DEBUG: Scraped from <200 https://www.waitrose.com/ecom/shop/browse/groceries/toiletries_health_and_beauty/hair_care/shampoo>
{'client': 'Waitrose', 'time': datetime.datetime(2020, 9, 24, 15, 17, 35, 115825), 'category': 'Shampoo', 'id': 'tPp414862-695397-695398', 'prod_name': 'Noughty Wave Hello Shampoo', 'waitrose_Qty': '250ml', 'waitrose_discounted_price': '£7.00', 'waitrose_offer_desc': None, 'waitrose_url': 'https://www.waitrose.com/ecom/shop/browse/groceries/toiletries_health_and_beauty/hair_care/shampoo', 'waitrose_rating': None, 'waitrose_unit_price': '(£2.80/100ml)', 'waitrose_new_flag': None, 'waitrose_prod_name': 'Noughty Wave Hello Shampoo 250ml', 'images': []}
DEBUG: Scraped from <200 https://www.waitrose.com/ecom/shop/browse/groceries/toiletries_health_and_beauty/hair_care/shampoo>
{'client': 'Waitrose', 'time': datetime.datetime(2020, 9, 24, 15, 17, 35, 115825), 'category': 'Shampoo', 'id': 'tPp790782-694215-694216', 'prod_name': 'Pantene 3in1 Smooth & Sleek', 'waitrose_Qty': '450ml', 'waitrose_discounted_price': '£3.75', 'waitrose_offer_desc': None, 'waitrose_url': 'https://www.waitrose.com/ecom/shop/browse/groceries/toiletries_health_and_beauty/hair_care/shampoo', 'waitrose_rating': None, 'waitrose_unit_price': '(83.3p/100ml)', 'waitrose_new_flag': None, 'waitrose_prod_name': 'Pantene 3in1 Smooth & Sleek 450ml', 'images': []}
DEBUG: Scraped from <200 https://www.waitrose.com/ecom/shop/browse/groceries/toiletries_health_and_beauty/hair_care/shampoo>
{'client': 'Waitrose', 'time': datetime.datetime(2020, 9, 24, 15, 17, 35, 115825), 'category': 'Shampoo', 'id': 'tPp745828-495012-495013', 'prod_name': 'DGJ Kids Lice Repel Shampoo', 'waitrose_Qty': '250ml', 'waitrose_discounted_price': '£3.50', 'waitrose_offer_desc': None, 'waitrose_url': 'https://www.waitrose.com/ecom/shop/browse/groceries/toiletries_health_and_beauty/hair_care/shampoo', 'waitrose_rating': None, 'waitrose_unit_price': '(£1.40/100ml)', 'waitrose_new_flag': None, 'waitrose_prod_name': 'DGJ Kids Lice Repel Shampoo 250ml', 'images': []}
DEBUG: Scraped from <200 https://www.waitrose.com/ecom/shop/browse/groceries/toiletries_health_and_beauty/hair_care/shampoo>
{'client': 'Waitrose', 'time': datetime.datetime(2020, 9, 24, 15, 17, 35, 115825), 'category': 'Shampoo', 'id': 'tPp583946-82773-82774', 'prod_name': "Neal's Yard Lavender Shampoo", 'waitrose_Qty': '200ml', 'waitrose_discounted_price': '£11.50', 'waitrose_offer_desc': None, 'waitrose_url': 'https://www.waitrose.com/ecom/shop/browse/groceries/toiletries_health_and_beauty/hair_care/shampoo', 'waitrose_rating': '2.3', 'waitrose_unit_price': '(£5.75/100ml)', 'waitrose_new_flag': None, 'waitrose_prod_name': "Neal's Yard Lavender Shampoo 200ml", 'images': []}
DEBUG: Scraped from <200 https://www.waitrose.com/ecom/shop/browse/groceries/toiletries_health_and_beauty/hair_care/shampoo>
{'client': 'Waitrose', 'time': datetime.datetime(2020, 9, 24, 15, 17, 35, 115825), 'category': 'Shampoo', 'id': 'tPp645178-695617-695618', 'prod_name': 'John Frieda Shampoo Weightless Wonder', 'waitrose_Qty': '250ml', 'waitrose_discounted_price': '£6.00', 'waitrose_offer_desc': None, 'waitrose_url': 'https://www.waitrose.com/ecom/shop/browse/groceries/toiletries_health_and_beauty/hair_care/shampoo', 'waitrose_rating': '4.6', 'waitrose_unit_price': '(£2.40/100ml)', 'waitrose_new_flag': None, 'waitrose_prod_name': 'John Frieda Shampoo Weightless Wonder 250ml', 'images': []}
DEBUG: Scraped from <200 https://www.waitrose.com/ecom/shop/browse/groceries/toiletries_health_and_beauty/hair_care/shampoo>
{'client': 'Waitrose', 'time': datetime.datetime(2020, 9, 24, 15, 17, 35, 115825), 'category': 'Shampoo', 'id': 'tPp402915-526384-526385', 'prod_name': 'John Frieda Violet Crush Shampoo', 'waitrose_Qty': '250ml', 'waitrose_discounted_price': '£6.00', 'waitrose_offer_desc': None, 'waitrose_url': 'https://www.waitrose.com/ecom/shop/browse/groceries/toiletries_health_and_beauty/hair_care/shampoo', 'waitrose_rating': '5', 'waitrose_unit_price': '(£2.40/100ml)', 'waitrose_new_flag': None, 'waitrose_prod_name': 'John Frieda Violet Crush Shampoo 250ml', 'images': []}
DEBUG: Scraped from <200 https://www.waitrose.com/ecom/shop/browse/groceries/toiletries_health_and_beauty/hair_care/shampoo>
{'client': 'Waitrose', 'time': datetime.datetime(2020, 9, 24, 15, 17, 35, 115825), 'category': 'Shampoo', 'id': 'tPp453160-695433-695434', 'prod_name': 'Argan+ Long & Strong Shampoo', 'waitrose_Qty': '300ml', 'waitrose_discounted_price': '£6.00', 'waitrose_offer_desc': 'Add 2 for £8', 'waitrose_url': 'https://www.waitrose.com/ecom/shop/browse/groceries/toiletries_health_and_beauty/hair_care/shampoo', 'waitrose_rating': None, 'waitrose_unit_price': '(£2/100ml)', 'waitrose_new_flag': None, 'waitrose_prod_name': 'Argan+ Long & Strong Shampoo 300ml', 'images': []}
DEBUG: Scraped from <200 https://www.waitrose.com/ecom/shop/browse/groceries/toiletries_health_and_beauty/hair_care/shampoo>
{'client': 'Waitrose', 'time': datetime.datetime(2020, 9, 24, 15, 17, 35, 115825), 'category': 'Shampoo', 'id': 'tPp724972-694185-694186', 'prod_name': 'Pantene 3in1 Repair & Protect', 'waitrose_Qty': '450ml', 'waitrose_discounted_price': '£3.75', 'waitrose_offer_desc': None, 'waitrose_url': 'https://www.waitrose.com/ecom/shop/browse/groceries/toiletries_health_and_beauty/hair_care/shampoo', 'waitrose_rating': None, 'waitrose_unit_price': '(83.3p/100ml)', 'waitrose_new_flag': None, 'waitrose_prod_name': 'Pantene 3in1 Repair & Protect 450ml', 'images': []}
DEBUG: Scraped from <200 https://www.waitrose.com/ecom/shop/browse/groceries/toiletries_health_and_beauty/hair_care/shampoo>
{'client': 'Waitrose', 'time': datetime.datetime(2020, 9, 24, 15, 17, 35, 115825), 'category': 'Shampoo', 'id': 'tPp626001-88825-88826', 'prod_name': 'Head & Shoulders Shampoo Citrus Fresh', 'waitrose_Qty': '500ml', 'waitrose_discounted_price': '£5.15', 'waitrose_offer_desc': None, 'waitrose_url': 'https://www.waitrose.com/ecom/shop/browse/groceries/toiletries_health_and_beauty/hair_care/shampoo', 'waitrose_rating': None, 'waitrose_unit_price': '(£1.03/100ml)', 'waitrose_new_flag': None, 'waitrose_prod_name': 'Head & Shoulders Shampoo Citrus Fresh 500ml', 'images': []}
DEBUG: Scraped from <200 https://www.waitrose.com/ecom/shop/browse/groceries/toiletries_health_and_beauty/hair_care/shampoo>
{'client': 'Waitrose', 'time': datetime.datetime(2020, 9, 24, 15, 17, 35, 115825), 'category': 'Shampoo', 'id': 'tPp530991-695493-695494', 'prod_name': 'John Frieda Shampoo Detox & Repair', 'waitrose_Qty': '250ml', 'waitrose_discounted_price': '£6.00', 'waitrose_offer_desc': None, 'waitrose_url': 'https://www.waitrose.com/ecom/shop/browse/groceries/toiletries_health_and_beauty/hair_care/shampoo', 'waitrose_rating': None, 'waitrose_unit_price': '(£2.40/100ml)', 'waitrose_new_flag': None, 'waitrose_prod_name': 'John Frieda Shampoo Detox & Repair 250ml', 'images': []}
DEBUG: Scraped from <200 https://www.waitrose.com/ecom/shop/browse/groceries/toiletries_health_and_beauty/hair_care/shampoo>
{'client': 'Waitrose', 'time': datetime.datetime(2020, 9, 24, 15, 17, 35, 115825), 'category': 'Shampoo', 'id': 'tPp809690-337194-337195', 'prod_name': 'Head & Shoulders 2in1 Itchy Scalp', 'waitrose_Qty': '450ml', 'waitrose_discounted_price': '£5.15', 'waitrose_offer_desc': None, 'waitrose_url': 'https://www.waitrose.com/ecom/shop/browse/groceries/toiletries_health_and_beauty/hair_care/shampoo', 'waitrose_rating': '5', 'waitrose_unit_price': '(£1.15/100ml)', 'waitrose_new_flag': None, 'waitrose_prod_name': 'Head & Shoulders 2in1 Itchy Scalp 450ml', 'images': []}
DEBUG: Scraped from <200 https://www.waitrose.com/ecom/shop/browse/groceries/toiletries_health_and_beauty/hair_care/shampoo>
{'client': 'Waitrose', 'time': datetime.datetime(2020, 9, 24, 15, 17, 35, 115825), 'category': 'Shampoo', 'id': 'tPp492466-631281-631282', 'prod_name': 'Hask Keratin Protein Smoothing Shampoo', 'waitrose_Qty': '355ml', 'waitrose_discounted_price': '£7.00', 'waitrose_offer_desc': None, 'waitrose_url': 'https://www.waitrose.com/ecom/shop/browse/groceries/toiletries_health_and_beauty/hair_care/shampoo', 'waitrose_rating': None, 'waitrose_unit_price': '(£1.98/100ml)', 'waitrose_new_flag': None, 'waitrose_prod_name': 'Hask Keratin Protein Smoothing Shampoo 355ml', 'images': []}
DEBUG: Scraped from <200 https://www.waitrose.com/ecom/shop/browse/groceries/toiletries_health_and_beauty/hair_care/shampoo>
{'client': 'Waitrose', 'time': datetime.datetime(2020, 9, 24, 15, 17, 35, 115825), 'category': 'Shampoo', 'id': 'tPp803275-329016-329017', 'prod_name': 'AOrganic Peppermint Shampoo', 'waitrose_Qty': '325ml', 'waitrose_discounted_price': '£5.24', 'waitrose_offer_desc': '25% Off.', 'waitrose_url': 'https://www.waitrose.com/ecom/shop/browse/groceries/toiletries_health_and_beauty/hair_care/shampoo', 'waitrose_rating': '4', 'waitrose_unit_price': '(£1.62/100ml)', 'waitrose_new_flag': None, 'waitrose_prod_name': 'AOrganic Peppermint Shampoo 325ml', 'images': []}
DEBUG: Scraped from <200 https://www.waitrose.com/ecom/shop/browse/groceries/toiletries_health_and_beauty/hair_care/shampoo>
{'client': 'Waitrose', 'time': datetime.datetime(2020, 9, 24, 15, 17, 35, 115825), 'category': 'Shampoo', 'id': 'tPp807825-473364-473365', 'prod_name': 'SenSpa Deep Cleanse Shampoo', 'waitrose_Qty': '250ml', 'waitrose_discounted_price': '£6.00', 'waitrose_offer_desc': None, 'waitrose_url': 'https://www.waitrose.com/ecom/shop/browse/groceries/toiletries_health_and_beauty/hair_care/shampoo', 'waitrose_rating': '3.7', 'waitrose_unit_price': '(£2.40/100ml)', 'waitrose_new_flag': None, 'waitrose_prod_name': 'SenSpa Deep Cleanse Shampoo 250ml', 'images': []}
DEBUG: Scraped from <200 https://www.waitrose.com/ecom/shop/browse/groceries/toiletries_health_and_beauty/hair_care/shampoo>
{'client': 'Waitrose', 'time': datetime.datetime(2020, 9, 24, 15, 17, 35, 115825), 'category': 'Shampoo', 'id': 'tPp426973-298983-298984', 'prod_name': 'Head & Shoulders 2in1 Apple Fresh', 'waitrose_Qty': '450ml', 'waitrose_discounted_price': '£5.00', 'waitrose_offer_desc': None, 'waitrose_url': 'https://www.waitrose.com/ecom/shop/browse/groceries/toiletries_health_and_beauty/hair_care/shampoo', 'waitrose_rating': None, 'waitrose_unit_price': '(£1.12/100ml)', 'waitrose_new_flag': None, 'waitrose_prod_name': 'Head & Shoulders 2in1 Apple Fresh 450ml', 'images': []}
DEBUG: Scraped from <200 https://www.waitrose.com/ecom/shop/browse/groceries/toiletries_health_and_beauty/hair_care/shampoo>
{'client': 'Waitrose', 'time': datetime.datetime(2020, 9, 24, 15, 17, 35, 115825), 'category': 'Shampoo', 'id': 'tPp863078-695988-695989', 'prod_name': 'Pantene Hair Biology Full & Vibrant', 'waitrose_Qty': '250ml', 'waitrose_discounted_price': '£3.00', 'waitrose_offer_desc': 'Save 1/3.', 'waitrose_url': 'https://www.waitrose.com/ecom/shop/browse/groceries/toiletries_health_and_beauty/hair_care/shampoo', 'waitrose_rating': None, 'waitrose_unit_price': '(£1.20/100ml)', 'waitrose_new_flag': None, 'waitrose_prod_name': 'Pantene Hair Biology Full & Vibrant 250ml', 'images': []}
DEBUG: Scraped from <200 https://www.waitrose.com/ecom/shop/browse/groceries/toiletries_health_and_beauty/hair_care/shampoo>
{'client': 'Waitrose', 'time': datetime.datetime(2020, 9, 24, 15, 17, 35, 115825), 'category': 'Shampoo', 'id': 'tPp698673-735854-735855', 'prod_name': 'Pantene Pro V Rose Water Shampoo', 'waitrose_Qty': '225ml', 'waitrose_discounted_price': '£3.75', 'waitrose_offer_desc': None, 'waitrose_url': 'https://www.waitrose.com/ecom/shop/browse/groceries/toiletries_health_and_beauty/hair_care/shampoo', 'waitrose_rating': None, 'waitrose_unit_price': '(£1.67/100ml)', 'waitrose_new_flag': 'NEW', 'waitrose_prod_name': 'Pantene Pro V Rose Water Shampoo 225ml', 'images': []}
DEBUG: Scraped from <200 https://www.waitrose.com/ecom/shop/browse/groceries/toiletries_health_and_beauty/hair_care/shampoo>
{'client': 'Waitrose', 'time': datetime.datetime(2020, 9, 24, 15, 17, 35, 115825), 'category': 'Shampoo', 'id': 'tPp884562-720413-720414', 'prod_name': 'Maui Moisture Shea Butter Shampoo', 'waitrose_Qty': '385ml', 'waitrose_discounted_price': '£9.00', 'waitrose_offer_desc': None, 'waitrose_url': 'https://www.waitrose.com/ecom/shop/browse/groceries/toiletries_health_and_beauty/hair_care/shampoo', 'waitrose_rating': None, 'waitrose_unit_price': '(£2.34/100ml)', 'waitrose_new_flag': None, 'waitrose_prod_name': 'Maui Moisture Shea Butter Shampoo 385ml', 'images': []}
DEBUG: Scraped from <200 https://www.waitrose.com/ecom/shop/browse/groceries/toiletries_health_and_beauty/hair_care/shampoo>
{'client': 'Waitrose', 'time': datetime.datetime(2020, 9, 24, 15, 17, 35, 115825), 'category': 'Shampoo', 'id': 'tPp567431-729696-729697', 'prod_name': 'Batiste Dry Shampoo for Blondes', 'waitrose_Qty': '200ml', 'waitrose_discounted_price': '£4.00', 'waitrose_offer_desc': None, 'waitrose_url': 'https://www.waitrose.com/ecom/shop/browse/groceries/toiletries_health_and_beauty/hair_care/shampoo', 'waitrose_rating': None, 'waitrose_unit_price': '(£2/100ml)', 'waitrose_new_flag': None, 'waitrose_prod_name': 'Batiste Dry Shampoo for Blondes 200ml', 'images': []}
DEBUG: Scraped from <200 https://www.waitrose.com/ecom/shop/browse/groceries/toiletries_health_and_beauty/hair_care/shampoo>
{'client': 'Waitrose', 'time': datetime.datetime(2020, 9, 24, 15, 17, 35, 115825), 'category': 'Shampoo', 'id': 'tPp820157-724089-724090', 'prod_name': 'Eco Warrior Shampoo Bar', 'waitrose_Qty': '100g', 'waitrose_discounted_price': '£4.50', 'waitrose_offer_desc': None, 'waitrose_url': 'https://www.waitrose.com/ecom/shop/browse/groceries/toiletries_health_and_beauty/hair_care/shampoo', 'waitrose_rating': None, 'waitrose_unit_price': '(£4.50/100g)', 'waitrose_new_flag': None, 'waitrose_prod_name': 'Eco Warrior Shampoo Bar 100g', 'images': []}
DEBUG: Scraped from <200 https://www.waitrose.com/ecom/shop/browse/groceries/toiletries_health_and_beauty/hair_care/shampoo>
{'client': 'Waitrose', 'time': datetime.datetime(2020, 9, 24, 15, 17, 35, 115825), 'category': 'Shampoo', 'id': 'tPp584599-695531-695532', 'prod_name': 'Batiste Dry Shampoo Volume', 'waitrose_Qty': '200ml', 'waitrose_discounted_price': '£4.25', 'waitrose_offer_desc': None, 'waitrose_url': 'https://www.waitrose.com/ecom/shop/browse/groceries/toiletries_health_and_beauty/hair_care/shampoo', 'waitrose_rating': None, 'waitrose_unit_price': '(£2.13/100ml)', 'waitrose_new_flag': None, 'waitrose_prod_name': 'Batiste Dry Shampoo Volume 200ml', 'images': []}
DEBUG: Scraped from <200 https://www.waitrose.com/ecom/shop/browse/groceries/toiletries_health_and_beauty/hair_care/shampoo>
{'client': 'Waitrose', 'time': datetime.datetime(2020, 9, 24, 15, 17, 35, 115825), 'category': 'Shampoo', 'id': 'tPp554742-695503-695504', 'prod_name': 'Umberto Giannini Violet Shampoo', 'waitrose_Qty': '250ml', 'waitrose_discounted_price': '£8.00', 'waitrose_offer_desc': None, 'waitrose_url': 'https://www.waitrose.com/ecom/shop/browse/groceries/toiletries_health_and_beauty/hair_care/shampoo', 'waitrose_rating': None, 'waitrose_unit_price': '(£3.20/100ml)', 'waitrose_new_flag': None, 'waitrose_prod_name': 'Umberto Giannini Violet Shampoo 250ml', 'images': []}
DEBUG: Scraped from <200 https://www.waitrose.com/ecom/shop/browse/groceries/toiletries_health_and_beauty/hair_care/shampoo>
{'client': 'Waitrose', 'time': datetime.datetime(2020, 9, 24, 15, 17, 35, 115825), 'category': 'Shampoo', 'id': 'tPp836383-271490-271491', 'prod_name': 'Head & Shoulders 2in1 citrus care', 'waitrose_Qty': '450ml', 'waitrose_discounted_price': '£5.15', 'waitrose_offer_desc': None, 'waitrose_url': 'https://www.waitrose.com/ecom/shop/browse/groceries/toiletries_health_and_beauty/hair_care/shampoo', 'waitrose_rating': None, 'waitrose_unit_price': '(£1.15/100ml)', 'waitrose_new_flag': None, 'waitrose_prod_name': 'Head & Shoulders 2in1 citrus care 450ml', 'images': []}
DEBUG: Scraped from <200 https://www.waitrose.com/ecom/shop/browse/groceries/toiletries_health_and_beauty/hair_care/shampoo>
{'client': 'Waitrose', 'time': datetime.datetime(2020, 9, 24, 15, 17, 35, 115825), 'category': 'Shampoo', 'id': 'tPp861587-154949-154950', 'prod_name': 'Batiste dark & deep brown dry shampoo', 'waitrose_Qty': '200ml', 'waitrose_discounted_price': '£4.00', 'waitrose_offer_desc': None, 'waitrose_url': 'https://www.waitrose.com/ecom/shop/browse/groceries/toiletries_health_and_beauty/hair_care/shampoo', 'waitrose_rating': None, 'waitrose_unit_price': '(£2/100ml)', 'waitrose_new_flag': None, 'waitrose_prod_name': 'Batiste dark & deep brown dry shampoo 200ml', 'images': []}
DEBUG: Scraped from <200 https://www.waitrose.com/ecom/shop/browse/groceries/toiletries_health_and_beauty/hair_care/shampoo>
{'client': 'Waitrose', 'time': datetime.datetime(2020, 9, 24, 15, 17, 35, 115825), 'category': 'Shampoo', 'id': 'tPp694392-98595-98596', 'prod_name': 'Head & Shoulders Shampoo Cool Menthol', 'waitrose_Qty': '500ml', 'waitrose_discounted_price': '£5.15', 'waitrose_offer_desc': None, 'waitrose_url': 'https://www.waitrose.com/ecom/shop/browse/groceries/toiletries_health_and_beauty/hair_care/shampoo', 'waitrose_rating': None, 'waitrose_unit_price': '(£1.03/100ml)', 'waitrose_new_flag': None, 'waitrose_prod_name': 'Head & Shoulders Shampoo Cool Menthol 500ml', 'images': []}
DEBUG: Scraped from <200 https://www.waitrose.com/ecom/shop/browse/groceries/toiletries_health_and_beauty/hair_care/shampoo>
{'client': 'Waitrose', 'time': datetime.datetime(2020, 9, 24, 15, 17, 35, 115825), 'category': 'Shampoo', 'id': 'tPp405353-729640-729641', 'prod_name': 'Percy & Reed No-Fuss Dry Shampoo', 'waitrose_Qty': '200ml', 'waitrose_discounted_price': '£15.00', 'waitrose_offer_desc': '25% off Sept 23', 'waitrose_url': 'https://www.waitrose.com/ecom/shop/browse/groceries/toiletries_health_and_beauty/hair_care/shampoo', 'waitrose_rating': '3.8', 'waitrose_unit_price': '(£7.50/100ml)', 'waitrose_new_flag': None, 'waitrose_prod_name': 'Percy & Reed No-Fuss Dry Shampoo 200ml', 'images': []}
DEBUG: Scraped from <200 https://www.waitrose.com/ecom/shop/browse/groceries/toiletries_health_and_beauty/hair_care/shampoo>
{'client': 'Waitrose', 'time': datetime.datetime(2020, 9, 24, 15, 17, 35, 115825), 'category': 'Shampoo', 'id': 'tPp808436-720325-720326', 'prod_name': 'Hask Biotin Boost Shampoo', 'waitrose_Qty': '355ml', 'waitrose_discounted_price': '£7.00', 'waitrose_offer_desc': None, 'waitrose_url': 'https://www.waitrose.com/ecom/shop/browse/groceries/toiletries_health_and_beauty/hair_care/shampoo', 'waitrose_rating': None, 'waitrose_unit_price': '(£1.98/100ml)', 'waitrose_new_flag': None, 'waitrose_prod_name': 'Hask Biotin Boost Shampoo 355ml', 'images': []}
DEBUG: Scraped from <200 https://www.waitrose.com/ecom/shop/browse/groceries/toiletries_health_and_beauty/hair_care/shampoo>
{'client': 'Waitrose', 'time': datetime.datetime(2020, 9, 24, 15, 17, 35, 115825), 'category': 'Shampoo', 'id': 'tPp812614-707138-707139', 'prod_name': 'Beco Spring Meadow Shampoo Bar', 'waitrose_Qty': '90g', 'waitrose_discounted_price': '£4.00', 'waitrose_offer_desc': None, 'waitrose_url': 'https://www.waitrose.com/ecom/shop/browse/groceries/toiletries_health_and_beauty/hair_care/shampoo', 'waitrose_rating': '3.3', 'waitrose_unit_price': '(£4.45/100g)', 'waitrose_new_flag': None, 'waitrose_prod_name': 'Beco Spring Meadow Shampoo Bar 90g', 'images': []}
DEBUG: Scraped from <200 https://www.waitrose.com/ecom/shop/browse/groceries/toiletries_health_and_beauty/hair_care/shampoo>
{'client': 'Waitrose', 'time': datetime.datetime(2020, 9, 24, 15, 17, 35, 115825), 'category': 'Shampoo', 'id': 'tPp603087-695555-695556', 'prod_name': 'Noughty Colour Bomb Shampoo', 'waitrose_Qty': '250ml', 'waitrose_discounted_price': '£7.00', 'waitrose_offer_desc': None, 'waitrose_url': 'https://www.waitrose.com/ecom/shop/browse/groceries/toiletries_health_and_beauty/hair_care/shampoo', 'waitrose_rating': '3', 'waitrose_unit_price': '(£2.80/100ml)', 'waitrose_new_flag': None, 'waitrose_prod_name': 'Noughty Colour Bomb Shampoo 250ml', 'images': []}
DEBUG: Scraped from <200 https://www.waitrose.com/ecom/shop/browse/groceries/toiletries_health_and_beauty/hair_care/shampoo>
{'client': 'Waitrose', 'time': datetime.datetime(2020, 9, 24, 15, 17, 35, 115825), 'category': 'Shampoo', 'id': 'tPp725372-631511-631512', 'prod_name': 'Hask Moni Coconut Oil Shampoo', 'waitrose_Qty': '355ml', 'waitrose_discounted_price': '£7.00', 'waitrose_offer_desc': None, 'waitrose_url': 'https://www.waitrose.com/ecom/shop/browse/groceries/toiletries_health_and_beauty/hair_care/shampoo', 'waitrose_rating': None, 'waitrose_unit_price': '(£1.98/100ml)', 'waitrose_new_flag': None, 'waitrose_prod_name': 'Hask Moni Coconut Oil Shampoo 355ml', 'images': []}
DEBUG: Scraped from <200 https://www.waitrose.com/ecom/shop/browse/groceries/toiletries_health_and_beauty/hair_care/shampoo>
{'client': 'Waitrose', 'time': datetime.datetime(2020, 9, 24, 15, 17, 35, 115825), 'category': 'Shampoo', 'id': 'tPp816738-442231-442232', 'prod_name': 'SensSpa Nourishing Shampoo', 'waitrose_Qty': '250ml', 'waitrose_discounted_price': '£6.00', 'waitrose_offer_desc': None, 'waitrose_url': 'https://www.waitrose.com/ecom/shop/browse/groceries/toiletries_health_and_beauty/hair_care/shampoo', 'waitrose_rating': '2.6', 'waitrose_unit_price': '(£2.40/100ml)', 'waitrose_new_flag': None, 'waitrose_prod_name': 'SensSpa Nourishing Shampoo 250ml', 'images': []}
DEBUG: Scraped from <200 https://www.waitrose.com/ecom/shop/browse/groceries/toiletries_health_and_beauty/hair_care/shampoo>
{'client': 'Waitrose', 'time': datetime.datetime(2020, 9, 24, 15, 17, 35, 115825), 'category': 'Shampoo', 'id': 'tPp834106-299691-299692', 'prod_name': 'Head & Shoulders 2in1 smooth & silky', 'waitrose_Qty': '450ml', 'waitrose_discounted_price': '£5.00', 'waitrose_offer_desc': None, 'waitrose_url': 'https://www.waitrose.com/ecom/shop/browse/groceries/toiletries_health_and_beauty/hair_care/shampoo', 'waitrose_rating': None, 'waitrose_unit_price': '(£1.12/100ml)', 'waitrose_new_flag': None, 'waitrose_prod_name': 'Head & Shoulders 2in1 smooth & silky 450ml', 'images': []}
DEBUG: Scraped from <200 https://www.waitrose.com/ecom/shop/browse/groceries/toiletries_health_and_beauty/hair_care/shampoo>
{'client': 'Waitrose', 'time': datetime.datetime(2020, 9, 24, 15, 17, 35, 115825), 'category': 'Shampoo', 'id': 'tPp480888-154495-154496', 'prod_name': 'Head & Shoulders Smooth Shampoo', 'waitrose_Qty': '500ml', 'waitrose_discounted_price': '£5.15', 'waitrose_offer_desc': None, 'waitrose_url': 'https://www.waitrose.com/ecom/shop/browse/groceries/toiletries_health_and_beauty/hair_care/shampoo', 'waitrose_rating': '5', 'waitrose_unit_price': '(£1.03/100ml)', 'waitrose_new_flag': None, 'waitrose_prod_name': 'Head & Shoulders Smooth Shampoo 500ml', 'images': []}
DEBUG: Scraped from <200 https://www.waitrose.com/ecom/shop/browse/groceries/toiletries_health_and_beauty/hair_care/shampoo>
{'client': 'Waitrose', 'time': datetime.datetime(2020, 9, 24, 15, 17, 35, 115825), 'category': 'Shampoo', 'id': 'tPp492090-729670-729671', 'prod_name': 'Percy & Reed Volumising Shampoo', 'waitrose_Qty': '250ml', 'waitrose_discounted_price': '£18.00', 'waitrose_offer_desc': '25% off Sept 23', 'waitrose_url': 'https://www.waitrose.com/ecom/shop/browse/groceries/toiletries_health_and_beauty/hair_care/shampoo', 'waitrose_rating': None, 'waitrose_unit_price': '(£7.20/100ml)', 'waitrose_new_flag': None, 'waitrose_prod_name': 'Percy & Reed Volumising Shampoo 250ml', 'images': []}
DEBUG: Scraped from <200 https://www.waitrose.com/ecom/shop/browse/groceries/toiletries_health_and_beauty/hair_care/shampoo>
{'client': 'Waitrose', 'time': datetime.datetime(2020, 9, 24, 15, 17, 35, 115825), 'category': 'Shampoo', 'id': 'tPp829437-695831-695832', 'prod_name': 'Umberto Giannini Grow Long Shampoo', 'waitrose_Qty': '250ml', 'waitrose_discounted_price': '£8.00', 'waitrose_offer_desc': None, 'waitrose_url': 'https://www.waitrose.com/ecom/shop/browse/groceries/toiletries_health_and_beauty/hair_care/shampoo', 'waitrose_rating': '5', 'waitrose_unit_price': '(£3.20/100ml)', 'waitrose_new_flag': None, 'waitrose_prod_name': 'Umberto Giannini Grow Long Shampoo 250ml', 'images': []}
DEBUG: Scraped from <200 https://www.waitrose.com/ecom/shop/browse/groceries/toiletries_health_and_beauty/hair_care/shampoo>
{'client': 'Waitrose', 'time': datetime.datetime(2020, 9, 24, 15, 17, 35, 115825), 'category': 'Shampoo', 'id': 'tPp581644-729702-729703', 'prod_name': 'Percy & Reed Hydrating Shampoo', 'waitrose_Qty': '250ml', 'waitrose_discounted_price': '£18.00', 'waitrose_offer_desc': '25% off Sept 23', 'waitrose_url': 'https://www.waitrose.com/ecom/shop/browse/groceries/toiletries_health_and_beauty/hair_care/shampoo', 'waitrose_rating': None, 'waitrose_unit_price': '(£7.20/100ml)', 'waitrose_new_flag': None, 'waitrose_prod_name': 'Percy & Reed Hydrating Shampoo 250ml', 'images': []}
DEBUG: Scraped from <200 https://www.waitrose.com/ecom/shop/browse/groceries/toiletries_health_and_beauty/hair_care/shampoo>
{'client': 'Waitrose', 'time': datetime.datetime(2020, 9, 24, 15, 17, 35, 115825), 'category': 'Shampoo', 'id': 'tPp527154-720165-720166', 'prod_name': 'Maui Moisture Hibiscus Water', 'waitrose_Qty': '385ml', 'waitrose_discounted_price': '£9.00', 'waitrose_offer_desc': None, 'waitrose_url': 'https://www.waitrose.com/ecom/shop/browse/groceries/toiletries_health_and_beauty/hair_care/shampoo', 'waitrose_rating': None, 'waitrose_unit_price': '(£2.34/100ml)', 'waitrose_new_flag': None, 'waitrose_prod_name': 'Maui Moisture Hibiscus Water 385ml', 'images': []}
DEBUG: Scraped from <200 https://www.waitrose.com/ecom/shop/browse/groceries/toiletries_health_and_beauty/hair_care/shampoo>
{'client': 'Waitrose', 'time': datetime.datetime(2020, 9, 24, 15, 17, 35, 115825), 'category': 'Shampoo', 'id': 'tPp888765-695909-695910', 'prod_name': 'Umberto Giannini Curl Jelly Wash', 'waitrose_Qty': '250ml', 'waitrose_discounted_price': '£8.00', 'waitrose_offer_desc': None, 'waitrose_url': 'https://www.waitrose.com/ecom/shop/browse/groceries/toiletries_health_and_beauty/hair_care/shampoo', 'waitrose_rating': '2.5', 'waitrose_unit_price': '(£3.20/100ml)', 'waitrose_new_flag': None, 'waitrose_prod_name': 'Umberto Giannini Curl Jelly Wash 250ml', 'images': []}
DEBUG: Scraped from <200 https://www.waitrose.com/ecom/shop/browse/groceries/toiletries_health_and_beauty/hair_care/shampoo>
{'client': 'Waitrose', 'time': datetime.datetime(2020, 9, 24, 15, 17, 35, 115825), 'category': 'Shampoo', 'id': 'tPp734002-695705-695706', 'prod_name': 'Percy & Reed Wonder Wash Shampoo', 'waitrose_Qty': '250ml', 'waitrose_discounted_price': '£18.00', 'waitrose_offer_desc': '25% off Sept 23', 'waitrose_url': 'https://www.waitrose.com/ecom/shop/browse/groceries/toiletries_health_and_beauty/hair_care/shampoo', 'waitrose_rating': '4.1', 'waitrose_unit_price': '(£7.20/100ml)', 'waitrose_new_flag': None, 'waitrose_prod_name': 'Percy & Reed Wonder Wash Shampoo 250ml', 'images': []}
DEBUG: Scraped from <200 https://www.waitrose.com/ecom/shop/browse/groceries/toiletries_health_and_beauty/hair_care/shampoo>
{'client': 'Waitrose', 'time': datetime.datetime(2020, 9, 24, 15, 17, 35, 115825), 'category': 'Shampoo', 'id': 'tPp591666-681031-681032', 'prod_name': 'Pure Grace Shower Gel', 'waitrose_Qty': '480ml', 'waitrose_discounted_price': '£19.50', 'waitrose_offer_desc': None, 'waitrose_url': 'https://www.waitrose.com/ecom/shop/browse/groceries/toiletries_health_and_beauty/hair_care/shampoo', 'waitrose_rating': None, 'waitrose_unit_price': '(£4.07/100ml)', 'waitrose_new_flag': None, 'waitrose_prod_name': 'Pure Grace Shower Gel 480ml', 'images': []}
INFO: Closing spider (finished)
INFO: Stored json feed (132 items) in: waitrose_092420.json
INFO: Dumping Scrapy stats:
{'downloader/request_bytes': 2588,
 'downloader/request_count': 1,
 'downloader/request_method_count/POST': 1,
 'downloader/response_bytes': 1508268,
 'downloader/response_count': 1,
 'downloader/response_status_count/200': 1,
 'finish_reason': 'finished',
 'finish_time': datetime.datetime(2020, 9, 24, 9, 48, 52, 366823),
 'item_scraped_count': 132,
 'log_count/DEBUG': 133,
 'log_count/INFO': 11,
 'log_count/WARNING': 1,
 'response_received_count': 1,
 'scheduler/dequeued': 2,
 'scheduler/dequeued/memory': 2,
 'scheduler/enqueued': 2,
 'scheduler/enqueued/memory': 2,
 'splash/execute/request_count': 1,
 'splash/execute/response_count/200': 1,
 'start_time': datetime.datetime(2020, 9, 24, 9, 47, 35, 458442)}
INFO: Spider closed (finished)
INFO: Scrapy 1.6.0 started (bot: waitrose)
INFO: Versions: lxml 4.5.1.0, libxml2 2.9.10, cssselect 1.1.0, parsel 1.6.0, w3lib 1.22.0, Twisted 20.3.0, Python 3.7.7 (default, May  6 2020, 11:45:54) [MSC v.1916 64 bit (AMD64)], pyOpenSSL 19.1.0 (OpenSSL 1.1.1g  21 Apr 2020), cryptography 2.9.2, Platform Windows-10-10.0.18362-SP0
INFO: Overridden settings: {'BOT_NAME': 'waitrose', 'DOWNLOAD_TIMEOUT': 1200, 'DUPEFILTER_CLASS': 'scrapy_splash.SplashAwareDupeFilter', 'FEED_EXPORT_ENCODING': 'utf-8', 'FEED_FORMAT': 'json', 'FEED_URI': 'waitrose_100120.json', 'NEWSPIDER_MODULE': 'waitrose.spiders', 'SPIDER_MODULES': ['waitrose.spiders']}
INFO: Telnet Password: b18e1a399ab46359
INFO: Enabled extensions:
['scrapy.extensions.corestats.CoreStats',
 'scrapy.extensions.telnet.TelnetConsole',
 'scrapy.extensions.feedexport.FeedExporter',
 'scrapy.extensions.logstats.LogStats']
INFO: Enabled downloader middlewares:
['scrapy.downloadermiddlewares.httpauth.HttpAuthMiddleware',
 'scrapy.downloadermiddlewares.downloadtimeout.DownloadTimeoutMiddleware',
 'scrapy.downloadermiddlewares.defaultheaders.DefaultHeadersMiddleware',
 'scrapy.downloadermiddlewares.useragent.UserAgentMiddleware',
 'scrapy.downloadermiddlewares.retry.RetryMiddleware',
 'scrapy.downloadermiddlewares.redirect.MetaRefreshMiddleware',
 'scrapy.downloadermiddlewares.redirect.RedirectMiddleware',
 'scrapy.downloadermiddlewares.cookies.CookiesMiddleware',
 'scrapy_splash.SplashCookiesMiddleware',
 'scrapy_splash.SplashMiddleware',
 'scrapy.downloadermiddlewares.httpproxy.HttpProxyMiddleware',
 'scrapy.downloadermiddlewares.httpcompression.HttpCompressionMiddleware',
 'scrapy.downloadermiddlewares.stats.DownloaderStats']
INFO: Enabled spider middlewares:
['scrapy.spidermiddlewares.httperror.HttpErrorMiddleware',
 'scrapy_splash.SplashDeduplicateArgsMiddleware',
 'scrapy.spidermiddlewares.offsite.OffsiteMiddleware',
 'scrapy.spidermiddlewares.referer.RefererMiddleware',
 'scrapy.spidermiddlewares.urllength.UrlLengthMiddleware',
 'scrapy.spidermiddlewares.depth.DepthMiddleware']
INFO: Enabled item pipelines:
['waitrose.pipelines.ImageDownloaderPipeline',
 'waitrose.pipelines.SQLlitePipeline']
INFO: Spider opened
INFO: Crawled 0 pages (at 0 pages/min), scraped 0 items (at 0 items/min)
WARNING: C:\Users\sujithk\AppData\Local\Continuum\anaconda3\envs\Virtual_Env\lib\site-packages\scrapy\spidermiddlewares\offsite.py:61: URLWarning: allowed_domains accepts only domains, not URLs. Ignoring URL entry https://www.waitrose.com/ in allowed_domains.
  warnings.warn(message, URLWarning)

INFO: Telnet console listening on 127.0.0.1:6023
DEBUG: Retrying <GET https://www.waitrose.com/ecom/shop/browse/groceries/toiletries_health_and_beauty/hair_care/shampoo via http://192.168.1.1:8050/execute> (failed 1 times): Connection was refused by other side: 10061: No connection could be made because the target machine actively refused it..
DEBUG: Retrying <GET https://www.waitrose.com/ecom/shop/browse/groceries/toiletries_health_and_beauty/hair_care/shampoo via http://192.168.1.1:8050/execute> (failed 2 times): Connection was refused by other side: 10061: No connection could be made because the target machine actively refused it..
DEBUG: Gave up retrying <GET https://www.waitrose.com/ecom/shop/browse/groceries/toiletries_health_and_beauty/hair_care/shampoo via http://192.168.1.1:8050/execute> (failed 3 times): Connection was refused by other side: 10061: No connection could be made because the target machine actively refused it..
ERROR: Error downloading <GET https://www.waitrose.com/ecom/shop/browse/groceries/toiletries_health_and_beauty/hair_care/shampoo via http://192.168.1.1:8050/execute>
Traceback (most recent call last):
  File "C:\Users\sujithk\AppData\Local\Continuum\anaconda3\envs\Virtual_Env\lib\site-packages\scrapy\core\downloader\middleware.py", line 43, in process_request
    defer.returnValue((yield download_func(request=request,spider=spider)))
twisted.internet.error.ConnectionRefusedError: Connection was refused by other side: 10061: No connection could be made because the target machine actively refused it..
INFO: Closing spider (finished)
INFO: Dumping Scrapy stats:
{'downloader/exception_count': 3,
 'downloader/exception_type_count/twisted.internet.error.ConnectionRefusedError': 3,
 'downloader/request_bytes': 7764,
 'downloader/request_count': 3,
 'downloader/request_method_count/POST': 3,
 'finish_reason': 'finished',
 'finish_time': datetime.datetime(2020, 10, 1, 17, 27, 17, 114243),
 'log_count/DEBUG': 3,
 'log_count/ERROR': 1,
 'log_count/INFO': 9,
 'log_count/WARNING': 1,
 'retry/count': 2,
 'retry/max_reached': 1,
 'retry/reason_count/twisted.internet.error.ConnectionRefusedError': 2,
 'scheduler/dequeued': 4,
 'scheduler/dequeued/memory': 4,
 'scheduler/enqueued': 4,
 'scheduler/enqueued/memory': 4,
 'splash/execute/request_count': 1,
 'start_time': datetime.datetime(2020, 10, 1, 17, 27, 10, 833390)}
INFO: Spider closed (finished)
INFO: Scrapy 1.6.0 started (bot: waitrose)
INFO: Versions: lxml 4.5.1.0, libxml2 2.9.10, cssselect 1.1.0, parsel 1.6.0, w3lib 1.22.0, Twisted 20.3.0, Python 3.7.7 (default, May  6 2020, 11:45:54) [MSC v.1916 64 bit (AMD64)], pyOpenSSL 19.1.0 (OpenSSL 1.1.1g  21 Apr 2020), cryptography 2.9.2, Platform Windows-10-10.0.18362-SP0
INFO: Overridden settings: {'BOT_NAME': 'waitrose', 'DOWNLOAD_TIMEOUT': 1200, 'DUPEFILTER_CLASS': 'scrapy_splash.SplashAwareDupeFilter', 'FEED_EXPORT_ENCODING': 'utf-8', 'FEED_FORMAT': 'json', 'FEED_URI': 'waitrose_100120.json', 'NEWSPIDER_MODULE': 'waitrose.spiders', 'SPIDER_MODULES': ['waitrose.spiders']}
INFO: Telnet Password: da2b8da3a7c01152
INFO: Enabled extensions:
['scrapy.extensions.corestats.CoreStats',
 'scrapy.extensions.telnet.TelnetConsole',
 'scrapy.extensions.feedexport.FeedExporter',
 'scrapy.extensions.logstats.LogStats']
INFO: Enabled downloader middlewares:
['scrapy.downloadermiddlewares.httpauth.HttpAuthMiddleware',
 'scrapy.downloadermiddlewares.downloadtimeout.DownloadTimeoutMiddleware',
 'scrapy.downloadermiddlewares.defaultheaders.DefaultHeadersMiddleware',
 'scrapy.downloadermiddlewares.useragent.UserAgentMiddleware',
 'scrapy.downloadermiddlewares.retry.RetryMiddleware',
 'scrapy.downloadermiddlewares.redirect.MetaRefreshMiddleware',
 'scrapy.downloadermiddlewares.redirect.RedirectMiddleware',
 'scrapy.downloadermiddlewares.cookies.CookiesMiddleware',
 'scrapy_splash.SplashCookiesMiddleware',
 'scrapy_splash.SplashMiddleware',
 'scrapy.downloadermiddlewares.httpproxy.HttpProxyMiddleware',
 'scrapy.downloadermiddlewares.httpcompression.HttpCompressionMiddleware',
 'scrapy.downloadermiddlewares.stats.DownloaderStats']
INFO: Enabled spider middlewares:
['scrapy.spidermiddlewares.httperror.HttpErrorMiddleware',
 'scrapy_splash.SplashDeduplicateArgsMiddleware',
 'scrapy.spidermiddlewares.offsite.OffsiteMiddleware',
 'scrapy.spidermiddlewares.referer.RefererMiddleware',
 'scrapy.spidermiddlewares.urllength.UrlLengthMiddleware',
 'scrapy.spidermiddlewares.depth.DepthMiddleware']
INFO: Enabled item pipelines:
['waitrose.pipelines.ImageDownloaderPipeline',
 'waitrose.pipelines.SQLlitePipeline']
INFO: Spider opened
INFO: Crawled 0 pages (at 0 pages/min), scraped 0 items (at 0 items/min)
WARNING: C:\Users\sujithk\AppData\Local\Continuum\anaconda3\envs\Virtual_Env\lib\site-packages\scrapy\spidermiddlewares\offsite.py:61: URLWarning: allowed_domains accepts only domains, not URLs. Ignoring URL entry https://www.waitrose.com/ in allowed_domains.
  warnings.warn(message, URLWarning)

INFO: Telnet console listening on 127.0.0.1:6023
INFO: Crawled 0 pages (at 0 pages/min), scraped 0 items (at 0 items/min)
DEBUG: Crawled (200) <GET https://www.waitrose.com/ecom/shop/browse/groceries/toiletries_health_and_beauty/hair_care/shampoo via http://192.168.1.2:8050/execute> (referer: None)
DEBUG: Scraped from <200 https://www.waitrose.com/ecom/shop/browse/groceries/toiletries_health_and_beauty/hair_care/shampoo>
{'client': 'Waitrose', 'time': datetime.datetime(2020, 10, 1, 22, 57, 53, 339281), 'category': 'Shampoo', 'id': 'tPp092708-47659-47660', 'prod_name': 'Vosene Original Shampoo', 'waitrose_Qty': '250ml', 'waitrose_discounted_price': '£1.36', 'waitrose_offer_desc': 'Save 1/3.', 'waitrose_url': 'https://www.waitrose.com/ecom/shop/browse/groceries/toiletries_health_and_beauty/hair_care/shampoo', 'waitrose_rating': '5', 'waitrose_unit_price': '(54.4p/100ml)', 'waitrose_new_flag': None, 'waitrose_prod_name': 'Vosene Original Shampoo 250ml', 'images': []}
DEBUG: Scraped from <200 https://www.waitrose.com/ecom/shop/browse/groceries/toiletries_health_and_beauty/hair_care/shampoo>
{'client': 'Waitrose', 'time': datetime.datetime(2020, 10, 1, 22, 57, 53, 339281), 'category': 'Shampoo', 'id': 'tPp865734-216867-216868', 'prod_name': 'Ogx Argan Oil of Morocco Shampoo', 'waitrose_Qty': '385ml', 'waitrose_discounted_price': '£7.00', 'waitrose_offer_desc': 'Add 2 for £10', 'waitrose_url': 'https://www.waitrose.com/ecom/shop/browse/groceries/toiletries_health_and_beauty/hair_care/shampoo', 'waitrose_rating': '3.4', 'waitrose_unit_price': '(£1.82/100ml)', 'waitrose_new_flag': None, 'waitrose_prod_name': 'Ogx Argan Oil of Morocco Shampoo 385ml', 'images': []}
DEBUG: Scraped from <200 https://www.waitrose.com/ecom/shop/browse/groceries/toiletries_health_and_beauty/hair_care/shampoo>
{'client': 'Waitrose', 'time': datetime.datetime(2020, 10, 1, 22, 57, 53, 339281), 'category': 'Shampoo', 'id': 'tPp819340-720339-720340', 'prod_name': 'Head & Shoulders Supreme Shampoo', 'waitrose_Qty': '400ml', 'waitrose_discounted_price': '£5.00', 'waitrose_offer_desc': 'Add 2 for £7', 'waitrose_url': 'https://www.waitrose.com/ecom/shop/browse/groceries/toiletries_health_and_beauty/hair_care/shampoo', 'waitrose_rating': None, 'waitrose_unit_price': '(£1.25/100ml)', 'waitrose_new_flag': None, 'waitrose_prod_name': 'Head & Shoulders Supreme Shampoo 400ml', 'images': []}
DEBUG: Scraped from <200 https://www.waitrose.com/ecom/shop/browse/groceries/toiletries_health_and_beauty/hair_care/shampoo>
{'client': 'Waitrose', 'time': datetime.datetime(2020, 10, 1, 22, 57, 53, 339281), 'category': 'Shampoo', 'id': 'tPp455905-591789-591790', 'prod_name': 'Herbal Essences clean Shampoo', 'waitrose_Qty': '400ml', 'waitrose_discounted_price': '£4.50', 'waitrose_offer_desc': 'Add 2 for £6', 'waitrose_url': 'https://www.waitrose.com/ecom/shop/browse/groceries/toiletries_health_and_beauty/hair_care/shampoo', 'waitrose_rating': None, 'waitrose_unit_price': '(£1.13/100ml)', 'waitrose_new_flag': None, 'waitrose_prod_name': 'Herbal Essences clean Shampoo 400ml', 'images': []}
DEBUG: Scraped from <200 https://www.waitrose.com/ecom/shop/browse/groceries/toiletries_health_and_beauty/hair_care/shampoo>
{'client': 'Waitrose', 'time': datetime.datetime(2020, 10, 1, 22, 57, 53, 339281), 'category': 'Shampoo', 'id': 'tPp484035-715885-715886', 'prod_name': "L'Oreal Elvive Oil Nourishing Shampoo", 'waitrose_Qty': '400ml', 'waitrose_discounted_price': '£2.50', 'waitrose_offer_desc': 'Save 1/3.', 'waitrose_url': 'https://www.waitrose.com/ecom/shop/browse/groceries/toiletries_health_and_beauty/hair_care/shampoo', 'waitrose_rating': None, 'waitrose_unit_price': '(62.5p/100ml)', 'waitrose_new_flag': None, 'waitrose_prod_name': "L'Oreal Elvive Oil Nourishing Shampoo 400ml", 'images': []}
DEBUG: Scraped from <200 https://www.waitrose.com/ecom/shop/browse/groceries/toiletries_health_and_beauty/hair_care/shampoo>
{'client': 'Waitrose', 'time': datetime.datetime(2020, 10, 1, 22, 57, 53, 339281), 'category': 'Shampoo', 'id': 'tPp096508-49364-49365', 'prod_name': 'Aussie Miracle Moist Shampoo', 'waitrose_Qty': '300ml', 'waitrose_discounted_price': '£4.10', 'waitrose_offer_desc': None, 'waitrose_url': 'https://www.waitrose.com/ecom/shop/browse/groceries/toiletries_health_and_beauty/hair_care/shampoo', 'waitrose_rating': '3.7', 'waitrose_unit_price': '(£1.37/100ml)', 'waitrose_new_flag': None, 'waitrose_prod_name': 'Aussie Miracle Moist Shampoo 300ml', 'images': []}
DEBUG: Scraped from <200 https://www.waitrose.com/ecom/shop/browse/groceries/toiletries_health_and_beauty/hair_care/shampoo>
{'client': 'Waitrose', 'time': datetime.datetime(2020, 10, 1, 22, 57, 53, 339281), 'category': 'Shampoo', 'id': 'tPp047805-23664-23665', 'prod_name': 'Avalon Organics tea tree shampoo', 'waitrose_Qty': '325ml', 'waitrose_discounted_price': '£5.24', 'waitrose_offer_desc': '25% Off.', 'waitrose_url': 'https://www.waitrose.com/ecom/shop/browse/groceries/toiletries_health_and_beauty/hair_care/shampoo', 'waitrose_rating': '4.9', 'waitrose_unit_price': '(£1.62/100ml)', 'waitrose_new_flag': None, 'waitrose_prod_name': 'Avalon Organics tea tree shampoo 325ml', 'images': []}
DEBUG: Scraped from <200 https://www.waitrose.com/ecom/shop/browse/groceries/toiletries_health_and_beauty/hair_care/shampoo>
{'client': 'Waitrose', 'time': datetime.datetime(2020, 10, 1, 22, 57, 53, 339281), 'category': 'Shampoo', 'id': 'tPp059421-29947-29948', 'prod_name': 'Aussie Aussome Volume Shampoo', 'waitrose_Qty': '300ml', 'waitrose_discounted_price': '£4.00', 'waitrose_offer_desc': None, 'waitrose_url': 'https://www.waitrose.com/ecom/shop/browse/groceries/toiletries_health_and_beauty/hair_care/shampoo', 'waitrose_rating': '5', 'waitrose_unit_price': '(£1.34/100ml)', 'waitrose_new_flag': None, 'waitrose_prod_name': 'Aussie Aussome Volume Shampoo 300ml', 'images': []}
DEBUG: Scraped from <200 https://www.waitrose.com/ecom/shop/browse/groceries/toiletries_health_and_beauty/hair_care/shampoo>
{'client': 'Waitrose', 'time': datetime.datetime(2020, 10, 1, 22, 57, 53, 339281), 'category': 'Shampoo', 'id': 'tPp472240-591833-591834', 'prod_name': 'Herbal Essences Repair Shampoo', 'waitrose_Qty': '400ml', 'waitrose_discounted_price': '£4.50', 'waitrose_offer_desc': 'Add 2 for £6', 'waitrose_url': 'https://www.waitrose.com/ecom/shop/browse/groceries/toiletries_health_and_beauty/hair_care/shampoo', 'waitrose_rating': '5', 'waitrose_unit_price': '(£1.13/100ml)', 'waitrose_new_flag': None, 'waitrose_prod_name': 'Herbal Essences Repair Shampoo 400ml', 'images': []}
DEBUG: Scraped from <200 https://www.waitrose.com/ecom/shop/browse/groceries/toiletries_health_and_beauty/hair_care/shampoo>
{'client': 'Waitrose', 'time': datetime.datetime(2020, 10, 1, 22, 57, 53, 339281), 'category': 'Shampoo', 'id': 'tPp490113-591883-591884', 'prod_name': 'Herbal Essences Volume Shampoo', 'waitrose_Qty': '400ml', 'waitrose_discounted_price': '£4.50', 'waitrose_offer_desc': 'Add 2 for £6', 'waitrose_url': 'https://www.waitrose.com/ecom/shop/browse/groceries/toiletries_health_and_beauty/hair_care/shampoo', 'waitrose_rating': '5', 'waitrose_unit_price': '(£1.13/100ml)', 'waitrose_new_flag': None, 'waitrose_prod_name': 'Herbal Essences Volume Shampoo 400ml', 'images': []}
DEBUG: Scraped from <200 https://www.waitrose.com/ecom/shop/browse/groceries/toiletries_health_and_beauty/hair_care/shampoo>
{'client': 'Waitrose', 'time': datetime.datetime(2020, 10, 1, 22, 57, 53, 339281), 'category': 'Shampoo', 'id': 'tPp427668-591713-591714', 'prod_name': 'Herbal Essences Hydrate Shampoo', 'waitrose_Qty': '400ml', 'waitrose_discounted_price': '£4.50', 'waitrose_offer_desc': 'Add 2 for £6', 'waitrose_url': 'https://www.waitrose.com/ecom/shop/browse/groceries/toiletries_health_and_beauty/hair_care/shampoo', 'waitrose_rating': '5', 'waitrose_unit_price': '(£1.13/100ml)', 'waitrose_new_flag': None, 'waitrose_prod_name': 'Herbal Essences Hydrate Shampoo 400ml', 'images': []}
DEBUG: Scraped from <200 https://www.waitrose.com/ecom/shop/browse/groceries/toiletries_health_and_beauty/hair_care/shampoo>
{'client': 'Waitrose', 'time': datetime.datetime(2020, 10, 1, 22, 57, 53, 339281), 'category': 'Shampoo', 'id': 'tPp407453-471203-471204', 'prod_name': 'Ogx Biotin & Collagen Shampoo', 'waitrose_Qty': '385ml', 'waitrose_discounted_price': '£7.00', 'waitrose_offer_desc': 'Add 2 for £10', 'waitrose_url': 'https://www.waitrose.com/ecom/shop/browse/groceries/toiletries_health_and_beauty/hair_care/shampoo', 'waitrose_rating': None, 'waitrose_unit_price': '(£1.82/100ml)', 'waitrose_new_flag': None, 'waitrose_prod_name': 'Ogx Biotin & Collagen Shampoo 385ml', 'images': []}
DEBUG: Scraped from <200 https://www.waitrose.com/ecom/shop/browse/groceries/toiletries_health_and_beauty/hair_care/shampoo>
{'client': 'Waitrose', 'time': datetime.datetime(2020, 10, 1, 22, 57, 53, 339281), 'category': 'Shampoo', 'id': 'tPp839781-154875-154876', 'prod_name': 'Aussie miracle moist shampoo', 'waitrose_Qty': '500ml', 'waitrose_discounted_price': '£6.15', 'waitrose_offer_desc': 'Add 2 for £10', 'waitrose_url': 'https://www.waitrose.com/ecom/shop/browse/groceries/toiletries_health_and_beauty/hair_care/shampoo', 'waitrose_rating': None, 'waitrose_unit_price': '(£1.23/100ml)', 'waitrose_new_flag': None, 'waitrose_prod_name': 'Aussie miracle moist shampoo 500ml', 'images': []}
DEBUG: Scraped from <200 https://www.waitrose.com/ecom/shop/browse/groceries/toiletries_health_and_beauty/hair_care/shampoo>
{'client': 'Waitrose', 'time': datetime.datetime(2020, 10, 1, 22, 57, 53, 339281), 'category': 'Shampoo', 'id': 'tPp701301-99532-99533', 'prod_name': 'Essential Daily Care Shampoo', 'waitrose_Qty': '300ml', 'waitrose_discounted_price': '80p', 'waitrose_offer_desc': None, 'waitrose_url': 'https://www.waitrose.com/ecom/shop/browse/groceries/toiletries_health_and_beauty/hair_care/shampoo', 'waitrose_rating': '4.1', 'waitrose_unit_price': '(26.7p/100ml)', 'waitrose_new_flag': None, 'waitrose_prod_name': 'Essential Daily Care Shampoo 300ml', 'images': []}
DEBUG: Scraped from <200 https://www.waitrose.com/ecom/shop/browse/groceries/toiletries_health_and_beauty/hair_care/shampoo>
{'client': 'Waitrose', 'time': datetime.datetime(2020, 10, 1, 22, 57, 53, 339281), 'category': 'Shampoo', 'id': 'tPp535961-75786-75787', 'prod_name': 'essential Waitrose Nourishing Shampoo', 'waitrose_Qty': '300ml', 'waitrose_discounted_price': '80p', 'waitrose_offer_desc': None, 'waitrose_url': 'https://www.waitrose.com/ecom/shop/browse/groceries/toiletries_health_and_beauty/hair_care/shampoo', 'waitrose_rating': '4.3', 'waitrose_unit_price': '(26.7p/100ml)', 'waitrose_new_flag': None, 'waitrose_prod_name': 'essential Waitrose Nourishing Shampoo 300ml', 'images': []}
DEBUG: Scraped from <200 https://www.waitrose.com/ecom/shop/browse/groceries/toiletries_health_and_beauty/hair_care/shampoo>
{'client': 'Waitrose', 'time': datetime.datetime(2020, 10, 1, 22, 57, 53, 339281), 'category': 'Shampoo', 'id': 'tPp735040-695707-695708', 'prod_name': 'Vosene Kids 3in1 Tea Tree Shampoo', 'waitrose_Qty': '250ml', 'waitrose_discounted_price': '£1.66', 'waitrose_offer_desc': 'Save 1/3.', 'waitrose_url': 'https://www.waitrose.com/ecom/shop/browse/groceries/toiletries_health_and_beauty/hair_care/shampoo', 'waitrose_rating': None, 'waitrose_unit_price': '(66.4p/100ml)', 'waitrose_new_flag': None, 'waitrose_prod_name': 'Vosene Kids 3in1 Tea Tree Shampoo 250ml', 'images': []}
DEBUG: Scraped from <200 https://www.waitrose.com/ecom/shop/browse/groceries/toiletries_health_and_beauty/hair_care/shampoo>
{'client': 'Waitrose', 'time': datetime.datetime(2020, 10, 1, 22, 57, 53, 339281), 'category': 'Shampoo', 'id': 'tPp791725-375655-375656', 'prod_name': 'Ogx Kukuí Oil Shampoo', 'waitrose_Qty': '385ml', 'waitrose_discounted_price': '£7.00', 'waitrose_offer_desc': 'Add 2 for £10', 'waitrose_url': 'https://www.waitrose.com/ecom/shop/browse/groceries/toiletries_health_and_beauty/hair_care/shampoo', 'waitrose_rating': '5', 'waitrose_unit_price': '(£1.82/100ml)', 'waitrose_new_flag': None, 'waitrose_prod_name': 'Ogx Kukuí Oil Shampoo 385ml', 'images': []}
DEBUG: Scraped from <200 https://www.waitrose.com/ecom/shop/browse/groceries/toiletries_health_and_beauty/hair_care/shampoo>
{'client': 'Waitrose', 'time': datetime.datetime(2020, 10, 1, 22, 57, 53, 339281), 'category': 'Shampoo', 'id': 'tPp810302-683828-683829', 'prod_name': 'Herbal Essences Deep Repair Shampoo', 'waitrose_Qty': '400ml', 'waitrose_discounted_price': '£4.50', 'waitrose_offer_desc': 'Add 2 for £6', 'waitrose_url': 'https://www.waitrose.com/ecom/shop/browse/groceries/toiletries_health_and_beauty/hair_care/shampoo', 'waitrose_rating': None, 'waitrose_unit_price': '(£1.13/100ml)', 'waitrose_new_flag': None, 'waitrose_prod_name': 'Herbal Essences Deep Repair Shampoo 400ml', 'images': []}
DEBUG: Scraped from <200 https://www.waitrose.com/ecom/shop/browse/groceries/toiletries_health_and_beauty/hair_care/shampoo>
{'client': 'Waitrose', 'time': datetime.datetime(2020, 10, 1, 22, 57, 53, 339281), 'category': 'Shampoo', 'id': 'tPp886458-216893-216894', 'prod_name': 'Ogx Brazilian Keratin Shampoo', 'waitrose_Qty': '385ml', 'waitrose_discounted_price': '£7.00', 'waitrose_offer_desc': 'Add 2 for £10', 'waitrose_url': 'https://www.waitrose.com/ecom/shop/browse/groceries/toiletries_health_and_beauty/hair_care/shampoo', 'waitrose_rating': '5', 'waitrose_unit_price': '(£1.82/100ml)', 'waitrose_new_flag': None, 'waitrose_prod_name': 'Ogx Brazilian Keratin Shampoo 385ml', 'images': []}
DEBUG: Scraped from <200 https://www.waitrose.com/ecom/shop/browse/groceries/toiletries_health_and_beauty/hair_care/shampoo>
{'client': 'Waitrose', 'time': datetime.datetime(2020, 10, 1, 22, 57, 53, 339281), 'category': 'Shampoo', 'id': 'tPp027940-13599-13600', 'prod_name': 'Avalon Organics lemon shampoo', 'waitrose_Qty': '325ml', 'waitrose_discounted_price': '£5.24', 'waitrose_offer_desc': '25% Off.', 'waitrose_url': 'https://www.waitrose.com/ecom/shop/browse/groceries/toiletries_health_and_beauty/hair_care/shampoo', 'waitrose_rating': '3.6', 'waitrose_unit_price': '(£1.62/100ml)', 'waitrose_new_flag': None, 'waitrose_prod_name': 'Avalon Organics lemon shampoo 325ml', 'images': []}
DEBUG: Scraped from <200 https://www.waitrose.com/ecom/shop/browse/groceries/toiletries_health_and_beauty/hair_care/shampoo>
{'client': 'Waitrose', 'time': datetime.datetime(2020, 10, 1, 22, 57, 53, 339281), 'category': 'Shampoo', 'id': 'tPp627460-154629-154630', 'prod_name': 'Aussie mega shampoo', 'waitrose_Qty': '500ml', 'waitrose_discounted_price': '£6.15', 'waitrose_offer_desc': 'Add 2 for £10', 'waitrose_url': 'https://www.waitrose.com/ecom/shop/browse/groceries/toiletries_health_and_beauty/hair_care/shampoo', 'waitrose_rating': '3.8', 'waitrose_unit_price': '(£1.23/100ml)', 'waitrose_new_flag': None, 'waitrose_prod_name': 'Aussie mega shampoo 500ml', 'images': []}
DEBUG: Scraped from <200 https://www.waitrose.com/ecom/shop/browse/groceries/toiletries_health_and_beauty/hair_care/shampoo>
{'client': 'Waitrose', 'time': datetime.datetime(2020, 10, 1, 22, 57, 53, 339281), 'category': 'Shampoo', 'id': 'tPp639366-90822-90823', 'prod_name': 'Head & Shoulders Shampoo Classic', 'waitrose_Qty': '500ml', 'waitrose_discounted_price': '£5.15', 'waitrose_offer_desc': None, 'waitrose_url': 'https://www.waitrose.com/ecom/shop/browse/groceries/toiletries_health_and_beauty/hair_care/shampoo', 'waitrose_rating': '3.5', 'waitrose_unit_price': '(£1.03/100ml)', 'waitrose_new_flag': None, 'waitrose_prod_name': 'Head & Shoulders Shampoo Classic 500ml', 'images': []}
DEBUG: Scraped from <200 https://www.waitrose.com/ecom/shop/browse/groceries/toiletries_health_and_beauty/hair_care/shampoo>
{'client': 'Waitrose', 'time': datetime.datetime(2020, 10, 1, 22, 57, 53, 339281), 'category': 'Shampoo', 'id': 'tPp586765-735804-735805', 'prod_name': "L'Oreal Elvive Restoring Shampoo", 'waitrose_Qty': '400ml', 'waitrose_discounted_price': '£2.50', 'waitrose_offer_desc': 'Save 1/3.', 'waitrose_url': 'https://www.waitrose.com/ecom/shop/browse/groceries/toiletries_health_and_beauty/hair_care/shampoo', 'waitrose_rating': None, 'waitrose_unit_price': '(62.5p/100ml)', 'waitrose_new_flag': 'NEW', 'waitrose_prod_name': "L'Oreal Elvive Restoring Shampoo 400ml", 'images': []}
DEBUG: Scraped from <200 https://www.waitrose.com/ecom/shop/browse/groceries/toiletries_health_and_beauty/hair_care/shampoo>
{'client': 'Waitrose', 'time': datetime.datetime(2020, 10, 1, 22, 57, 53, 339281), 'category': 'Shampoo', 'id': 'tPp755068-720289-720290', 'prod_name': 'Herbal Essences Aloe Hemp Shampoo', 'waitrose_Qty': '380ml', 'waitrose_discounted_price': '£4.50', 'waitrose_offer_desc': 'Add 2 for £6', 'waitrose_url': 'https://www.waitrose.com/ecom/shop/browse/groceries/toiletries_health_and_beauty/hair_care/shampoo', 'waitrose_rating': None, 'waitrose_unit_price': '(£1.19/100ml)', 'waitrose_new_flag': None, 'waitrose_prod_name': 'Herbal Essences Aloe Hemp Shampoo 380ml', 'images': []}
DEBUG: Scraped from <200 https://www.waitrose.com/ecom/shop/browse/groceries/toiletries_health_and_beauty/hair_care/shampoo>
{'client': 'Waitrose', 'time': datetime.datetime(2020, 10, 1, 22, 57, 53, 339281), 'category': 'Shampoo', 'id': 'tPp687186-337057-337058', 'prod_name': 'Argan + Argan Oil Rejuvenating Shampoo', 'waitrose_Qty': '300ml', 'waitrose_discounted_price': '£6.00', 'waitrose_offer_desc': 'Add 2 for £8', 'waitrose_url': 'https://www.waitrose.com/ecom/shop/browse/groceries/toiletries_health_and_beauty/hair_care/shampoo', 'waitrose_rating': '5', 'waitrose_unit_price': '(£2/100ml)', 'waitrose_new_flag': None, 'waitrose_prod_name': 'Argan + Argan Oil Rejuvenating Shampoo 300ml', 'images': []}
DEBUG: Scraped from <200 https://www.waitrose.com/ecom/shop/browse/groceries/toiletries_health_and_beauty/hair_care/shampoo>
{'client': 'Waitrose', 'time': datetime.datetime(2020, 10, 1, 22, 57, 53, 339281), 'category': 'Shampoo', 'id': 'tPp755349-720291-720292', 'prod_name': 'Herbal Essences Aloe & Mango Shampoo', 'waitrose_Qty': '380ml', 'waitrose_discounted_price': '£4.50', 'waitrose_offer_desc': 'Add 2 for £6', 'waitrose_url': 'https://www.waitrose.com/ecom/shop/browse/groceries/toiletries_health_and_beauty/hair_care/shampoo', 'waitrose_rating': None, 'waitrose_unit_price': '(£1.19/100ml)', 'waitrose_new_flag': None, 'waitrose_prod_name': 'Herbal Essences Aloe & Mango Shampoo 380ml', 'images': []}
DEBUG: Scraped from <200 https://www.waitrose.com/ecom/shop/browse/groceries/toiletries_health_and_beauty/hair_care/shampoo>
{'client': 'Waitrose', 'time': datetime.datetime(2020, 10, 1, 22, 57, 53, 339281), 'category': 'Shampoo', 'id': 'tPp563832-295347-295348', 'prod_name': 'Argan + Argan Oil 5Oil Miracle Shampoo', 'waitrose_Qty': '300ml', 'waitrose_discounted_price': '£6.00', 'waitrose_offer_desc': 'Add 2 for £8', 'waitrose_url': 'https://www.waitrose.com/ecom/shop/browse/groceries/toiletries_health_and_beauty/hair_care/shampoo', 'waitrose_rating': '5', 'waitrose_unit_price': '(£2/100ml)', 'waitrose_new_flag': None, 'waitrose_prod_name': 'Argan + Argan Oil 5Oil Miracle Shampoo 300ml', 'images': []}
DEBUG: Scraped from <200 https://www.waitrose.com/ecom/shop/browse/groceries/toiletries_health_and_beauty/hair_care/shampoo>
{'client': 'Waitrose', 'time': datetime.datetime(2020, 10, 1, 22, 57, 53, 339281), 'category': 'Shampoo', 'id': 'tPp407272-440973-440974', 'prod_name': 'Richard Ward Chelsea Cleanse & Condition', 'waitrose_Qty': '250ml', 'waitrose_discounted_price': '£3.00', 'waitrose_offer_desc': 'Half Price.', 'waitrose_url': 'https://www.waitrose.com/ecom/shop/browse/groceries/toiletries_health_and_beauty/hair_care/shampoo', 'waitrose_rating': '3.9', 'waitrose_unit_price': '(£1.20/100ml)', 'waitrose_new_flag': None, 'waitrose_prod_name': 'Richard Ward Chelsea Cleanse & Condition 250ml', 'images': []}
DEBUG: Scraped from <200 https://www.waitrose.com/ecom/shop/browse/groceries/toiletries_health_and_beauty/hair_care/shampoo>
{'client': 'Waitrose', 'time': datetime.datetime(2020, 10, 1, 22, 57, 53, 339281), 'category': 'Shampoo', 'id': 'tPp819563-729788-729789', 'prod_name': 'Aussie Blonde Purple Shampoo', 'waitrose_Qty': '290ml', 'waitrose_discounted_price': '£6.00', 'waitrose_offer_desc': None, 'waitrose_url': 'https://www.waitrose.com/ecom/shop/browse/groceries/toiletries_health_and_beauty/hair_care/shampoo', 'waitrose_rating': None, 'waitrose_unit_price': '(£2.07/100ml)', 'waitrose_new_flag': None, 'waitrose_prod_name': 'Aussie Blonde Purple Shampoo 290ml', 'images': []}
DEBUG: Scraped from <200 https://www.waitrose.com/ecom/shop/browse/groceries/toiletries_health_and_beauty/hair_care/shampoo>
{'client': 'Waitrose', 'time': datetime.datetime(2020, 10, 1, 22, 57, 53, 339281), 'category': 'Shampoo', 'id': 'tPp649492-695625-695626', 'prod_name': 'Vosene Kids 2in1 Melon Shampoo', 'waitrose_Qty': '250ml', 'waitrose_discounted_price': '£1.33', 'waitrose_offer_desc': 'Save 1/3.', 'waitrose_url': 'https://www.waitrose.com/ecom/shop/browse/groceries/toiletries_health_and_beauty/hair_care/shampoo', 'waitrose_rating': None, 'waitrose_unit_price': '(53.2p/100ml)', 'waitrose_new_flag': None, 'waitrose_prod_name': 'Vosene Kids 2in1 Melon Shampoo 250ml', 'images': []}
DEBUG: Scraped from <200 https://www.waitrose.com/ecom/shop/browse/groceries/toiletries_health_and_beauty/hair_care/shampoo>
{'client': 'Waitrose', 'time': datetime.datetime(2020, 10, 1, 22, 57, 53, 339281), 'category': 'Shampoo', 'id': 'tPp810201-352482-352483', 'prod_name': 'Essential Daily Care 2 in 1', 'waitrose_Qty': '300ml', 'waitrose_discounted_price': '80p', 'waitrose_offer_desc': None, 'waitrose_url': 'https://www.waitrose.com/ecom/shop/browse/groceries/toiletries_health_and_beauty/hair_care/shampoo', 'waitrose_rating': '4.3', 'waitrose_unit_price': '(26.7p/100ml)', 'waitrose_new_flag': None, 'waitrose_prod_name': 'Essential Daily Care 2 in 1 300ml', 'images': []}
DEBUG: Scraped from <200 https://www.waitrose.com/ecom/shop/browse/groceries/toiletries_health_and_beauty/hair_care/shampoo>
{'client': 'Waitrose', 'time': datetime.datetime(2020, 10, 1, 22, 57, 53, 339281), 'category': 'Shampoo', 'id': 'tPp711086-652694-652695', 'prod_name': 'Head & Shoulders Supreme Moisture', 'waitrose_Qty': '400ml', 'waitrose_discounted_price': '£5.15', 'waitrose_offer_desc': 'Add 2 for £7', 'waitrose_url': 'https://www.waitrose.com/ecom/shop/browse/groceries/toiletries_health_and_beauty/hair_care/shampoo', 'waitrose_rating': None, 'waitrose_unit_price': '(£1.29/100ml)', 'waitrose_new_flag': None, 'waitrose_prod_name': 'Head & Shoulders Supreme Moisture 400ml', 'images': []}
DEBUG: Scraped from <200 https://www.waitrose.com/ecom/shop/browse/groceries/toiletries_health_and_beauty/hair_care/shampoo>
{'client': 'Waitrose', 'time': datetime.datetime(2020, 10, 1, 22, 57, 53, 339281), 'category': 'Shampoo', 'id': 'tPp703131-695681-695682', 'prod_name': 'Head & Shoulders Repair Shampoo', 'waitrose_Qty': '400ml', 'waitrose_discounted_price': '£5.00', 'waitrose_offer_desc': 'Add 2 for £7', 'waitrose_url': 'https://www.waitrose.com/ecom/shop/browse/groceries/toiletries_health_and_beauty/hair_care/shampoo', 'waitrose_rating': '4', 'waitrose_unit_price': '(£1.25/100ml)', 'waitrose_new_flag': None, 'waitrose_prod_name': 'Head & Shoulders Repair Shampoo 400ml', 'images': []}
DEBUG: Scraped from <200 https://www.waitrose.com/ecom/shop/browse/groceries/toiletries_health_and_beauty/hair_care/shampoo>
{'client': 'Waitrose', 'time': datetime.datetime(2020, 10, 1, 22, 57, 53, 339281), 'category': 'Shampoo', 'id': 'tPp844892-695845-695846', 'prod_name': 'Head & Shoulders Colour Protect', 'waitrose_Qty': '400ml', 'waitrose_discounted_price': '£5.00', 'waitrose_offer_desc': 'Add 2 for £7', 'waitrose_url': 'https://www.waitrose.com/ecom/shop/browse/groceries/toiletries_health_and_beauty/hair_care/shampoo', 'waitrose_rating': None, 'waitrose_unit_price': '(£1.25/100ml)', 'waitrose_new_flag': None, 'waitrose_prod_name': 'Head & Shoulders Colour Protect 400ml', 'images': []}
DEBUG: Scraped from <200 https://www.waitrose.com/ecom/shop/browse/groceries/toiletries_health_and_beauty/hair_care/shampoo>
{'client': 'Waitrose', 'time': datetime.datetime(2020, 10, 1, 22, 57, 53, 339281), 'category': 'Shampoo', 'id': 'tPp096232-49248-49249', 'prod_name': 'Aussie Mega Shampoo', 'waitrose_Qty': '300ml', 'waitrose_discounted_price': '£4.10', 'waitrose_offer_desc': None, 'waitrose_url': 'https://www.waitrose.com/ecom/shop/browse/groceries/toiletries_health_and_beauty/hair_care/shampoo', 'waitrose_rating': '2.5', 'waitrose_unit_price': '(£1.37/100ml)', 'waitrose_new_flag': None, 'waitrose_prod_name': 'Aussie Mega Shampoo 300ml', 'images': []}
DEBUG: Scraped from <200 https://www.waitrose.com/ecom/shop/browse/groceries/toiletries_health_and_beauty/hair_care/shampoo>
{'client': 'Waitrose', 'time': datetime.datetime(2020, 10, 1, 22, 57, 53, 339281), 'category': 'Shampoo', 'id': 'tPp083596-42439-42440', 'prod_name': 'Aussie Colour Mate Shampoo', 'waitrose_Qty': '300ml', 'waitrose_discounted_price': '£4.10', 'waitrose_offer_desc': None, 'waitrose_url': 'https://www.waitrose.com/ecom/shop/browse/groceries/toiletries_health_and_beauty/hair_care/shampoo', 'waitrose_rating': '5', 'waitrose_unit_price': '(£1.37/100ml)', 'waitrose_new_flag': None, 'waitrose_prod_name': 'Aussie Colour Mate Shampoo 300ml', 'images': []}
DEBUG: Scraped from <200 https://www.waitrose.com/ecom/shop/browse/groceries/toiletries_health_and_beauty/hair_care/shampoo>
{'client': 'Waitrose', 'time': datetime.datetime(2020, 10, 1, 22, 57, 53, 339281), 'category': 'Shampoo', 'id': 'tPp799806-683814-683815', 'prod_name': 'Tresemmé Shampoo Moisture Rich', 'waitrose_Qty': '800ml', 'waitrose_discounted_price': '£5.50', 'waitrose_offer_desc': None, 'waitrose_url': 'https://www.waitrose.com/ecom/shop/browse/groceries/toiletries_health_and_beauty/hair_care/shampoo', 'waitrose_rating': None, 'waitrose_unit_price': '(68.8p/100ml)', 'waitrose_new_flag': None, 'waitrose_prod_name': 'Tresemmé Shampoo Moisture Rich 800ml', 'images': []}
DEBUG: Scraped from <200 https://www.waitrose.com/ecom/shop/browse/groceries/toiletries_health_and_beauty/hair_care/shampoo>
{'client': 'Waitrose', 'time': datetime.datetime(2020, 10, 1, 22, 57, 53, 339281), 'category': 'Shampoo', 'id': 'tPp752186-631541-631542', 'prod_name': 'Ogx Coconut OIl Shampoo', 'waitrose_Qty': '385ml', 'waitrose_discounted_price': '£7.00', 'waitrose_offer_desc': 'Add 2 for £10', 'waitrose_url': 'https://www.waitrose.com/ecom/shop/browse/groceries/toiletries_health_and_beauty/hair_care/shampoo', 'waitrose_rating': None, 'waitrose_unit_price': '(£1.82/100ml)', 'waitrose_new_flag': None, 'waitrose_prod_name': 'Ogx Coconut OIl Shampoo 385ml', 'images': []}
DEBUG: Scraped from <200 https://www.waitrose.com/ecom/shop/browse/groceries/toiletries_health_and_beauty/hair_care/shampoo>
{'client': 'Waitrose', 'time': datetime.datetime(2020, 10, 1, 22, 57, 53, 339281), 'category': 'Shampoo', 'id': 'tPp480728-631267-631268', 'prod_name': 'Ogx Orchid Oil Shampoo', 'waitrose_Qty': '385ml', 'waitrose_discounted_price': '£7.00', 'waitrose_offer_desc': 'Add 2 for £10', 'waitrose_url': 'https://www.waitrose.com/ecom/shop/browse/groceries/toiletries_health_and_beauty/hair_care/shampoo', 'waitrose_rating': '5', 'waitrose_unit_price': '(£1.82/100ml)', 'waitrose_new_flag': None, 'waitrose_prod_name': 'Ogx Orchid Oil Shampoo 385ml', 'images': []}
DEBUG: Scraped from <200 https://www.waitrose.com/ecom/shop/browse/groceries/toiletries_health_and_beauty/hair_care/shampoo>
{'client': 'Waitrose', 'time': datetime.datetime(2020, 10, 1, 22, 57, 53, 339281), 'category': 'Shampoo', 'id': 'tPp364793-255761-255762', 'prod_name': 'Aussie Miracle Shine Shampoo', 'waitrose_Qty': '300ml', 'waitrose_discounted_price': '£4.00', 'waitrose_offer_desc': None, 'waitrose_url': 'https://www.waitrose.com/ecom/shop/browse/groceries/toiletries_health_and_beauty/hair_care/shampoo', 'waitrose_rating': None, 'waitrose_unit_price': '(£1.34/100ml)', 'waitrose_new_flag': None, 'waitrose_prod_name': 'Aussie Miracle Shine Shampoo 300ml', 'images': []}
DEBUG: Scraped from <200 https://www.waitrose.com/ecom/shop/browse/groceries/toiletries_health_and_beauty/hair_care/shampoo>
{'client': 'Waitrose', 'time': datetime.datetime(2020, 10, 1, 22, 57, 53, 339281), 'category': 'Shampoo', 'id': 'tPp868154-695990-695991', 'prod_name': 'Hair Biology Purple Shampoo', 'waitrose_Qty': '250ml', 'waitrose_discounted_price': '£3.00', 'waitrose_offer_desc': 'Save 1/3.', 'waitrose_url': 'https://www.waitrose.com/ecom/shop/browse/groceries/toiletries_health_and_beauty/hair_care/shampoo', 'waitrose_rating': None, 'waitrose_unit_price': '(£1.20/100ml)', 'waitrose_new_flag': None, 'waitrose_prod_name': 'Hair Biology Purple Shampoo 250ml', 'images': []}
DEBUG: Scraped from <200 https://www.waitrose.com/ecom/shop/browse/groceries/toiletries_health_and_beauty/hair_care/shampoo>
{'client': 'Waitrose', 'time': datetime.datetime(2020, 10, 1, 22, 57, 53, 339281), 'category': 'Shampoo', 'id': 'tPp076232-38732-38733', 'prod_name': 'AOrganic Lavender Shampoo', 'waitrose_Qty': '325ml', 'waitrose_discounted_price': '£5.24', 'waitrose_offer_desc': '25% Off.', 'waitrose_url': 'https://www.waitrose.com/ecom/shop/browse/groceries/toiletries_health_and_beauty/hair_care/shampoo', 'waitrose_rating': '3.8', 'waitrose_unit_price': '(£1.62/100ml)', 'waitrose_new_flag': None, 'waitrose_prod_name': 'AOrganic Lavender Shampoo 325ml', 'images': []}
DEBUG: Scraped from <200 https://www.waitrose.com/ecom/shop/browse/groceries/toiletries_health_and_beauty/hair_care/shampoo>
{'client': 'Waitrose', 'time': datetime.datetime(2020, 10, 1, 22, 57, 53, 339281), 'category': 'Shampoo', 'id': 'tPp889100-330444-330445', 'prod_name': 'AOrganic Rosemary Shampoo', 'waitrose_Qty': '325ml', 'waitrose_discounted_price': '£5.24', 'waitrose_offer_desc': '25% Off.', 'waitrose_url': 'https://www.waitrose.com/ecom/shop/browse/groceries/toiletries_health_and_beauty/hair_care/shampoo', 'waitrose_rating': '2.5', 'waitrose_unit_price': '(£1.62/100ml)', 'waitrose_new_flag': None, 'waitrose_prod_name': 'AOrganic Rosemary Shampoo 325ml', 'images': []}
DEBUG: Scraped from <200 https://www.waitrose.com/ecom/shop/browse/groceries/toiletries_health_and_beauty/hair_care/shampoo>
{'client': 'Waitrose', 'time': datetime.datetime(2020, 10, 1, 22, 57, 53, 339281), 'category': 'Shampoo', 'id': 'tPp657721-694179-694180', 'prod_name': 'Pantene 3 in 1 Classic Clean', 'waitrose_Qty': '450ml', 'waitrose_discounted_price': '£3.75', 'waitrose_offer_desc': None, 'waitrose_url': 'https://www.waitrose.com/ecom/shop/browse/groceries/toiletries_health_and_beauty/hair_care/shampoo', 'waitrose_rating': None, 'waitrose_unit_price': '(83.3p/100ml)', 'waitrose_new_flag': None, 'waitrose_prod_name': 'Pantene 3 in 1 Classic Clean 450ml', 'images': []}
DEBUG: Scraped from <200 https://www.waitrose.com/ecom/shop/browse/groceries/toiletries_health_and_beauty/hair_care/shampoo>
{'client': 'Waitrose', 'time': datetime.datetime(2020, 10, 1, 22, 57, 53, 339281), 'category': 'Shampoo', 'id': 'tPp464815-154487-154488', 'prod_name': 'Batiste original dry shampoo', 'waitrose_Qty': '200ml', 'waitrose_discounted_price': '£3.00', 'waitrose_offer_desc': None, 'waitrose_url': 'https://www.waitrose.com/ecom/shop/browse/groceries/toiletries_health_and_beauty/hair_care/shampoo', 'waitrose_rating': '5', 'waitrose_unit_price': '(£1.50/100ml)', 'waitrose_new_flag': None, 'waitrose_prod_name': 'Batiste original dry shampoo 200ml', 'images': []}
DEBUG: Scraped from <200 https://www.waitrose.com/ecom/shop/browse/groceries/toiletries_health_and_beauty/hair_care/shampoo>
{'client': 'Waitrose', 'time': datetime.datetime(2020, 10, 1, 22, 57, 53, 339281), 'category': 'Shampoo', 'id': 'tPp775870-724036-724037', 'prod_name': 'Faith in Nature Wild Rose Shampoo', 'waitrose_Qty': '400ml', 'waitrose_discounted_price': '£5.79', 'waitrose_offer_desc': '25% off Sep', 'waitrose_url': 'https://www.waitrose.com/ecom/shop/browse/groceries/toiletries_health_and_beauty/hair_care/shampoo', 'waitrose_rating': '5', 'waitrose_unit_price': '(£1.45/100ml)', 'waitrose_new_flag': None, 'waitrose_prod_name': 'Faith in Nature Wild Rose Shampoo 400ml', 'images': []}
DEBUG: Scraped from <200 https://www.waitrose.com/ecom/shop/browse/groceries/toiletries_health_and_beauty/hair_care/shampoo>
{'client': 'Waitrose', 'time': datetime.datetime(2020, 10, 1, 22, 57, 53, 339281), 'category': 'Shampoo', 'id': 'tPp435635-694165-694166', 'prod_name': 'Pantene Classic Clean Shampoo', 'waitrose_Qty': '500ml', 'waitrose_discounted_price': '£5.15', 'waitrose_offer_desc': None, 'waitrose_url': 'https://www.waitrose.com/ecom/shop/browse/groceries/toiletries_health_and_beauty/hair_care/shampoo', 'waitrose_rating': None, 'waitrose_unit_price': '(£1.03/100ml)', 'waitrose_new_flag': None, 'waitrose_prod_name': 'Pantene Classic Clean Shampoo 500ml', 'images': []}
DEBUG: Scraped from <200 https://www.waitrose.com/ecom/shop/browse/groceries/toiletries_health_and_beauty/hair_care/shampoo>
{'client': 'Waitrose', 'time': datetime.datetime(2020, 10, 1, 22, 57, 53, 339281), 'category': 'Shampoo', 'id': 'tPp486943-68769-68770', 'prod_name': 'Head & Shoulders 2in1 classic clean', 'waitrose_Qty': '225ml', 'waitrose_discounted_price': '£3.00', 'waitrose_offer_desc': None, 'waitrose_url': 'https://www.waitrose.com/ecom/shop/browse/groceries/toiletries_health_and_beauty/hair_care/shampoo', 'waitrose_rating': '4', 'waitrose_unit_price': '(£1.34/100ml)', 'waitrose_new_flag': None, 'waitrose_prod_name': 'Head & Shoulders 2in1 classic clean 225ml', 'images': []}
DEBUG: Scraped from <200 https://www.waitrose.com/ecom/shop/browse/groceries/toiletries_health_and_beauty/hair_care/shampoo>
{'client': 'Waitrose', 'time': datetime.datetime(2020, 10, 1, 22, 57, 53, 339281), 'category': 'Shampoo', 'id': 'tPp740653-352034-352035', 'prod_name': 'essential Waitrose Anti-Dandruff 2 in 1', 'waitrose_Qty': '300ml', 'waitrose_discounted_price': '£1.00', 'waitrose_offer_desc': None, 'waitrose_url': 'https://www.waitrose.com/ecom/shop/browse/groceries/toiletries_health_and_beauty/hair_care/shampoo', 'waitrose_rating': '4', 'waitrose_unit_price': '(33.3p/100ml)', 'waitrose_new_flag': None, 'waitrose_prod_name': 'essential Waitrose Anti-Dandruff 2 in 1 300ml', 'images': []}
DEBUG: Scraped from <200 https://www.waitrose.com/ecom/shop/browse/groceries/toiletries_health_and_beauty/hair_care/shampoo>
{'client': 'Waitrose', 'time': datetime.datetime(2020, 10, 1, 22, 57, 53, 339281), 'category': 'Shampoo', 'id': 'tPp494340-69860-69861', 'prod_name': "Neal's Yard Rose Shampoo", 'waitrose_Qty': '200ml', 'waitrose_discounted_price': '£11.50', 'waitrose_offer_desc': None, 'waitrose_url': 'https://www.waitrose.com/ecom/shop/browse/groceries/toiletries_health_and_beauty/hair_care/shampoo', 'waitrose_rating': '3.1', 'waitrose_unit_price': '(£5.75/100ml)', 'waitrose_new_flag': None, 'waitrose_prod_name': "Neal's Yard Rose Shampoo 200ml", 'images': []}
DEBUG: Scraped from <200 https://www.waitrose.com/ecom/shop/browse/groceries/toiletries_health_and_beauty/hair_care/shampoo>
{'client': 'Waitrose', 'time': datetime.datetime(2020, 10, 1, 22, 57, 53, 339281), 'category': 'Shampoo', 'id': 'tPp567427-683666-683667', 'prod_name': 'Ogx Charcoal Detox Shampoo', 'waitrose_Qty': '385ml', 'waitrose_discounted_price': '£7.00', 'waitrose_offer_desc': 'Add 2 for £10', 'waitrose_url': 'https://www.waitrose.com/ecom/shop/browse/groceries/toiletries_health_and_beauty/hair_care/shampoo', 'waitrose_rating': None, 'waitrose_unit_price': '(£1.82/100ml)', 'waitrose_new_flag': None, 'waitrose_prod_name': 'Ogx Charcoal Detox Shampoo 385ml', 'images': []}
DEBUG: Scraped from <200 https://www.waitrose.com/ecom/shop/browse/groceries/toiletries_health_and_beauty/hair_care/shampoo>
{'client': 'Waitrose', 'time': datetime.datetime(2020, 10, 1, 22, 57, 53, 339281), 'category': 'Shampoo', 'id': 'tPp582132-472091-472092', 'prod_name': 'Ogx Argan Oil Morocco Shampoo', 'waitrose_Qty': '385ml', 'waitrose_discounted_price': '£7.00', 'waitrose_offer_desc': 'Add 2 for £10', 'waitrose_url': 'https://www.waitrose.com/ecom/shop/browse/groceries/toiletries_health_and_beauty/hair_care/shampoo', 'waitrose_rating': '4', 'waitrose_unit_price': '(£1.82/100ml)', 'waitrose_new_flag': None, 'waitrose_prod_name': 'Ogx Argan Oil Morocco Shampoo 385ml', 'images': []}
DEBUG: Scraped from <200 https://www.waitrose.com/ecom/shop/browse/groceries/toiletries_health_and_beauty/hair_care/shampoo>
{'client': 'Waitrose', 'time': datetime.datetime(2020, 10, 1, 22, 57, 53, 339281), 'category': 'Shampoo', 'id': 'tPp662395-154665-154666', 'prod_name': 'Aussie colour mate shampoo', 'waitrose_Qty': '500ml', 'waitrose_discounted_price': '£6.15', 'waitrose_offer_desc': 'Add 2 for £10', 'waitrose_url': 'https://www.waitrose.com/ecom/shop/browse/groceries/toiletries_health_and_beauty/hair_care/shampoo', 'waitrose_rating': None, 'waitrose_unit_price': '(£1.23/100ml)', 'waitrose_new_flag': None, 'waitrose_prod_name': 'Aussie colour mate shampoo 500ml', 'images': []}
DEBUG: Scraped from <200 https://www.waitrose.com/ecom/shop/browse/groceries/toiletries_health_and_beauty/hair_care/shampoo>
{'client': 'Waitrose', 'time': datetime.datetime(2020, 10, 1, 22, 57, 53, 339281), 'category': 'Shampoo', 'id': 'tPp852396-695857-695858', 'prod_name': 'BECO. Honey Blossom Shampoo Bar', 'waitrose_Qty': '90g', 'waitrose_discounted_price': '£4.00', 'waitrose_offer_desc': None, 'waitrose_url': 'https://www.waitrose.com/ecom/shop/browse/groceries/toiletries_health_and_beauty/hair_care/shampoo', 'waitrose_rating': '4.9', 'waitrose_unit_price': '(£4.45/100g)', 'waitrose_new_flag': None, 'waitrose_prod_name': 'BECO. Honey Blossom Shampoo Bar 90g', 'images': []}
DEBUG: Scraped from <200 https://www.waitrose.com/ecom/shop/browse/groceries/toiletries_health_and_beauty/hair_care/shampoo>
{'client': 'Waitrose', 'time': datetime.datetime(2020, 10, 1, 22, 57, 53, 339281), 'category': 'Shampoo', 'id': 'tPp401660-588303-588304', 'prod_name': 'Richard Ward Brunette Shampoo', 'waitrose_Qty': '250ml', 'waitrose_discounted_price': '£3.00', 'waitrose_offer_desc': 'Half Price.', 'waitrose_url': 'https://www.waitrose.com/ecom/shop/browse/groceries/toiletries_health_and_beauty/hair_care/shampoo', 'waitrose_rating': '5', 'waitrose_unit_price': '(£1.20/100ml)', 'waitrose_new_flag': None, 'waitrose_prod_name': 'Richard Ward Brunette Shampoo 250ml', 'images': []}
DEBUG: Scraped from <200 https://www.waitrose.com/ecom/shop/browse/groceries/toiletries_health_and_beauty/hair_care/shampoo>
{'client': 'Waitrose', 'time': datetime.datetime(2020, 10, 1, 22, 57, 53, 339281), 'category': 'Shampoo', 'id': 'tPp824583-694195-694196', 'prod_name': 'Pantene Repair & Protect Shampoo', 'waitrose_Qty': '500ml', 'waitrose_discounted_price': '£3.75', 'waitrose_offer_desc': None, 'waitrose_url': 'https://www.waitrose.com/ecom/shop/browse/groceries/toiletries_health_and_beauty/hair_care/shampoo', 'waitrose_rating': None, 'waitrose_unit_price': '(75p/100ml)', 'waitrose_new_flag': None, 'waitrose_prod_name': 'Pantene Repair & Protect Shampoo 500ml', 'images': []}
DEBUG: Scraped from <200 https://www.waitrose.com/ecom/shop/browse/groceries/toiletries_health_and_beauty/hair_care/shampoo>
{'client': 'Waitrose', 'time': datetime.datetime(2020, 10, 1, 22, 57, 53, 339281), 'category': 'Shampoo', 'id': 'tPp747801-683764-683765', 'prod_name': 'Aussie Shampoo Scent-sational', 'waitrose_Qty': '300ml', 'waitrose_discounted_price': '£4.00', 'waitrose_offer_desc': None, 'waitrose_url': 'https://www.waitrose.com/ecom/shop/browse/groceries/toiletries_health_and_beauty/hair_care/shampoo', 'waitrose_rating': '5', 'waitrose_unit_price': '(£1.34/100ml)', 'waitrose_new_flag': None, 'waitrose_prod_name': 'Aussie Shampoo Scent-sational 300ml', 'images': []}
DEBUG: Scraped from <200 https://www.waitrose.com/ecom/shop/browse/groceries/toiletries_health_and_beauty/hair_care/shampoo>
{'client': 'Waitrose', 'time': datetime.datetime(2020, 10, 1, 22, 57, 53, 339281), 'category': 'Shampoo', 'id': 'tPp853982-154925-154926', 'prod_name': 'Batiste blush dry shampoo', 'waitrose_Qty': '200ml', 'waitrose_discounted_price': '£3.00', 'waitrose_offer_desc': None, 'waitrose_url': 'https://www.waitrose.com/ecom/shop/browse/groceries/toiletries_health_and_beauty/hair_care/shampoo', 'waitrose_rating': '4', 'waitrose_unit_price': '(£1.50/100ml)', 'waitrose_new_flag': None, 'waitrose_prod_name': 'Batiste blush dry shampoo 200ml', 'images': []}
DEBUG: Scraped from <200 https://www.waitrose.com/ecom/shop/browse/groceries/toiletries_health_and_beauty/hair_care/shampoo>
{'client': 'Waitrose', 'time': datetime.datetime(2020, 10, 1, 22, 57, 53, 339281), 'category': 'Shampoo', 'id': 'tPp735751-154731-154732', 'prod_name': 'Aussie aussome volume shampoo', 'waitrose_Qty': '500ml', 'waitrose_discounted_price': '£6.10', 'waitrose_offer_desc': 'Add 2 for £10', 'waitrose_url': 'https://www.waitrose.com/ecom/shop/browse/groceries/toiletries_health_and_beauty/hair_care/shampoo', 'waitrose_rating': None, 'waitrose_unit_price': '(£1.22/100ml)', 'waitrose_new_flag': None, 'waitrose_prod_name': 'Aussie aussome volume shampoo 500ml', 'images': []}
DEBUG: Scraped from <200 https://www.waitrose.com/ecom/shop/browse/groceries/toiletries_health_and_beauty/hair_care/shampoo>
{'client': 'Waitrose', 'time': datetime.datetime(2020, 10, 1, 22, 57, 53, 339281), 'category': 'Shampoo', 'id': 'tPp639145-337007-337008', 'prod_name': 'Tresemmé Shampoo Deep Cleansing', 'waitrose_Qty': '800ml', 'waitrose_discounted_price': '£5.50', 'waitrose_offer_desc': None, 'waitrose_url': 'https://www.waitrose.com/ecom/shop/browse/groceries/toiletries_health_and_beauty/hair_care/shampoo', 'waitrose_rating': '5', 'waitrose_unit_price': '(68.8p/100ml)', 'waitrose_new_flag': None, 'waitrose_prod_name': 'Tresemmé Shampoo Deep Cleansing 800ml', 'images': []}
DEBUG: Scraped from <200 https://www.waitrose.com/ecom/shop/browse/groceries/toiletries_health_and_beauty/hair_care/shampoo>
{'client': 'Waitrose', 'time': datetime.datetime(2020, 10, 1, 22, 57, 53, 339281), 'category': 'Shampoo', 'id': 'tPp757780-107799-107800', 'prod_name': 'Head & Shoulders 2in1 Classic Clean', 'waitrose_Qty': '450ml', 'waitrose_discounted_price': '£5.15', 'waitrose_offer_desc': None, 'waitrose_url': 'https://www.waitrose.com/ecom/shop/browse/groceries/toiletries_health_and_beauty/hair_care/shampoo', 'waitrose_rating': '4', 'waitrose_unit_price': '(£1.15/100ml)', 'waitrose_new_flag': None, 'waitrose_prod_name': 'Head & Shoulders 2in1 Classic Clean 450ml', 'images': []}
DEBUG: Scraped from <200 https://www.waitrose.com/ecom/shop/browse/groceries/toiletries_health_and_beauty/hair_care/shampoo>
{'client': 'Waitrose', 'time': datetime.datetime(2020, 10, 1, 22, 57, 53, 339281), 'category': 'Shampoo', 'id': 'tPp756229-563906-563907', 'prod_name': 'Head & Shoulders 2 in 1 Total Care', 'waitrose_Qty': '225ml', 'waitrose_discounted_price': '£3.00', 'waitrose_offer_desc': None, 'waitrose_url': 'https://www.waitrose.com/ecom/shop/browse/groceries/toiletries_health_and_beauty/hair_care/shampoo', 'waitrose_rating': None, 'waitrose_unit_price': '(£1.34/100ml)', 'waitrose_new_flag': None, 'waitrose_prod_name': 'Head & Shoulders 2 in 1 Total Care 225ml', 'images': []}
DEBUG: Scraped from <200 https://www.waitrose.com/ecom/shop/browse/groceries/toiletries_health_and_beauty/hair_care/shampoo>
{'client': 'Waitrose', 'time': datetime.datetime(2020, 10, 1, 22, 57, 53, 339281), 'category': 'Shampoo', 'id': 'tPp583946-82773-82774', 'prod_name': "Neal's Yard Lavender Shampoo", 'waitrose_Qty': '200ml', 'waitrose_discounted_price': '£11.50', 'waitrose_offer_desc': None, 'waitrose_url': 'https://www.waitrose.com/ecom/shop/browse/groceries/toiletries_health_and_beauty/hair_care/shampoo', 'waitrose_rating': '2.3', 'waitrose_unit_price': '(£5.75/100ml)', 'waitrose_new_flag': None, 'waitrose_prod_name': "Neal's Yard Lavender Shampoo 200ml", 'images': []}
DEBUG: Scraped from <200 https://www.waitrose.com/ecom/shop/browse/groceries/toiletries_health_and_beauty/hair_care/shampoo>
{'client': 'Waitrose', 'time': datetime.datetime(2020, 10, 1, 22, 57, 53, 339281), 'category': 'Shampoo', 'id': 'tPp714629-729752-729753', 'prod_name': 'OGX Keratin Oil Shampoo', 'waitrose_Qty': '385ml', 'waitrose_discounted_price': '£7.00', 'waitrose_offer_desc': 'Add 2 for £10', 'waitrose_url': 'https://www.waitrose.com/ecom/shop/browse/groceries/toiletries_health_and_beauty/hair_care/shampoo', 'waitrose_rating': None, 'waitrose_unit_price': '(£1.82/100ml)', 'waitrose_new_flag': None, 'waitrose_prod_name': 'OGX Keratin Oil Shampoo 385ml', 'images': []}
DEBUG: Scraped from <200 https://www.waitrose.com/ecom/shop/browse/groceries/toiletries_health_and_beauty/hair_care/shampoo>
{'client': 'Waitrose', 'time': datetime.datetime(2020, 10, 1, 22, 57, 53, 339281), 'category': 'Shampoo', 'id': 'tPp855732-695986-695987', 'prod_name': 'Hair Biology De-Frizz Shampoo', 'waitrose_Qty': '250ml', 'waitrose_discounted_price': '£3.00', 'waitrose_offer_desc': 'Save 1/3.', 'waitrose_url': 'https://www.waitrose.com/ecom/shop/browse/groceries/toiletries_health_and_beauty/hair_care/shampoo', 'waitrose_rating': None, 'waitrose_unit_price': '(£1.20/100ml)', 'waitrose_new_flag': None, 'waitrose_prod_name': 'Hair Biology De-Frizz Shampoo 250ml', 'images': []}
DEBUG: Scraped from <200 https://www.waitrose.com/ecom/shop/browse/groceries/toiletries_health_and_beauty/hair_care/shampoo>
{'client': 'Waitrose', 'time': datetime.datetime(2020, 10, 1, 22, 57, 53, 339281), 'category': 'Shampoo', 'id': 'tPp595050-720203-720204', 'prod_name': 'Herbal Essences Coconut Shampoo', 'waitrose_Qty': '250ml', 'waitrose_discounted_price': '£3.00', 'waitrose_offer_desc': None, 'waitrose_url': 'https://www.waitrose.com/ecom/shop/browse/groceries/toiletries_health_and_beauty/hair_care/shampoo', 'waitrose_rating': None, 'waitrose_unit_price': '(£1.20/100ml)', 'waitrose_new_flag': None, 'waitrose_prod_name': 'Herbal Essences Coconut Shampoo 250ml', 'images': []}
DEBUG: Scraped from <200 https://www.waitrose.com/ecom/shop/browse/groceries/toiletries_health_and_beauty/hair_care/shampoo>
{'client': 'Waitrose', 'time': datetime.datetime(2020, 10, 1, 22, 57, 53, 339281), 'category': 'Shampoo', 'id': 'tPp062495-31737-31738', 'prod_name': 'Neutrogena T/Gel shampoo dry hair', 'waitrose_Qty': '125ml', 'waitrose_discounted_price': '£5.15', 'waitrose_offer_desc': None, 'waitrose_url': 'https://www.waitrose.com/ecom/shop/browse/groceries/toiletries_health_and_beauty/hair_care/shampoo', 'waitrose_rating': None, 'waitrose_unit_price': '(£4.12/100ml)', 'waitrose_new_flag': None, 'waitrose_prod_name': 'Neutrogena T/Gel shampoo dry hair 125ml', 'images': []}
DEBUG: Scraped from <200 https://www.waitrose.com/ecom/shop/browse/groceries/toiletries_health_and_beauty/hair_care/shampoo>
{'client': 'Waitrose', 'time': datetime.datetime(2020, 10, 1, 22, 57, 53, 339281), 'category': 'Shampoo', 'id': 'tPp502437-720153-720154', 'prod_name': 'Aussie Calm The Frizz Shampoo', 'waitrose_Qty': '300ml', 'waitrose_discounted_price': '£4.00', 'waitrose_offer_desc': None, 'waitrose_url': 'https://www.waitrose.com/ecom/shop/browse/groceries/toiletries_health_and_beauty/hair_care/shampoo', 'waitrose_rating': None, 'waitrose_unit_price': '(£1.34/100ml)', 'waitrose_new_flag': None, 'waitrose_prod_name': 'Aussie Calm The Frizz Shampoo 300ml', 'images': []}
DEBUG: Scraped from <200 https://www.waitrose.com/ecom/shop/browse/groceries/toiletries_health_and_beauty/hair_care/shampoo>
{'client': 'Waitrose', 'time': datetime.datetime(2020, 10, 1, 22, 57, 53, 339281), 'category': 'Shampoo', 'id': 'tPp610920-86669-86670', 'prod_name': 'Sheer Blonde Go Blonder Shampoo', 'waitrose_Qty': '250ml', 'waitrose_discounted_price': '£6.00', 'waitrose_offer_desc': None, 'waitrose_url': 'https://www.waitrose.com/ecom/shop/browse/groceries/toiletries_health_and_beauty/hair_care/shampoo', 'waitrose_rating': '3.5', 'waitrose_unit_price': '(£2.40/100ml)', 'waitrose_new_flag': None, 'waitrose_prod_name': 'Sheer Blonde Go Blonder Shampoo 250ml', 'images': []}
DEBUG: Scraped from <200 https://www.waitrose.com/ecom/shop/browse/groceries/toiletries_health_and_beauty/hair_care/shampoo>
{'client': 'Waitrose', 'time': datetime.datetime(2020, 10, 1, 22, 57, 53, 339281), 'category': 'Shampoo', 'id': 'tPp836753-694201-694202', 'prod_name': 'Pantene Volume & Body Shampoo', 'waitrose_Qty': '500ml', 'waitrose_discounted_price': '£5.15', 'waitrose_offer_desc': None, 'waitrose_url': 'https://www.waitrose.com/ecom/shop/browse/groceries/toiletries_health_and_beauty/hair_care/shampoo', 'waitrose_rating': '4', 'waitrose_unit_price': '(£1.03/100ml)', 'waitrose_new_flag': None, 'waitrose_prod_name': 'Pantene Volume & Body Shampoo 500ml', 'images': []}
DEBUG: Scraped from <200 https://www.waitrose.com/ecom/shop/browse/groceries/toiletries_health_and_beauty/hair_care/shampoo>
{'client': 'Waitrose', 'time': datetime.datetime(2020, 10, 1, 22, 57, 53, 339281), 'category': 'Shampoo', 'id': 'tPp011495-5706-5707', 'prod_name': 'John Frieda Shampoo Touchably Full', 'waitrose_Qty': '250ml', 'waitrose_discounted_price': '£6.00', 'waitrose_offer_desc': None, 'waitrose_url': 'https://www.waitrose.com/ecom/shop/browse/groceries/toiletries_health_and_beauty/hair_care/shampoo', 'waitrose_rating': '4', 'waitrose_unit_price': '(£2.40/100ml)', 'waitrose_new_flag': None, 'waitrose_prod_name': 'John Frieda Shampoo Touchably Full 250ml', 'images': []}
DEBUG: Scraped from <200 https://www.waitrose.com/ecom/shop/browse/groceries/toiletries_health_and_beauty/hair_care/shampoo>
{'client': 'Waitrose', 'time': datetime.datetime(2020, 10, 1, 22, 57, 53, 339281), 'category': 'Shampoo', 'id': 'tPp821139-694191-694192', 'prod_name': 'Pantene Smooth & Sleek Shampoo', 'waitrose_Qty': '500ml', 'waitrose_discounted_price': '£5.15', 'waitrose_offer_desc': None, 'waitrose_url': 'https://www.waitrose.com/ecom/shop/browse/groceries/toiletries_health_and_beauty/hair_care/shampoo', 'waitrose_rating': None, 'waitrose_unit_price': '(£1.03/100ml)', 'waitrose_new_flag': None, 'waitrose_prod_name': 'Pantene Smooth & Sleek Shampoo 500ml', 'images': []}
DEBUG: Scraped from <200 https://www.waitrose.com/ecom/shop/browse/groceries/toiletries_health_and_beauty/hair_care/shampoo>
{'client': 'Waitrose', 'time': datetime.datetime(2020, 10, 1, 22, 57, 53, 339281), 'category': 'Shampoo', 'id': 'tPp721134-337091-337092', 'prod_name': 'Aussie miracle shine shampoo', 'waitrose_Qty': '500ml', 'waitrose_discounted_price': '£6.00', 'waitrose_offer_desc': 'Add 2 for £10', 'waitrose_url': 'https://www.waitrose.com/ecom/shop/browse/groceries/toiletries_health_and_beauty/hair_care/shampoo', 'waitrose_rating': None, 'waitrose_unit_price': '(£1.20/100ml)', 'waitrose_new_flag': None, 'waitrose_prod_name': 'Aussie miracle shine shampoo 500ml', 'images': []}
DEBUG: Scraped from <200 https://www.waitrose.com/ecom/shop/browse/groceries/toiletries_health_and_beauty/hair_care/shampoo>
{'client': 'Waitrose', 'time': datetime.datetime(2020, 10, 1, 22, 57, 53, 339281), 'category': 'Shampoo', 'id': 'tPp581617-694173-694174', 'prod_name': 'Pantene Colour Protect Shampoo', 'waitrose_Qty': '500ml', 'waitrose_discounted_price': '£5.15', 'waitrose_offer_desc': None, 'waitrose_url': 'https://www.waitrose.com/ecom/shop/browse/groceries/toiletries_health_and_beauty/hair_care/shampoo', 'waitrose_rating': None, 'waitrose_unit_price': '(£1.03/100ml)', 'waitrose_new_flag': None, 'waitrose_prod_name': 'Pantene Colour Protect Shampoo 500ml', 'images': []}
DEBUG: Scraped from <200 https://www.waitrose.com/ecom/shop/browse/groceries/toiletries_health_and_beauty/hair_care/shampoo>
{'client': 'Waitrose', 'time': datetime.datetime(2020, 10, 1, 22, 57, 53, 339281), 'category': 'Shampoo', 'id': 'tPp847454-724141-724142', 'prod_name': 'Faith in Nature Grapefruit Shampoo', 'waitrose_Qty': '400ml', 'waitrose_discounted_price': '£5.79', 'waitrose_offer_desc': '25% off Sep', 'waitrose_url': 'https://www.waitrose.com/ecom/shop/browse/groceries/toiletries_health_and_beauty/hair_care/shampoo', 'waitrose_rating': '5', 'waitrose_unit_price': '(£1.45/100ml)', 'waitrose_new_flag': None, 'waitrose_prod_name': 'Faith in Nature Grapefruit Shampoo 400ml', 'images': []}
DEBUG: Scraped from <200 https://www.waitrose.com/ecom/shop/browse/groceries/toiletries_health_and_beauty/hair_care/shampoo>
{'client': 'Waitrose', 'time': datetime.datetime(2020, 10, 1, 22, 57, 53, 339281), 'category': 'Shampoo', 'id': 'tPp882824-154983-154984', 'prod_name': 'Head & Shoulders itchy scalp shampoo', 'waitrose_Qty': '500ml', 'waitrose_discounted_price': '£5.15', 'waitrose_offer_desc': None, 'waitrose_url': 'https://www.waitrose.com/ecom/shop/browse/groceries/toiletries_health_and_beauty/hair_care/shampoo', 'waitrose_rating': '5', 'waitrose_unit_price': '(£1.03/100ml)', 'waitrose_new_flag': None, 'waitrose_prod_name': 'Head & Shoulders itchy scalp shampoo 500ml', 'images': []}
DEBUG: Scraped from <200 https://www.waitrose.com/ecom/shop/browse/groceries/toiletries_health_and_beauty/hair_care/shampoo>
{'client': 'Waitrose', 'time': datetime.datetime(2020, 10, 1, 22, 57, 53, 339281), 'category': 'Shampoo', 'id': 'tPp833802-337290-337291', 'prod_name': 'Aussie Miracle Moist Spray', 'waitrose_Qty': '250ml', 'waitrose_discounted_price': '£5.15', 'waitrose_offer_desc': None, 'waitrose_url': 'https://www.waitrose.com/ecom/shop/browse/groceries/toiletries_health_and_beauty/hair_care/shampoo', 'waitrose_rating': None, 'waitrose_unit_price': '(£2.06/100ml)', 'waitrose_new_flag': None, 'waitrose_prod_name': 'Aussie Miracle Moist Spray 250ml', 'images': []}
DEBUG: Scraped from <200 https://www.waitrose.com/ecom/shop/browse/groceries/toiletries_health_and_beauty/hair_care/shampoo>
{'client': 'Waitrose', 'time': datetime.datetime(2020, 10, 1, 22, 57, 53, 339281), 'category': 'Shampoo', 'id': 'tPp065299-33095-33096', 'prod_name': 'Frizz Ease Dream Curls Shampoo', 'waitrose_Qty': '250ml', 'waitrose_discounted_price': '£6.00', 'waitrose_offer_desc': None, 'waitrose_url': 'https://www.waitrose.com/ecom/shop/browse/groceries/toiletries_health_and_beauty/hair_care/shampoo', 'waitrose_rating': '5', 'waitrose_unit_price': '(£2.40/100ml)', 'waitrose_new_flag': None, 'waitrose_prod_name': 'Frizz Ease Dream Curls Shampoo 250ml', 'images': []}
DEBUG: Scraped from <200 https://www.waitrose.com/ecom/shop/browse/groceries/toiletries_health_and_beauty/hair_care/shampoo>
{'client': 'Waitrose', 'time': datetime.datetime(2020, 10, 1, 22, 57, 53, 339281), 'category': 'Shampoo', 'id': 'tPp725068-723986-723987', 'prod_name': 'Faith in Nature Lavender Shampoo', 'waitrose_Qty': '400ml', 'waitrose_discounted_price': '£5.79', 'waitrose_offer_desc': '25% off Sep', 'waitrose_url': 'https://www.waitrose.com/ecom/shop/browse/groceries/toiletries_health_and_beauty/hair_care/shampoo', 'waitrose_rating': None, 'waitrose_unit_price': '(£1.45/100ml)', 'waitrose_new_flag': None, 'waitrose_prod_name': 'Faith in Nature Lavender Shampoo 400ml', 'images': []}
DEBUG: Scraped from <200 https://www.waitrose.com/ecom/shop/browse/groceries/toiletries_health_and_beauty/hair_care/shampoo>
{'client': 'Waitrose', 'time': datetime.datetime(2020, 10, 1, 22, 57, 53, 339281), 'category': 'Shampoo', 'id': 'tPp425124-59787-59788', 'prod_name': 'Brilliant Brunette Protecting Shampoo', 'waitrose_Qty': '250ml', 'waitrose_discounted_price': '£6.00', 'waitrose_offer_desc': None, 'waitrose_url': 'https://www.waitrose.com/ecom/shop/browse/groceries/toiletries_health_and_beauty/hair_care/shampoo', 'waitrose_rating': None, 'waitrose_unit_price': '(£2.40/100ml)', 'waitrose_new_flag': None, 'waitrose_prod_name': 'Brilliant Brunette Protecting Shampoo 250ml', 'images': []}
DEBUG: Scraped from <200 https://www.waitrose.com/ecom/shop/browse/groceries/toiletries_health_and_beauty/hair_care/shampoo>
{'client': 'Waitrose', 'time': datetime.datetime(2020, 10, 1, 22, 57, 53, 339281), 'category': 'Shampoo', 'id': 'tPp433216-720111-720112', 'prod_name': 'John Frieda Hydrate & Recharge Shampoo', 'waitrose_Qty': '250ml', 'waitrose_discounted_price': '£6.00', 'waitrose_offer_desc': None, 'waitrose_url': 'https://www.waitrose.com/ecom/shop/browse/groceries/toiletries_health_and_beauty/hair_care/shampoo', 'waitrose_rating': None, 'waitrose_unit_price': '(£2.40/100ml)', 'waitrose_new_flag': None, 'waitrose_prod_name': 'John Frieda Hydrate & Recharge Shampoo 250ml', 'images': []}
DEBUG: Scraped from <200 https://www.waitrose.com/ecom/shop/browse/groceries/toiletries_health_and_beauty/hair_care/shampoo>
{'client': 'Waitrose', 'time': datetime.datetime(2020, 10, 1, 22, 57, 53, 339281), 'category': 'Shampoo', 'id': 'tPp790782-694215-694216', 'prod_name': 'Pantene 3in1 Smooth & Sleek', 'waitrose_Qty': '450ml', 'waitrose_discounted_price': '£3.75', 'waitrose_offer_desc': None, 'waitrose_url': 'https://www.waitrose.com/ecom/shop/browse/groceries/toiletries_health_and_beauty/hair_care/shampoo', 'waitrose_rating': None, 'waitrose_unit_price': '(83.3p/100ml)', 'waitrose_new_flag': None, 'waitrose_prod_name': 'Pantene 3in1 Smooth & Sleek 450ml', 'images': []}
DEBUG: Scraped from <200 https://www.waitrose.com/ecom/shop/browse/groceries/toiletries_health_and_beauty/hair_care/shampoo>
{'client': 'Waitrose', 'time': datetime.datetime(2020, 10, 1, 22, 57, 53, 339281), 'category': 'Shampoo', 'id': 'tPp863078-695988-695989', 'prod_name': 'Pantene Hair Biology Full & Vibrant', 'waitrose_Qty': '250ml', 'waitrose_discounted_price': '£3.00', 'waitrose_offer_desc': 'Save 1/3.', 'waitrose_url': 'https://www.waitrose.com/ecom/shop/browse/groceries/toiletries_health_and_beauty/hair_care/shampoo', 'waitrose_rating': None, 'waitrose_unit_price': '(£1.20/100ml)', 'waitrose_new_flag': None, 'waitrose_prod_name': 'Pantene Hair Biology Full & Vibrant 250ml', 'images': []}
DEBUG: Scraped from <200 https://www.waitrose.com/ecom/shop/browse/groceries/toiletries_health_and_beauty/hair_care/shampoo>
{'client': 'Waitrose', 'time': datetime.datetime(2020, 10, 1, 22, 57, 53, 339281), 'category': 'Shampoo', 'id': 'tPp803275-329016-329017', 'prod_name': 'AOrganic Peppermint Shampoo', 'waitrose_Qty': '325ml', 'waitrose_discounted_price': '£5.24', 'waitrose_offer_desc': '25% Off.', 'waitrose_url': 'https://www.waitrose.com/ecom/shop/browse/groceries/toiletries_health_and_beauty/hair_care/shampoo', 'waitrose_rating': '4', 'waitrose_unit_price': '(£1.62/100ml)', 'waitrose_new_flag': None, 'waitrose_prod_name': 'AOrganic Peppermint Shampoo 325ml', 'images': []}
DEBUG: Scraped from <200 https://www.waitrose.com/ecom/shop/browse/groceries/toiletries_health_and_beauty/hair_care/shampoo>
{'client': 'Waitrose', 'time': datetime.datetime(2020, 10, 1, 22, 57, 53, 339281), 'category': 'Shampoo', 'id': 'tPp425163-526469-526470', 'prod_name': 'Frizz Ease Shampoo Miraculous Recovery', 'waitrose_Qty': '250ml', 'waitrose_discounted_price': '£6.00', 'waitrose_offer_desc': None, 'waitrose_url': 'https://www.waitrose.com/ecom/shop/browse/groceries/toiletries_health_and_beauty/hair_care/shampoo', 'waitrose_rating': None, 'waitrose_unit_price': '(£2.40/100ml)', 'waitrose_new_flag': None, 'waitrose_prod_name': 'Frizz Ease Shampoo Miraculous Recovery 250ml', 'images': []}
DEBUG: Scraped from <200 https://www.waitrose.com/ecom/shop/browse/groceries/toiletries_health_and_beauty/hair_care/shampoo>
{'client': 'Waitrose', 'time': datetime.datetime(2020, 10, 1, 22, 57, 53, 339281), 'category': 'Shampoo', 'id': 'tPp538896-720173-720174', 'prod_name': 'Herbal Essences Argan Oil Shampoo', 'waitrose_Qty': '250ml', 'waitrose_discounted_price': '£3.00', 'waitrose_offer_desc': None, 'waitrose_url': 'https://www.waitrose.com/ecom/shop/browse/groceries/toiletries_health_and_beauty/hair_care/shampoo', 'waitrose_rating': None, 'waitrose_unit_price': '(£1.20/100ml)', 'waitrose_new_flag': None, 'waitrose_prod_name': 'Herbal Essences Argan Oil Shampoo 250ml', 'images': []}
DEBUG: Scraped from <200 https://www.waitrose.com/ecom/shop/browse/groceries/toiletries_health_and_beauty/hair_care/shampoo>
{'client': 'Waitrose', 'time': datetime.datetime(2020, 10, 1, 22, 57, 53, 339281), 'category': 'Shampoo', 'id': 'tPp567481-719558-719559', 'prod_name': 'Fit Kit Gentle Shampoo &Conditioner', 'waitrose_Qty': '200ml', 'waitrose_discounted_price': '£4.00', 'waitrose_offer_desc': 'Add 2 for £5', 'waitrose_url': 'https://www.waitrose.com/ecom/shop/browse/groceries/toiletries_health_and_beauty/hair_care/shampoo', 'waitrose_rating': '5', 'waitrose_unit_price': '(£2/100ml)', 'waitrose_new_flag': None, 'waitrose_prod_name': 'Fit Kit Gentle Shampoo &Conditioner 200ml', 'images': []}
DEBUG: Scraped from <200 https://www.waitrose.com/ecom/shop/browse/groceries/toiletries_health_and_beauty/hair_care/shampoo>
{'client': 'Waitrose', 'time': datetime.datetime(2020, 10, 1, 22, 57, 53, 339281), 'category': 'Shampoo', 'id': 'tPp032765-16025-16026', 'prod_name': "L'Oréal kids shampoo berry strawberry", 'waitrose_Qty': '250ml', 'waitrose_discounted_price': '£2.45', 'waitrose_offer_desc': None, 'waitrose_url': 'https://www.waitrose.com/ecom/shop/browse/groceries/toiletries_health_and_beauty/hair_care/shampoo', 'waitrose_rating': None, 'waitrose_unit_price': '(98p/100ml)', 'waitrose_new_flag': None, 'waitrose_prod_name': "L'Oréal kids shampoo berry strawberry 250ml", 'images': []}
DEBUG: Scraped from <200 https://www.waitrose.com/ecom/shop/browse/groceries/toiletries_health_and_beauty/hair_care/shampoo>
{'client': 'Waitrose', 'time': datetime.datetime(2020, 10, 1, 22, 57, 53, 339281), 'category': 'Shampoo', 'id': 'tPp809690-337194-337195', 'prod_name': 'Head & Shoulders 2in1 Itchy Scalp', 'waitrose_Qty': '450ml', 'waitrose_discounted_price': '£5.15', 'waitrose_offer_desc': None, 'waitrose_url': 'https://www.waitrose.com/ecom/shop/browse/groceries/toiletries_health_and_beauty/hair_care/shampoo', 'waitrose_rating': '5', 'waitrose_unit_price': '(£1.15/100ml)', 'waitrose_new_flag': None, 'waitrose_prod_name': 'Head & Shoulders 2in1 Itchy Scalp 450ml', 'images': []}
DEBUG: Scraped from <200 https://www.waitrose.com/ecom/shop/browse/groceries/toiletries_health_and_beauty/hair_care/shampoo>
{'client': 'Waitrose', 'time': datetime.datetime(2020, 10, 1, 22, 57, 53, 339281), 'category': 'Shampoo', 'id': 'tPp432893-216691-216692', 'prod_name': 'Head & Shoulders Shampoo Apple Fresh', 'waitrose_Qty': '500ml', 'waitrose_discounted_price': '£5.15', 'waitrose_offer_desc': None, 'waitrose_url': 'https://www.waitrose.com/ecom/shop/browse/groceries/toiletries_health_and_beauty/hair_care/shampoo', 'waitrose_rating': None, 'waitrose_unit_price': '(£1.03/100ml)', 'waitrose_new_flag': None, 'waitrose_prod_name': 'Head & Shoulders Shampoo Apple Fresh 500ml', 'images': []}
DEBUG: Scraped from <200 https://www.waitrose.com/ecom/shop/browse/groceries/toiletries_health_and_beauty/hair_care/shampoo>
{'client': 'Waitrose', 'time': datetime.datetime(2020, 10, 1, 22, 57, 53, 339281), 'category': 'Shampoo', 'id': 'tPp778297-720309-720310', 'prod_name': 'Pantene Grow Strong Shampoo', 'waitrose_Qty': '400ml', 'waitrose_discounted_price': '£3.75', 'waitrose_offer_desc': None, 'waitrose_url': 'https://www.waitrose.com/ecom/shop/browse/groceries/toiletries_health_and_beauty/hair_care/shampoo', 'waitrose_rating': None, 'waitrose_unit_price': '(93.8p/100ml)', 'waitrose_new_flag': None, 'waitrose_prod_name': 'Pantene Grow Strong Shampoo 400ml', 'images': []}
DEBUG: Scraped from <200 https://www.waitrose.com/ecom/shop/browse/groceries/toiletries_health_and_beauty/hair_care/shampoo>
{'client': 'Waitrose', 'time': datetime.datetime(2020, 10, 1, 22, 57, 53, 339281), 'category': 'Shampoo', 'id': 'tPp724972-694185-694186', 'prod_name': 'Pantene 3in1 Repair & Protect', 'waitrose_Qty': '450ml', 'waitrose_discounted_price': '£3.75', 'waitrose_offer_desc': None, 'waitrose_url': 'https://www.waitrose.com/ecom/shop/browse/groceries/toiletries_health_and_beauty/hair_care/shampoo', 'waitrose_rating': None, 'waitrose_unit_price': '(83.3p/100ml)', 'waitrose_new_flag': None, 'waitrose_prod_name': 'Pantene 3in1 Repair & Protect 450ml', 'images': []}
DEBUG: Scraped from <200 https://www.waitrose.com/ecom/shop/browse/groceries/toiletries_health_and_beauty/hair_care/shampoo>
{'client': 'Waitrose', 'time': datetime.datetime(2020, 10, 1, 22, 57, 53, 339281), 'category': 'Shampoo', 'id': 'tPp745828-495012-495013', 'prod_name': 'DGJ Kids Lice Repel Shampoo', 'waitrose_Qty': '250ml', 'waitrose_discounted_price': '£3.50', 'waitrose_offer_desc': None, 'waitrose_url': 'https://www.waitrose.com/ecom/shop/browse/groceries/toiletries_health_and_beauty/hair_care/shampoo', 'waitrose_rating': None, 'waitrose_unit_price': '(£1.40/100ml)', 'waitrose_new_flag': None, 'waitrose_prod_name': 'DGJ Kids Lice Repel Shampoo 250ml', 'images': []}
DEBUG: Scraped from <200 https://www.waitrose.com/ecom/shop/browse/groceries/toiletries_health_and_beauty/hair_care/shampoo>
{'client': 'Waitrose', 'time': datetime.datetime(2020, 10, 1, 22, 57, 53, 339281), 'category': 'Shampoo', 'id': 'tPp051100-25409-25410', 'prod_name': 'Sheer Blonde Moisturising Shampoo', 'waitrose_Qty': '250ml', 'waitrose_discounted_price': '£6.00', 'waitrose_offer_desc': None, 'waitrose_url': 'https://www.waitrose.com/ecom/shop/browse/groceries/toiletries_health_and_beauty/hair_care/shampoo', 'waitrose_rating': '3', 'waitrose_unit_price': '(£2.40/100ml)', 'waitrose_new_flag': None, 'waitrose_prod_name': 'Sheer Blonde Moisturising Shampoo 250ml', 'images': []}
DEBUG: Scraped from <200 https://www.waitrose.com/ecom/shop/browse/groceries/toiletries_health_and_beauty/hair_care/shampoo>
{'client': 'Waitrose', 'time': datetime.datetime(2020, 10, 1, 22, 57, 53, 339281), 'category': 'Shampoo', 'id': 'tPp584599-695531-695532', 'prod_name': 'Batiste Dry Shampoo Volume', 'waitrose_Qty': '200ml', 'waitrose_discounted_price': '£4.25', 'waitrose_offer_desc': None, 'waitrose_url': 'https://www.waitrose.com/ecom/shop/browse/groceries/toiletries_health_and_beauty/hair_care/shampoo', 'waitrose_rating': None, 'waitrose_unit_price': '(£2.13/100ml)', 'waitrose_new_flag': None, 'waitrose_prod_name': 'Batiste Dry Shampoo Volume 200ml', 'images': []}
DEBUG: Scraped from <200 https://www.waitrose.com/ecom/shop/browse/groceries/toiletries_health_and_beauty/hair_care/shampoo>
{'client': 'Waitrose', 'time': datetime.datetime(2020, 10, 1, 22, 57, 53, 339281), 'category': 'Shampoo', 'id': 'tPp414862-695397-695398', 'prod_name': 'Noughty Wave Hello Shampoo', 'waitrose_Qty': '250ml', 'waitrose_discounted_price': '£7.00', 'waitrose_offer_desc': None, 'waitrose_url': 'https://www.waitrose.com/ecom/shop/browse/groceries/toiletries_health_and_beauty/hair_care/shampoo', 'waitrose_rating': None, 'waitrose_unit_price': '(£2.80/100ml)', 'waitrose_new_flag': None, 'waitrose_prod_name': 'Noughty Wave Hello Shampoo 250ml', 'images': []}
DEBUG: Scraped from <200 https://www.waitrose.com/ecom/shop/browse/groceries/toiletries_health_and_beauty/hair_care/shampoo>
{'client': 'Waitrose', 'time': datetime.datetime(2020, 10, 1, 22, 57, 53, 339281), 'category': 'Shampoo', 'id': 'tPp502050-631293-631294', 'prod_name': 'Hask Argan Oil Repairing Shampoo', 'waitrose_Qty': '355ml', 'waitrose_discounted_price': '£7.00', 'waitrose_offer_desc': None, 'waitrose_url': 'https://www.waitrose.com/ecom/shop/browse/groceries/toiletries_health_and_beauty/hair_care/shampoo', 'waitrose_rating': '4', 'waitrose_unit_price': '(£1.98/100ml)', 'waitrose_new_flag': None, 'waitrose_prod_name': 'Hask Argan Oil Repairing Shampoo 355ml', 'images': []}
DEBUG: Scraped from <200 https://www.waitrose.com/ecom/shop/browse/groceries/toiletries_health_and_beauty/hair_care/shampoo>
{'client': 'Waitrose', 'time': datetime.datetime(2020, 10, 1, 22, 57, 53, 339281), 'category': 'Shampoo', 'id': 'tPp755186-495024-495025', 'prod_name': 'DGJ Colour Save Shampoo', 'waitrose_Qty': '250ml', 'waitrose_discounted_price': '£5.00', 'waitrose_offer_desc': None, 'waitrose_url': 'https://www.waitrose.com/ecom/shop/browse/groceries/toiletries_health_and_beauty/hair_care/shampoo', 'waitrose_rating': None, 'waitrose_unit_price': '(£2/100ml)', 'waitrose_new_flag': None, 'waitrose_prod_name': 'DGJ Colour Save Shampoo 250ml', 'images': []}
DEBUG: Scraped from <200 https://www.waitrose.com/ecom/shop/browse/groceries/toiletries_health_and_beauty/hair_care/shampoo>
{'client': 'Waitrose', 'time': datetime.datetime(2020, 10, 1, 22, 57, 53, 339281), 'category': 'Shampoo', 'id': 'tPp702159-494964-494965', 'prod_name': 'DGJ Argan Oil Shampoo', 'waitrose_Qty': '250ml', 'waitrose_discounted_price': '£5.00', 'waitrose_offer_desc': None, 'waitrose_url': 'https://www.waitrose.com/ecom/shop/browse/groceries/toiletries_health_and_beauty/hair_care/shampoo', 'waitrose_rating': None, 'waitrose_unit_price': '(£2/100ml)', 'waitrose_new_flag': None, 'waitrose_prod_name': 'DGJ Argan Oil Shampoo 250ml', 'images': []}
DEBUG: Scraped from <200 https://www.waitrose.com/ecom/shop/browse/groceries/toiletries_health_and_beauty/hair_care/shampoo>
{'client': 'Waitrose', 'time': datetime.datetime(2020, 10, 1, 22, 57, 53, 339281), 'category': 'Shampoo', 'id': 'tPp861587-154949-154950', 'prod_name': 'Batiste dark & deep brown dry shampoo', 'waitrose_Qty': '200ml', 'waitrose_discounted_price': '£4.00', 'waitrose_offer_desc': None, 'waitrose_url': 'https://www.waitrose.com/ecom/shop/browse/groceries/toiletries_health_and_beauty/hair_care/shampoo', 'waitrose_rating': None, 'waitrose_unit_price': '(£2/100ml)', 'waitrose_new_flag': None, 'waitrose_prod_name': 'Batiste dark & deep brown dry shampoo 200ml', 'images': []}
DEBUG: Scraped from <200 https://www.waitrose.com/ecom/shop/browse/groceries/toiletries_health_and_beauty/hair_care/shampoo>
{'client': 'Waitrose', 'time': datetime.datetime(2020, 10, 1, 22, 57, 53, 339281), 'category': 'Shampoo', 'id': 'tPp492090-729670-729671', 'prod_name': 'Percy & Reed Volumising Shampoo', 'waitrose_Qty': '250ml', 'waitrose_discounted_price': '£18.00', 'waitrose_offer_desc': '25% off Sep', 'waitrose_url': 'https://www.waitrose.com/ecom/shop/browse/groceries/toiletries_health_and_beauty/hair_care/shampoo', 'waitrose_rating': None, 'waitrose_unit_price': '(£7.20/100ml)', 'waitrose_new_flag': None, 'waitrose_prod_name': 'Percy & Reed Volumising Shampoo 250ml', 'images': []}
DEBUG: Scraped from <200 https://www.waitrose.com/ecom/shop/browse/groceries/toiletries_health_and_beauty/hair_care/shampoo>
{'client': 'Waitrose', 'time': datetime.datetime(2020, 10, 1, 22, 57, 53, 339281), 'category': 'Shampoo', 'id': 'tPp867514-720387-720388', 'prod_name': 'Head & Shoulders Coconut Shampoo', 'waitrose_Qty': '500ml', 'waitrose_discounted_price': '£5.00', 'waitrose_offer_desc': None, 'waitrose_url': 'https://www.waitrose.com/ecom/shop/browse/groceries/toiletries_health_and_beauty/hair_care/shampoo', 'waitrose_rating': None, 'waitrose_unit_price': '(£1/100ml)', 'waitrose_new_flag': None, 'waitrose_prod_name': 'Head & Shoulders Coconut Shampoo 500ml', 'images': []}
DEBUG: Scraped from <200 https://www.waitrose.com/ecom/shop/browse/groceries/toiletries_health_and_beauty/hair_care/shampoo>
{'client': 'Waitrose', 'time': datetime.datetime(2020, 10, 1, 22, 57, 53, 339281), 'category': 'Shampoo', 'id': 'tPp402915-526384-526385', 'prod_name': 'John Frieda Violet Crush Shampoo', 'waitrose_Qty': '250ml', 'waitrose_discounted_price': '£6.00', 'waitrose_offer_desc': None, 'waitrose_url': 'https://www.waitrose.com/ecom/shop/browse/groceries/toiletries_health_and_beauty/hair_care/shampoo', 'waitrose_rating': '5', 'waitrose_unit_price': '(£2.40/100ml)', 'waitrose_new_flag': None, 'waitrose_prod_name': 'John Frieda Violet Crush Shampoo 250ml', 'images': []}
DEBUG: Scraped from <200 https://www.waitrose.com/ecom/shop/browse/groceries/toiletries_health_and_beauty/hair_care/shampoo>
{'client': 'Waitrose', 'time': datetime.datetime(2020, 10, 1, 22, 57, 53, 339281), 'category': 'Shampoo', 'id': 'tPp603087-695555-695556', 'prod_name': 'Noughty Colour Bomb Shampoo', 'waitrose_Qty': '250ml', 'waitrose_discounted_price': '£7.00', 'waitrose_offer_desc': 'Mix & Match Add 2 for 1 Cheaper Item Free', 'waitrose_url': 'https://www.waitrose.com/ecom/shop/browse/groceries/toiletries_health_and_beauty/hair_care/shampoo', 'waitrose_rating': '3', 'waitrose_unit_price': '(£2.80/100ml)', 'waitrose_new_flag': None, 'waitrose_prod_name': 'Noughty Colour Bomb Shampoo 250ml', 'images': []}
DEBUG: Scraped from <200 https://www.waitrose.com/ecom/shop/browse/groceries/toiletries_health_and_beauty/hair_care/shampoo>
{'client': 'Waitrose', 'time': datetime.datetime(2020, 10, 1, 22, 57, 53, 339281), 'category': 'Shampoo', 'id': 'tPp453160-695433-695434', 'prod_name': 'Argan+ Long & Strong Shampoo', 'waitrose_Qty': '300ml', 'waitrose_discounted_price': '£6.00', 'waitrose_offer_desc': 'Add 2 for £8', 'waitrose_url': 'https://www.waitrose.com/ecom/shop/browse/groceries/toiletries_health_and_beauty/hair_care/shampoo', 'waitrose_rating': None, 'waitrose_unit_price': '(£2/100ml)', 'waitrose_new_flag': None, 'waitrose_prod_name': 'Argan+ Long & Strong Shampoo 300ml', 'images': []}
DEBUG: Scraped from <200 https://www.waitrose.com/ecom/shop/browse/groceries/toiletries_health_and_beauty/hair_care/shampoo>
{'client': 'Waitrose', 'time': datetime.datetime(2020, 10, 1, 22, 57, 53, 339281), 'category': 'Shampoo', 'id': 'tPp626001-88825-88826', 'prod_name': 'Head & Shoulders Shampoo Citrus Fresh', 'waitrose_Qty': '500ml', 'waitrose_discounted_price': '£5.15', 'waitrose_offer_desc': None, 'waitrose_url': 'https://www.waitrose.com/ecom/shop/browse/groceries/toiletries_health_and_beauty/hair_care/shampoo', 'waitrose_rating': None, 'waitrose_unit_price': '(£1.03/100ml)', 'waitrose_new_flag': None, 'waitrose_prod_name': 'Head & Shoulders Shampoo Citrus Fresh 500ml', 'images': []}
DEBUG: Scraped from <200 https://www.waitrose.com/ecom/shop/browse/groceries/toiletries_health_and_beauty/hair_care/shampoo>
{'client': 'Waitrose', 'time': datetime.datetime(2020, 10, 1, 22, 57, 53, 339281), 'category': 'Shampoo', 'id': 'tPp567431-729696-729697', 'prod_name': 'Batiste Dry Shampoo for Blondes', 'waitrose_Qty': '200ml', 'waitrose_discounted_price': '£4.00', 'waitrose_offer_desc': None, 'waitrose_url': 'https://www.waitrose.com/ecom/shop/browse/groceries/toiletries_health_and_beauty/hair_care/shampoo', 'waitrose_rating': None, 'waitrose_unit_price': '(£2/100ml)', 'waitrose_new_flag': None, 'waitrose_prod_name': 'Batiste Dry Shampoo for Blondes 200ml', 'images': []}
DEBUG: Scraped from <200 https://www.waitrose.com/ecom/shop/browse/groceries/toiletries_health_and_beauty/hair_care/shampoo>
{'client': 'Waitrose', 'time': datetime.datetime(2020, 10, 1, 22, 57, 53, 339281), 'category': 'Shampoo', 'id': 'tPp485884-539933-539934', 'prod_name': 'Waitrose Pure Purifying Shampoo', 'waitrose_Qty': '250ml', 'waitrose_discounted_price': '£1.50', 'waitrose_offer_desc': 'Half Price.', 'waitrose_url': 'https://www.waitrose.com/ecom/shop/browse/groceries/toiletries_health_and_beauty/hair_care/shampoo', 'waitrose_rating': '4.4', 'waitrose_unit_price': '(60p/100ml)', 'waitrose_new_flag': None, 'waitrose_prod_name': 'Waitrose Pure Purifying Shampoo 250ml', 'images': []}
DEBUG: Scraped from <200 https://www.waitrose.com/ecom/shop/browse/groceries/toiletries_health_and_beauty/hair_care/shampoo>
{'client': 'Waitrose', 'time': datetime.datetime(2020, 10, 1, 22, 57, 53, 339281), 'category': 'Shampoo', 'id': 'tPp405353-729640-729641', 'prod_name': 'Percy & Reed No-Fuss Dry Shampoo', 'waitrose_Qty': '200ml', 'waitrose_discounted_price': '£15.00', 'waitrose_offer_desc': '25% off Sep', 'waitrose_url': 'https://www.waitrose.com/ecom/shop/browse/groceries/toiletries_health_and_beauty/hair_care/shampoo', 'waitrose_rating': '3.8', 'waitrose_unit_price': '(£7.50/100ml)', 'waitrose_new_flag': None, 'waitrose_prod_name': 'Percy & Reed No-Fuss Dry Shampoo 200ml', 'images': []}
DEBUG: Scraped from <200 https://www.waitrose.com/ecom/shop/browse/groceries/toiletries_health_and_beauty/hair_care/shampoo>
{'client': 'Waitrose', 'time': datetime.datetime(2020, 10, 1, 22, 57, 53, 339281), 'category': 'Shampoo', 'id': 'tPp820157-724089-724090', 'prod_name': 'Eco Warrior Shampoo Bar', 'waitrose_Qty': '100g', 'waitrose_discounted_price': '£4.50', 'waitrose_offer_desc': None, 'waitrose_url': 'https://www.waitrose.com/ecom/shop/browse/groceries/toiletries_health_and_beauty/hair_care/shampoo', 'waitrose_rating': None, 'waitrose_unit_price': '(£4.50/100g)', 'waitrose_new_flag': None, 'waitrose_prod_name': 'Eco Warrior Shampoo Bar 100g', 'images': []}
DEBUG: Scraped from <200 https://www.waitrose.com/ecom/shop/browse/groceries/toiletries_health_and_beauty/hair_care/shampoo>
{'client': 'Waitrose', 'time': datetime.datetime(2020, 10, 1, 22, 57, 53, 339281), 'category': 'Shampoo', 'id': 'tPp807825-473364-473365', 'prod_name': 'SenSpa Deep Cleanse Shampoo', 'waitrose_Qty': '250ml', 'waitrose_discounted_price': '£6.00', 'waitrose_offer_desc': None, 'waitrose_url': 'https://www.waitrose.com/ecom/shop/browse/groceries/toiletries_health_and_beauty/hair_care/shampoo', 'waitrose_rating': '3.7', 'waitrose_unit_price': '(£2.40/100ml)', 'waitrose_new_flag': None, 'waitrose_prod_name': 'SenSpa Deep Cleanse Shampoo 250ml', 'images': []}
DEBUG: Scraped from <200 https://www.waitrose.com/ecom/shop/browse/groceries/toiletries_health_and_beauty/hair_care/shampoo>
{'client': 'Waitrose', 'time': datetime.datetime(2020, 10, 1, 22, 57, 53, 339281), 'category': 'Shampoo', 'id': 'tPp816738-442231-442232', 'prod_name': 'SensSpa Nourishing Shampoo', 'waitrose_Qty': '250ml', 'waitrose_discounted_price': '£6.00', 'waitrose_offer_desc': None, 'waitrose_url': 'https://www.waitrose.com/ecom/shop/browse/groceries/toiletries_health_and_beauty/hair_care/shampoo', 'waitrose_rating': '2.6', 'waitrose_unit_price': '(£2.40/100ml)', 'waitrose_new_flag': None, 'waitrose_prod_name': 'SensSpa Nourishing Shampoo 250ml', 'images': []}
DEBUG: Scraped from <200 https://www.waitrose.com/ecom/shop/browse/groceries/toiletries_health_and_beauty/hair_care/shampoo>
{'client': 'Waitrose', 'time': datetime.datetime(2020, 10, 1, 22, 57, 53, 339281), 'category': 'Shampoo', 'id': 'tPp812614-707138-707139', 'prod_name': 'Beco Spring Meadow Shampoo Bar', 'waitrose_Qty': '90g', 'waitrose_discounted_price': '£4.00', 'waitrose_offer_desc': None, 'waitrose_url': 'https://www.waitrose.com/ecom/shop/browse/groceries/toiletries_health_and_beauty/hair_care/shampoo', 'waitrose_rating': '3.3', 'waitrose_unit_price': '(£4.45/100g)', 'waitrose_new_flag': None, 'waitrose_prod_name': 'Beco Spring Meadow Shampoo Bar 90g', 'images': []}
DEBUG: Scraped from <200 https://www.waitrose.com/ecom/shop/browse/groceries/toiletries_health_and_beauty/hair_care/shampoo>
{'client': 'Waitrose', 'time': datetime.datetime(2020, 10, 1, 22, 57, 53, 339281), 'category': 'Shampoo', 'id': 'tPp645178-695617-695618', 'prod_name': 'John Frieda Shampoo Weightless Wonder', 'waitrose_Qty': '250ml', 'waitrose_discounted_price': '£6.00', 'waitrose_offer_desc': None, 'waitrose_url': 'https://www.waitrose.com/ecom/shop/browse/groceries/toiletries_health_and_beauty/hair_care/shampoo', 'waitrose_rating': '4.6', 'waitrose_unit_price': '(£2.40/100ml)', 'waitrose_new_flag': None, 'waitrose_prod_name': 'John Frieda Shampoo Weightless Wonder 250ml', 'images': []}
DEBUG: Scraped from <200 https://www.waitrose.com/ecom/shop/browse/groceries/toiletries_health_and_beauty/hair_care/shampoo>
{'client': 'Waitrose', 'time': datetime.datetime(2020, 10, 1, 22, 57, 53, 339281), 'category': 'Shampoo', 'id': 'tPp530991-695493-695494', 'prod_name': 'John Frieda Shampoo Detox & Repair', 'waitrose_Qty': '250ml', 'waitrose_discounted_price': '£6.00', 'waitrose_offer_desc': None, 'waitrose_url': 'https://www.waitrose.com/ecom/shop/browse/groceries/toiletries_health_and_beauty/hair_care/shampoo', 'waitrose_rating': None, 'waitrose_unit_price': '(£2.40/100ml)', 'waitrose_new_flag': None, 'waitrose_prod_name': 'John Frieda Shampoo Detox & Repair 250ml', 'images': []}
DEBUG: Scraped from <200 https://www.waitrose.com/ecom/shop/browse/groceries/toiletries_health_and_beauty/hair_care/shampoo>
{'client': 'Waitrose', 'time': datetime.datetime(2020, 10, 1, 22, 57, 53, 339281), 'category': 'Shampoo', 'id': 'tPp808436-720325-720326', 'prod_name': 'Hask Biotin Boost Shampoo', 'waitrose_Qty': '355ml', 'waitrose_discounted_price': '£7.00', 'waitrose_offer_desc': None, 'waitrose_url': 'https://www.waitrose.com/ecom/shop/browse/groceries/toiletries_health_and_beauty/hair_care/shampoo', 'waitrose_rating': None, 'waitrose_unit_price': '(£1.98/100ml)', 'waitrose_new_flag': None, 'waitrose_prod_name': 'Hask Biotin Boost Shampoo 355ml', 'images': []}
DEBUG: Scraped from <200 https://www.waitrose.com/ecom/shop/browse/groceries/toiletries_health_and_beauty/hair_care/shampoo>
{'client': 'Waitrose', 'time': datetime.datetime(2020, 10, 1, 22, 57, 53, 339281), 'category': 'Shampoo', 'id': 'tPp591666-681031-681032', 'prod_name': 'Pure Grace Shower Gel', 'waitrose_Qty': '480ml', 'waitrose_discounted_price': '£19.50', 'waitrose_offer_desc': None, 'waitrose_url': 'https://www.waitrose.com/ecom/shop/browse/groceries/toiletries_health_and_beauty/hair_care/shampoo', 'waitrose_rating': None, 'waitrose_unit_price': '(£4.07/100ml)', 'waitrose_new_flag': None, 'waitrose_prod_name': 'Pure Grace Shower Gel 480ml', 'images': []}
DEBUG: Scraped from <200 https://www.waitrose.com/ecom/shop/browse/groceries/toiletries_health_and_beauty/hair_care/shampoo>
{'client': 'Waitrose', 'time': datetime.datetime(2020, 10, 1, 22, 57, 53, 339281), 'category': 'Shampoo', 'id': 'tPp725372-631511-631512', 'prod_name': 'Hask Moni Coconut Oil Shampoo', 'waitrose_Qty': '355ml', 'waitrose_discounted_price': '£7.00', 'waitrose_offer_desc': None, 'waitrose_url': 'https://www.waitrose.com/ecom/shop/browse/groceries/toiletries_health_and_beauty/hair_care/shampoo', 'waitrose_rating': None, 'waitrose_unit_price': '(£1.98/100ml)', 'waitrose_new_flag': None, 'waitrose_prod_name': 'Hask Moni Coconut Oil Shampoo 355ml', 'images': []}
DEBUG: Scraped from <200 https://www.waitrose.com/ecom/shop/browse/groceries/toiletries_health_and_beauty/hair_care/shampoo>
{'client': 'Waitrose', 'time': datetime.datetime(2020, 10, 1, 22, 57, 53, 339281), 'category': 'Shampoo', 'id': 'tPp492466-631281-631282', 'prod_name': 'Hask Keratin Protein Smoothing Shampoo', 'waitrose_Qty': '355ml', 'waitrose_discounted_price': '£7.00', 'waitrose_offer_desc': None, 'waitrose_url': 'https://www.waitrose.com/ecom/shop/browse/groceries/toiletries_health_and_beauty/hair_care/shampoo', 'waitrose_rating': None, 'waitrose_unit_price': '(£1.98/100ml)', 'waitrose_new_flag': None, 'waitrose_prod_name': 'Hask Keratin Protein Smoothing Shampoo 355ml', 'images': []}
DEBUG: Scraped from <200 https://www.waitrose.com/ecom/shop/browse/groceries/toiletries_health_and_beauty/hair_care/shampoo>
{'client': 'Waitrose', 'time': datetime.datetime(2020, 10, 1, 22, 57, 53, 339281), 'category': 'Shampoo', 'id': 'tPp834106-299691-299692', 'prod_name': 'Head & Shoulders 2in1 smooth & silky', 'waitrose_Qty': '450ml', 'waitrose_discounted_price': '£5.00', 'waitrose_offer_desc': None, 'waitrose_url': 'https://www.waitrose.com/ecom/shop/browse/groceries/toiletries_health_and_beauty/hair_care/shampoo', 'waitrose_rating': None, 'waitrose_unit_price': '(£1.12/100ml)', 'waitrose_new_flag': None, 'waitrose_prod_name': 'Head & Shoulders 2in1 smooth & silky 450ml', 'images': []}
DEBUG: Scraped from <200 https://www.waitrose.com/ecom/shop/browse/groceries/toiletries_health_and_beauty/hair_care/shampoo>
{'client': 'Waitrose', 'time': datetime.datetime(2020, 10, 1, 22, 57, 53, 339281), 'category': 'Shampoo', 'id': 'tPp426973-298983-298984', 'prod_name': 'Head & Shoulders 2in1 Apple Fresh', 'waitrose_Qty': '450ml', 'waitrose_discounted_price': '£5.00', 'waitrose_offer_desc': None, 'waitrose_url': 'https://www.waitrose.com/ecom/shop/browse/groceries/toiletries_health_and_beauty/hair_care/shampoo', 'waitrose_rating': None, 'waitrose_unit_price': '(£1.12/100ml)', 'waitrose_new_flag': None, 'waitrose_prod_name': 'Head & Shoulders 2in1 Apple Fresh 450ml', 'images': []}
DEBUG: Scraped from <200 https://www.waitrose.com/ecom/shop/browse/groceries/toiletries_health_and_beauty/hair_care/shampoo>
{'client': 'Waitrose', 'time': datetime.datetime(2020, 10, 1, 22, 57, 53, 339281), 'category': 'Shampoo', 'id': 'tPp698673-735854-735855', 'prod_name': 'Pantene Pro V Rose Water Shampoo', 'waitrose_Qty': '225ml', 'waitrose_discounted_price': '£3.75', 'waitrose_offer_desc': None, 'waitrose_url': 'https://www.waitrose.com/ecom/shop/browse/groceries/toiletries_health_and_beauty/hair_care/shampoo', 'waitrose_rating': None, 'waitrose_unit_price': '(£1.67/100ml)', 'waitrose_new_flag': 'NEW', 'waitrose_prod_name': 'Pantene Pro V Rose Water Shampoo 225ml', 'images': []}
DEBUG: Scraped from <200 https://www.waitrose.com/ecom/shop/browse/groceries/toiletries_health_and_beauty/hair_care/shampoo>
{'client': 'Waitrose', 'time': datetime.datetime(2020, 10, 1, 22, 57, 53, 339281), 'category': 'Shampoo', 'id': 'tPp884562-720413-720414', 'prod_name': 'Maui Moisture Shea Butter Shampoo', 'waitrose_Qty': '385ml', 'waitrose_discounted_price': '£9.00', 'waitrose_offer_desc': None, 'waitrose_url': 'https://www.waitrose.com/ecom/shop/browse/groceries/toiletries_health_and_beauty/hair_care/shampoo', 'waitrose_rating': None, 'waitrose_unit_price': '(£2.34/100ml)', 'waitrose_new_flag': None, 'waitrose_prod_name': 'Maui Moisture Shea Butter Shampoo 385ml', 'images': []}
DEBUG: Scraped from <200 https://www.waitrose.com/ecom/shop/browse/groceries/toiletries_health_and_beauty/hair_care/shampoo>
{'client': 'Waitrose', 'time': datetime.datetime(2020, 10, 1, 22, 57, 53, 339281), 'category': 'Shampoo', 'id': 'tPp734002-695705-695706', 'prod_name': 'Percy & Reed Wonder Wash Shampoo', 'waitrose_Qty': '250ml', 'waitrose_discounted_price': '£18.00', 'waitrose_offer_desc': '25% off Sep', 'waitrose_url': 'https://www.waitrose.com/ecom/shop/browse/groceries/toiletries_health_and_beauty/hair_care/shampoo', 'waitrose_rating': '4.1', 'waitrose_unit_price': '(£7.20/100ml)', 'waitrose_new_flag': None, 'waitrose_prod_name': 'Percy & Reed Wonder Wash Shampoo 250ml', 'images': []}
DEBUG: Scraped from <200 https://www.waitrose.com/ecom/shop/browse/groceries/toiletries_health_and_beauty/hair_care/shampoo>
{'client': 'Waitrose', 'time': datetime.datetime(2020, 10, 1, 22, 57, 53, 339281), 'category': 'Shampoo', 'id': 'tPp554742-695503-695504', 'prod_name': 'Umberto Giannini Violet Shampoo', 'waitrose_Qty': '250ml', 'waitrose_discounted_price': '£8.00', 'waitrose_offer_desc': None, 'waitrose_url': 'https://www.waitrose.com/ecom/shop/browse/groceries/toiletries_health_and_beauty/hair_care/shampoo', 'waitrose_rating': None, 'waitrose_unit_price': '(£3.20/100ml)', 'waitrose_new_flag': None, 'waitrose_prod_name': 'Umberto Giannini Violet Shampoo 250ml', 'images': []}
DEBUG: Scraped from <200 https://www.waitrose.com/ecom/shop/browse/groceries/toiletries_health_and_beauty/hair_care/shampoo>
{'client': 'Waitrose', 'time': datetime.datetime(2020, 10, 1, 22, 57, 53, 339281), 'category': 'Shampoo', 'id': 'tPp694392-98595-98596', 'prod_name': 'Head & Shoulders Shampoo Cool Menthol', 'waitrose_Qty': '500ml', 'waitrose_discounted_price': '£5.15', 'waitrose_offer_desc': None, 'waitrose_url': 'https://www.waitrose.com/ecom/shop/browse/groceries/toiletries_health_and_beauty/hair_care/shampoo', 'waitrose_rating': None, 'waitrose_unit_price': '(£1.03/100ml)', 'waitrose_new_flag': None, 'waitrose_prod_name': 'Head & Shoulders Shampoo Cool Menthol 500ml', 'images': []}
DEBUG: Scraped from <200 https://www.waitrose.com/ecom/shop/browse/groceries/toiletries_health_and_beauty/hair_care/shampoo>
{'client': 'Waitrose', 'time': datetime.datetime(2020, 10, 1, 22, 57, 53, 339281), 'category': 'Shampoo', 'id': 'tPp668778-741258-741259', 'prod_name': 'Hendrin All in One Shampoo', 'waitrose_Qty': '100ml', 'waitrose_discounted_price': '£10.00', 'waitrose_offer_desc': None, 'waitrose_url': 'https://www.waitrose.com/ecom/shop/browse/groceries/toiletries_health_and_beauty/hair_care/shampoo', 'waitrose_rating': None, 'waitrose_unit_price': '(£10/100ml)', 'waitrose_new_flag': 'NEW', 'waitrose_prod_name': 'Hendrin All in One Shampoo 100ml', 'images': []}
DEBUG: Scraped from <200 https://www.waitrose.com/ecom/shop/browse/groceries/toiletries_health_and_beauty/hair_care/shampoo>
{'client': 'Waitrose', 'time': datetime.datetime(2020, 10, 1, 22, 57, 53, 339281), 'category': 'Shampoo', 'id': 'tPp581644-729702-729703', 'prod_name': 'Percy & Reed Hydrating Shampoo', 'waitrose_Qty': '250ml', 'waitrose_discounted_price': '£18.00', 'waitrose_offer_desc': '25% off Sep', 'waitrose_url': 'https://www.waitrose.com/ecom/shop/browse/groceries/toiletries_health_and_beauty/hair_care/shampoo', 'waitrose_rating': None, 'waitrose_unit_price': '(£7.20/100ml)', 'waitrose_new_flag': None, 'waitrose_prod_name': 'Percy & Reed Hydrating Shampoo 250ml', 'images': []}
DEBUG: Scraped from <200 https://www.waitrose.com/ecom/shop/browse/groceries/toiletries_health_and_beauty/hair_care/shampoo>
{'client': 'Waitrose', 'time': datetime.datetime(2020, 10, 1, 22, 57, 53, 339281), 'category': 'Shampoo', 'id': 'tPp527154-720165-720166', 'prod_name': 'Maui Moisture Hibiscus Water', 'waitrose_Qty': '385ml', 'waitrose_discounted_price': '£9.00', 'waitrose_offer_desc': None, 'waitrose_url': 'https://www.waitrose.com/ecom/shop/browse/groceries/toiletries_health_and_beauty/hair_care/shampoo', 'waitrose_rating': None, 'waitrose_unit_price': '(£2.34/100ml)', 'waitrose_new_flag': None, 'waitrose_prod_name': 'Maui Moisture Hibiscus Water 385ml', 'images': []}
DEBUG: Scraped from <200 https://www.waitrose.com/ecom/shop/browse/groceries/toiletries_health_and_beauty/hair_care/shampoo>
{'client': 'Waitrose', 'time': datetime.datetime(2020, 10, 1, 22, 57, 53, 339281), 'category': 'Shampoo', 'id': 'tPp888765-695909-695910', 'prod_name': 'Umberto Giannini Curl Jelly Wash', 'waitrose_Qty': '250ml', 'waitrose_discounted_price': '£8.00', 'waitrose_offer_desc': None, 'waitrose_url': 'https://www.waitrose.com/ecom/shop/browse/groceries/toiletries_health_and_beauty/hair_care/shampoo', 'waitrose_rating': '2.5', 'waitrose_unit_price': '(£3.20/100ml)', 'waitrose_new_flag': None, 'waitrose_prod_name': 'Umberto Giannini Curl Jelly Wash 250ml', 'images': []}
DEBUG: Scraped from <200 https://www.waitrose.com/ecom/shop/browse/groceries/toiletries_health_and_beauty/hair_care/shampoo>
{'client': 'Waitrose', 'time': datetime.datetime(2020, 10, 1, 22, 57, 53, 339281), 'category': 'Shampoo', 'id': 'tPp829437-695831-695832', 'prod_name': 'Umberto Giannini Grow Long Shampoo', 'waitrose_Qty': '250ml', 'waitrose_discounted_price': '£8.00', 'waitrose_offer_desc': None, 'waitrose_url': 'https://www.waitrose.com/ecom/shop/browse/groceries/toiletries_health_and_beauty/hair_care/shampoo', 'waitrose_rating': '5', 'waitrose_unit_price': '(£3.20/100ml)', 'waitrose_new_flag': None, 'waitrose_prod_name': 'Umberto Giannini Grow Long Shampoo 250ml', 'images': []}
DEBUG: Scraped from <200 https://www.waitrose.com/ecom/shop/browse/groceries/toiletries_health_and_beauty/hair_care/shampoo>
{'client': 'Waitrose', 'time': datetime.datetime(2020, 10, 1, 22, 57, 53, 339281), 'category': 'Shampoo', 'id': 'tPp836383-271490-271491', 'prod_name': 'Head & Shoulders 2in1 citrus care', 'waitrose_Qty': '450ml', 'waitrose_discounted_price': '£5.15', 'waitrose_offer_desc': None, 'waitrose_url': 'https://www.waitrose.com/ecom/shop/browse/groceries/toiletries_health_and_beauty/hair_care/shampoo', 'waitrose_rating': None, 'waitrose_unit_price': '(£1.15/100ml)', 'waitrose_new_flag': None, 'waitrose_prod_name': 'Head & Shoulders 2in1 citrus care 450ml', 'images': []}
DEBUG: Scraped from <200 https://www.waitrose.com/ecom/shop/browse/groceries/toiletries_health_and_beauty/hair_care/shampoo>
{'client': 'Waitrose', 'time': datetime.datetime(2020, 10, 1, 22, 57, 53, 339281), 'category': 'Shampoo', 'id': 'tPp480888-154495-154496', 'prod_name': 'Head & Shoulders Smooth Shampoo', 'waitrose_Qty': '500ml', 'waitrose_discounted_price': '£5.15', 'waitrose_offer_desc': None, 'waitrose_url': 'https://www.waitrose.com/ecom/shop/browse/groceries/toiletries_health_and_beauty/hair_care/shampoo', 'waitrose_rating': '5', 'waitrose_unit_price': '(£1.03/100ml)', 'waitrose_new_flag': None, 'waitrose_prod_name': 'Head & Shoulders Smooth Shampoo 500ml', 'images': []}
INFO: Closing spider (finished)
INFO: Stored json feed (133 items) in: waitrose_100120.json
INFO: Dumping Scrapy stats:
{'downloader/request_bytes': 2588,
 'downloader/request_count': 1,
 'downloader/request_method_count/POST': 1,
 'downloader/response_bytes': 1510796,
 'downloader/response_count': 1,
 'downloader/response_status_count/200': 1,
 'finish_reason': 'finished',
 'finish_time': datetime.datetime(2020, 10, 1, 17, 29, 17, 591087),
 'item_scraped_count': 133,
 'log_count/DEBUG': 134,
 'log_count/INFO': 11,
 'log_count/WARNING': 1,
 'response_received_count': 1,
 'scheduler/dequeued': 2,
 'scheduler/dequeued/memory': 2,
 'scheduler/enqueued': 2,
 'scheduler/enqueued/memory': 2,
 'splash/execute/request_count': 1,
 'splash/execute/response_count/200': 1,
 'start_time': datetime.datetime(2020, 10, 1, 17, 27, 53, 573570)}
INFO: Spider closed (finished)
INFO: Scrapy 1.6.0 started (bot: waitrose)
INFO: Versions: lxml 4.5.1.0, libxml2 2.9.10, cssselect 1.1.0, parsel 1.6.0, w3lib 1.22.0, Twisted 20.3.0, Python 3.7.7 (default, May  6 2020, 11:45:54) [MSC v.1916 64 bit (AMD64)], pyOpenSSL 19.1.0 (OpenSSL 1.1.1g  21 Apr 2020), cryptography 2.9.2, Platform Windows-10-10.0.18362-SP0
INFO: Overridden settings: {'BOT_NAME': 'waitrose', 'DOWNLOAD_TIMEOUT': 1200, 'DUPEFILTER_CLASS': 'scrapy_splash.SplashAwareDupeFilter', 'FEED_EXPORT_ENCODING': 'utf-8', 'FEED_FORMAT': 'json', 'FEED_URI': 'waitrose_100220.json', 'NEWSPIDER_MODULE': 'waitrose.spiders', 'SPIDER_MODULES': ['waitrose.spiders']}
INFO: Telnet Password: 073e1c9d4033b4bf
INFO: Enabled extensions:
['scrapy.extensions.corestats.CoreStats',
 'scrapy.extensions.telnet.TelnetConsole',
 'scrapy.extensions.feedexport.FeedExporter',
 'scrapy.extensions.logstats.LogStats']
INFO: Enabled downloader middlewares:
['scrapy.downloadermiddlewares.httpauth.HttpAuthMiddleware',
 'scrapy.downloadermiddlewares.downloadtimeout.DownloadTimeoutMiddleware',
 'scrapy.downloadermiddlewares.defaultheaders.DefaultHeadersMiddleware',
 'scrapy.downloadermiddlewares.useragent.UserAgentMiddleware',
 'scrapy.downloadermiddlewares.retry.RetryMiddleware',
 'scrapy.downloadermiddlewares.redirect.MetaRefreshMiddleware',
 'scrapy.downloadermiddlewares.redirect.RedirectMiddleware',
 'scrapy.downloadermiddlewares.cookies.CookiesMiddleware',
 'scrapy_splash.SplashCookiesMiddleware',
 'scrapy_splash.SplashMiddleware',
 'scrapy.downloadermiddlewares.httpproxy.HttpProxyMiddleware',
 'scrapy.downloadermiddlewares.httpcompression.HttpCompressionMiddleware',
 'scrapy.downloadermiddlewares.stats.DownloaderStats']
INFO: Enabled spider middlewares:
['scrapy.spidermiddlewares.httperror.HttpErrorMiddleware',
 'scrapy_splash.SplashDeduplicateArgsMiddleware',
 'scrapy.spidermiddlewares.offsite.OffsiteMiddleware',
 'scrapy.spidermiddlewares.referer.RefererMiddleware',
 'scrapy.spidermiddlewares.urllength.UrlLengthMiddleware',
 'scrapy.spidermiddlewares.depth.DepthMiddleware']
INFO: Enabled item pipelines:
['waitrose.pipelines.ImageDownloaderPipeline',
 'waitrose.pipelines.SQLlitePipeline']
INFO: Spider opened
INFO: Crawled 0 pages (at 0 pages/min), scraped 0 items (at 0 items/min)
WARNING: C:\Users\sujithk\AppData\Local\Continuum\anaconda3\envs\Virtual_Env\lib\site-packages\scrapy\spidermiddlewares\offsite.py:61: URLWarning: allowed_domains accepts only domains, not URLs. Ignoring URL entry https://www.waitrose.com/ in allowed_domains.
  warnings.warn(message, URLWarning)

INFO: Telnet console listening on 127.0.0.1:6023
INFO: Crawled 0 pages (at 0 pages/min), scraped 0 items (at 0 items/min)
INFO: Crawled 0 pages (at 0 pages/min), scraped 0 items (at 0 items/min)
INFO: Crawled 0 pages (at 0 pages/min), scraped 0 items (at 0 items/min)
INFO: Crawled 0 pages (at 0 pages/min), scraped 0 items (at 0 items/min)
INFO: Crawled 0 pages (at 0 pages/min), scraped 0 items (at 0 items/min)
INFO: Crawled 0 pages (at 0 pages/min), scraped 0 items (at 0 items/min)
INFO: Crawled 0 pages (at 0 pages/min), scraped 0 items (at 0 items/min)
INFO: Crawled 0 pages (at 0 pages/min), scraped 0 items (at 0 items/min)
INFO: Crawled 0 pages (at 0 pages/min), scraped 0 items (at 0 items/min)
INFO: Crawled 0 pages (at 0 pages/min), scraped 0 items (at 0 items/min)
INFO: Crawled 0 pages (at 0 pages/min), scraped 0 items (at 0 items/min)
INFO: Crawled 0 pages (at 0 pages/min), scraped 0 items (at 0 items/min)
INFO: Scrapy 1.6.0 started (bot: waitrose)
INFO: Versions: lxml 4.5.1.0, libxml2 2.9.10, cssselect 1.1.0, parsel 1.6.0, w3lib 1.22.0, Twisted 20.3.0, Python 3.7.7 (default, May  6 2020, 11:45:54) [MSC v.1916 64 bit (AMD64)], pyOpenSSL 19.1.0 (OpenSSL 1.1.1g  21 Apr 2020), cryptography 2.9.2, Platform Windows-10-10.0.19041-SP0
INFO: Overridden settings: {'BOT_NAME': 'waitrose', 'DOWNLOAD_TIMEOUT': 1200, 'DUPEFILTER_CLASS': 'scrapy_splash.SplashAwareDupeFilter', 'FEED_EXPORT_ENCODING': 'utf-8', 'FEED_FORMAT': 'json', 'FEED_URI': 'waitrose_070321.json', 'NEWSPIDER_MODULE': 'waitrose.spiders', 'SPIDER_MODULES': ['waitrose.spiders']}
INFO: Telnet Password: b763b3aa156e52d5
INFO: Enabled extensions:
['scrapy.extensions.corestats.CoreStats',
 'scrapy.extensions.telnet.TelnetConsole',
 'scrapy.extensions.feedexport.FeedExporter',
 'scrapy.extensions.logstats.LogStats']
INFO: Enabled downloader middlewares:
['scrapy.downloadermiddlewares.httpauth.HttpAuthMiddleware',
 'scrapy.downloadermiddlewares.downloadtimeout.DownloadTimeoutMiddleware',
 'scrapy.downloadermiddlewares.defaultheaders.DefaultHeadersMiddleware',
 'scrapy.downloadermiddlewares.useragent.UserAgentMiddleware',
 'scrapy.downloadermiddlewares.retry.RetryMiddleware',
 'scrapy.downloadermiddlewares.redirect.MetaRefreshMiddleware',
 'scrapy.downloadermiddlewares.redirect.RedirectMiddleware',
 'scrapy.downloadermiddlewares.cookies.CookiesMiddleware',
 'scrapy_splash.SplashCookiesMiddleware',
 'scrapy_splash.SplashMiddleware',
 'scrapy.downloadermiddlewares.httpproxy.HttpProxyMiddleware',
 'scrapy.downloadermiddlewares.httpcompression.HttpCompressionMiddleware',
 'scrapy.downloadermiddlewares.stats.DownloaderStats']
INFO: Enabled spider middlewares:
['scrapy.spidermiddlewares.httperror.HttpErrorMiddleware',
 'scrapy_splash.SplashDeduplicateArgsMiddleware',
 'scrapy.spidermiddlewares.offsite.OffsiteMiddleware',
 'scrapy.spidermiddlewares.referer.RefererMiddleware',
 'scrapy.spidermiddlewares.urllength.UrlLengthMiddleware',
 'scrapy.spidermiddlewares.depth.DepthMiddleware']
INFO: Enabled item pipelines:
['waitrose.pipelines.ImageDownloaderPipeline',
 'waitrose.pipelines.SQLlitePipeline']
INFO: Spider opened
INFO: Crawled 0 pages (at 0 pages/min), scraped 0 items (at 0 items/min)
WARNING: C:\Users\sujithk\AppData\Local\Continuum\anaconda3\envs\Virtual_Env\lib\site-packages\scrapy\spidermiddlewares\offsite.py:61: URLWarning: allowed_domains accepts only domains, not URLs. Ignoring URL entry https://www.waitrose.com/ in allowed_domains.
  warnings.warn(message, URLWarning)

INFO: Telnet console listening on 127.0.0.1:6024
INFO: Crawled 0 pages (at 0 pages/min), scraped 0 items (at 0 items/min)
DEBUG: Crawled (200) <GET https://www.waitrose.com/ecom/shop/browse/groceries/toiletries_health_and_beauty/hair_care/shampoo via http://192.168.1.9:8050/execute> (referer: None)
DEBUG: Scraped from <200 https://www.waitrose.com/ecom/shop/browse/groceries/toiletries_health_and_beauty/hair_care/shampoo>
{'client': 'Waitrose', 'time': datetime.datetime(2021, 3, 7, 11, 10, 47, 448270), 'category': 'Shampoo', 'id': 'tPp435635-694165-694166', 'prod_name': 'Pantene Classic Clean Shampoo', 'waitrose_Qty': '500ml', 'waitrose_discounted_price': '£2.50', 'waitrose_offer_desc': 'Half Price.', 'waitrose_url': 'https://www.waitrose.com/ecom/shop/browse/groceries/toiletries_health_and_beauty/hair_care/shampoo', 'waitrose_rating': None, 'waitrose_unit_price': '(50p/100ml)', 'waitrose_new_flag': None, 'waitrose_prod_name': 'Pantene Classic Clean Shampoo 500ml', 'images': []}
DEBUG: Scraped from <200 https://www.waitrose.com/ecom/shop/browse/groceries/toiletries_health_and_beauty/hair_care/shampoo>
{'client': 'Waitrose', 'time': datetime.datetime(2021, 3, 7, 11, 10, 47, 448270), 'category': 'Shampoo', 'id': 'tPp711843-717497-717498', 'prod_name': "L'Oreal Elvive Colour Shampoo", 'waitrose_Qty': '400ml', 'waitrose_discounted_price': '£2.50', 'waitrose_offer_desc': 'Save 1/3.', 'waitrose_url': 'https://www.waitrose.com/ecom/shop/browse/groceries/toiletries_health_and_beauty/hair_care/shampoo', 'waitrose_rating': '4', 'waitrose_unit_price': '(62.5p/100ml)', 'waitrose_new_flag': None, 'waitrose_prod_name': "L'Oreal Elvive Colour Shampoo 400ml", 'images': []}
DEBUG: Scraped from <200 https://www.waitrose.com/ecom/shop/browse/groceries/toiletries_health_and_beauty/hair_care/shampoo>
{'client': 'Waitrose', 'time': datetime.datetime(2021, 3, 7, 11, 10, 47, 448270), 'category': 'Shampoo', 'id': 'tPp687186-337057-337058', 'prod_name': 'Argan + Argan Oil Rejuvenating Shampoo', 'waitrose_Qty': '300ml', 'waitrose_discounted_price': '£3.00', 'waitrose_offer_desc': 'Half Price.', 'waitrose_url': 'https://www.waitrose.com/ecom/shop/browse/groceries/toiletries_health_and_beauty/hair_care/shampoo', 'waitrose_rating': '5', 'waitrose_unit_price': '(£1/100ml)', 'waitrose_new_flag': None, 'waitrose_prod_name': 'Argan + Argan Oil Rejuvenating Shampoo 300ml', 'images': []}
DEBUG: Scraped from <200 https://www.waitrose.com/ecom/shop/browse/groceries/toiletries_health_and_beauty/hair_care/shampoo>
{'client': 'Waitrose', 'time': datetime.datetime(2021, 3, 7, 11, 10, 47, 448270), 'category': 'Shampoo', 'id': 'tPp799806-683814-683815', 'prod_name': 'Tresemmé Shampoo Moisture Rich', 'waitrose_Qty': '800ml', 'waitrose_discounted_price': '£2.65', 'waitrose_offer_desc': 'Save 1/3.', 'waitrose_url': 'https://www.waitrose.com/ecom/shop/browse/groceries/toiletries_health_and_beauty/hair_care/shampoo', 'waitrose_rating': None, 'waitrose_unit_price': '(33.1p/100ml)', 'waitrose_new_flag': None, 'waitrose_prod_name': 'Tresemmé Shampoo Moisture Rich 800ml', 'images': []}
DEBUG: Scraped from <200 https://www.waitrose.com/ecom/shop/browse/groceries/toiletries_health_and_beauty/hair_care/shampoo>
{'client': 'Waitrose', 'time': datetime.datetime(2021, 3, 7, 11, 10, 47, 448270), 'category': 'Shampoo', 'id': 'tPp836753-694201-694202', 'prod_name': 'Pantene Volume & Body Shampoo', 'waitrose_Qty': '500ml', 'waitrose_discounted_price': '£2.50', 'waitrose_offer_desc': 'Half Price.', 'waitrose_url': 'https://www.waitrose.com/ecom/shop/browse/groceries/toiletries_health_and_beauty/hair_care/shampoo', 'waitrose_rating': '4', 'waitrose_unit_price': '(50p/100ml)', 'waitrose_new_flag': None, 'waitrose_prod_name': 'Pantene Volume & Body Shampoo 500ml', 'images': []}
DEBUG: Scraped from <200 https://www.waitrose.com/ecom/shop/browse/groceries/toiletries_health_and_beauty/hair_care/shampoo>
{'client': 'Waitrose', 'time': datetime.datetime(2021, 3, 7, 11, 10, 47, 448270), 'category': 'Shampoo', 'id': 'tPp639366-90822-90823', 'prod_name': 'Head & Shoulders Shampoo Classic', 'waitrose_Qty': '500ml', 'waitrose_discounted_price': '£5.15', 'waitrose_offer_desc': 'Add 2 for £7', 'waitrose_url': 'https://www.waitrose.com/ecom/shop/browse/groceries/toiletries_health_and_beauty/hair_care/shampoo', 'waitrose_rating': '3.5', 'waitrose_unit_price': '(£1.03/100ml)', 'waitrose_new_flag': None, 'waitrose_prod_name': 'Head & Shoulders Shampoo Classic 500ml', 'images': []}
DEBUG: Scraped from <200 https://www.waitrose.com/ecom/shop/browse/groceries/toiletries_health_and_beauty/hair_care/shampoo>
{'client': 'Waitrose', 'time': datetime.datetime(2021, 3, 7, 11, 10, 47, 448270), 'category': 'Shampoo', 'id': 'tPp824583-694195-694196', 'prod_name': 'Pantene Repair & Protect Shampoo', 'waitrose_Qty': '500ml', 'waitrose_discounted_price': '£2.50', 'waitrose_offer_desc': 'Half Price.', 'waitrose_url': 'https://www.waitrose.com/ecom/shop/browse/groceries/toiletries_health_and_beauty/hair_care/shampoo', 'waitrose_rating': None, 'waitrose_unit_price': '(50p/100ml)', 'waitrose_new_flag': None, 'waitrose_prod_name': 'Pantene Repair & Protect Shampoo 500ml', 'images': []}
DEBUG: Scraped from <200 https://www.waitrose.com/ecom/shop/browse/groceries/toiletries_health_and_beauty/hair_care/shampoo>
{'client': 'Waitrose', 'time': datetime.datetime(2021, 3, 7, 11, 10, 47, 448270), 'category': 'Shampoo', 'id': 'tPp657721-694179-694180', 'prod_name': 'Pantene 3 in 1 Classic Clean', 'waitrose_Qty': '450ml', 'waitrose_discounted_price': '£2.50', 'waitrose_offer_desc': 'Half Price.', 'waitrose_url': 'https://www.waitrose.com/ecom/shop/browse/groceries/toiletries_health_and_beauty/hair_care/shampoo', 'waitrose_rating': '4', 'waitrose_unit_price': '(55.6p/100ml)', 'waitrose_new_flag': None, 'waitrose_prod_name': 'Pantene 3 in 1 Classic Clean 450ml', 'images': []}
DEBUG: Scraped from <200 https://www.waitrose.com/ecom/shop/browse/groceries/toiletries_health_and_beauty/hair_care/shampoo>
{'client': 'Waitrose', 'time': datetime.datetime(2021, 3, 7, 11, 10, 47, 448270), 'category': 'Shampoo', 'id': 'tPp486943-68769-68770', 'prod_name': 'Head & Shoulders 2in1 classic clean', 'waitrose_Qty': '225ml', 'waitrose_discounted_price': '£3.00', 'waitrose_offer_desc': 'Add 2 for £4', 'waitrose_url': 'https://www.waitrose.com/ecom/shop/browse/groceries/toiletries_health_and_beauty/hair_care/shampoo', 'waitrose_rating': '4', 'waitrose_unit_price': '(£1.34/100ml)', 'waitrose_new_flag': None, 'waitrose_prod_name': 'Head & Shoulders 2in1 classic clean 225ml', 'images': []}
DEBUG: Scraped from <200 https://www.waitrose.com/ecom/shop/browse/groceries/toiletries_health_and_beauty/hair_care/shampoo>
{'client': 'Waitrose', 'time': datetime.datetime(2021, 3, 7, 11, 10, 47, 448270), 'category': 'Shampoo', 'id': 'tPp595050-720203-720204', 'prod_name': 'Herbal Essences Coconut Shampoo', 'waitrose_Qty': '250ml', 'waitrose_discounted_price': '£2.00', 'waitrose_offer_desc': 'Save 1/3.', 'waitrose_url': 'https://www.waitrose.com/ecom/shop/browse/groceries/toiletries_health_and_beauty/hair_care/shampoo', 'waitrose_rating': None, 'waitrose_unit_price': '(80p/100ml)', 'waitrose_new_flag': None, 'waitrose_prod_name': 'Herbal Essences Coconut Shampoo 250ml', 'images': []}
DEBUG: Scraped from <200 https://www.waitrose.com/ecom/shop/browse/groceries/toiletries_health_and_beauty/hair_care/shampoo>
{'client': 'Waitrose', 'time': datetime.datetime(2021, 3, 7, 11, 10, 47, 448270), 'category': 'Shampoo', 'id': 'tPp484035-715885-715886', 'prod_name': "L'Oreal Elvive Oil Nourishing Shampoo", 'waitrose_Qty': '400ml', 'waitrose_discounted_price': '£2.50', 'waitrose_offer_desc': 'Save 1/3.', 'waitrose_url': 'https://www.waitrose.com/ecom/shop/browse/groceries/toiletries_health_and_beauty/hair_care/shampoo', 'waitrose_rating': None, 'waitrose_unit_price': '(62.5p/100ml)', 'waitrose_new_flag': None, 'waitrose_prod_name': "L'Oreal Elvive Oil Nourishing Shampoo 400ml", 'images': []}
DEBUG: Scraped from <200 https://www.waitrose.com/ecom/shop/browse/groceries/toiletries_health_and_beauty/hair_care/shampoo>
{'client': 'Waitrose', 'time': datetime.datetime(2021, 3, 7, 11, 10, 47, 448270), 'category': 'Shampoo', 'id': 'tPp639145-337007-337008', 'prod_name': 'Tresemmé Shampoo Deep Cleansing', 'waitrose_Qty': '800ml', 'waitrose_discounted_price': '£2.65', 'waitrose_offer_desc': 'Save 1/3.', 'waitrose_url': 'https://www.waitrose.com/ecom/shop/browse/groceries/toiletries_health_and_beauty/hair_care/shampoo', 'waitrose_rating': '5', 'waitrose_unit_price': '(33.1p/100ml)', 'waitrose_new_flag': None, 'waitrose_prod_name': 'Tresemmé Shampoo Deep Cleansing 800ml', 'images': []}
DEBUG: Scraped from <200 https://www.waitrose.com/ecom/shop/browse/groceries/toiletries_health_and_beauty/hair_care/shampoo>
{'client': 'Waitrose', 'time': datetime.datetime(2021, 3, 7, 11, 10, 47, 448270), 'category': 'Shampoo', 'id': 'tPp821139-694191-694192', 'prod_name': 'Pantene Smooth & Sleek Shampoo', 'waitrose_Qty': '500ml', 'waitrose_discounted_price': '£2.50', 'waitrose_offer_desc': 'Half Price.', 'waitrose_url': 'https://www.waitrose.com/ecom/shop/browse/groceries/toiletries_health_and_beauty/hair_care/shampoo', 'waitrose_rating': None, 'waitrose_unit_price': '(50p/100ml)', 'waitrose_new_flag': None, 'waitrose_prod_name': 'Pantene Smooth & Sleek Shampoo 500ml', 'images': []}
DEBUG: Scraped from <200 https://www.waitrose.com/ecom/shop/browse/groceries/toiletries_health_and_beauty/hair_care/shampoo>
{'client': 'Waitrose', 'time': datetime.datetime(2021, 3, 7, 11, 10, 47, 448270), 'category': 'Shampoo', 'id': 'tPp047805-23664-23665', 'prod_name': 'Avalon Organics tea tree shampoo', 'waitrose_Qty': '325ml', 'waitrose_discounted_price': '£7.00', 'waitrose_offer_desc': None, 'waitrose_url': 'https://www.waitrose.com/ecom/shop/browse/groceries/toiletries_health_and_beauty/hair_care/shampoo', 'waitrose_rating': '4.9', 'waitrose_unit_price': '(£2.16/100ml)', 'waitrose_new_flag': None, 'waitrose_prod_name': 'Avalon Organics tea tree shampoo 325ml', 'images': []}
DEBUG: Scraped from <200 https://www.waitrose.com/ecom/shop/browse/groceries/toiletries_health_and_beauty/hair_care/shampoo>
{'client': 'Waitrose', 'time': datetime.datetime(2021, 3, 7, 11, 10, 47, 448270), 'category': 'Shampoo', 'id': 'tPp778297-720309-720310', 'prod_name': 'Pantene Grow Strong Shampoo', 'waitrose_Qty': '400ml', 'waitrose_discounted_price': '£2.50', 'waitrose_offer_desc': 'Half Price.', 'waitrose_url': 'https://www.waitrose.com/ecom/shop/browse/groceries/toiletries_health_and_beauty/hair_care/shampoo', 'waitrose_rating': None, 'waitrose_unit_price': '(62.5p/100ml)', 'waitrose_new_flag': None, 'waitrose_prod_name': 'Pantene Grow Strong Shampoo 400ml', 'images': []}
DEBUG: Scraped from <200 https://www.waitrose.com/ecom/shop/browse/groceries/toiletries_health_and_beauty/hair_care/shampoo>
{'client': 'Waitrose', 'time': datetime.datetime(2021, 3, 7, 11, 10, 47, 448270), 'category': 'Shampoo', 'id': 'tPp538896-720173-720174', 'prod_name': 'Herbal Essences Argan Oil Shampoo', 'waitrose_Qty': '250ml', 'waitrose_discounted_price': '£2.00', 'waitrose_offer_desc': 'Save 1/3.', 'waitrose_url': 'https://www.waitrose.com/ecom/shop/browse/groceries/toiletries_health_and_beauty/hair_care/shampoo', 'waitrose_rating': None, 'waitrose_unit_price': '(80p/100ml)', 'waitrose_new_flag': None, 'waitrose_prod_name': 'Herbal Essences Argan Oil Shampoo 250ml', 'images': []}
DEBUG: Scraped from <200 https://www.waitrose.com/ecom/shop/browse/groceries/toiletries_health_and_beauty/hair_care/shampoo>
{'client': 'Waitrose', 'time': datetime.datetime(2021, 3, 7, 11, 10, 47, 448270), 'category': 'Shampoo', 'id': 'tPp701301-99532-99533', 'prod_name': 'Essential Daily Care Shampoo', 'waitrose_Qty': '300ml', 'waitrose_discounted_price': '80p', 'waitrose_offer_desc': None, 'waitrose_url': 'https://www.waitrose.com/ecom/shop/browse/groceries/toiletries_health_and_beauty/hair_care/shampoo', 'waitrose_rating': '4.1', 'waitrose_unit_price': '(26.7p/100ml)', 'waitrose_new_flag': None, 'waitrose_prod_name': 'Essential Daily Care Shampoo 300ml', 'images': []}
DEBUG: Scraped from <200 https://www.waitrose.com/ecom/shop/browse/groceries/toiletries_health_and_beauty/hair_care/shampoo>
{'client': 'Waitrose', 'time': datetime.datetime(2021, 3, 7, 11, 10, 47, 448270), 'category': 'Shampoo', 'id': 'tPp494340-69860-69861', 'prod_name': "Neal's Yard Rose Shampoo", 'waitrose_Qty': '200ml', 'waitrose_discounted_price': '£7.66', 'waitrose_offer_desc': 'Save 1/3.', 'waitrose_url': 'https://www.waitrose.com/ecom/shop/browse/groceries/toiletries_health_and_beauty/hair_care/shampoo', 'waitrose_rating': '3.1', 'waitrose_unit_price': '(£3.83/100ml)', 'waitrose_new_flag': None, 'waitrose_prod_name': "Neal's Yard Rose Shampoo 200ml", 'images': []}
DEBUG: Scraped from <200 https://www.waitrose.com/ecom/shop/browse/groceries/toiletries_health_and_beauty/hair_care/shampoo>
{'client': 'Waitrose', 'time': datetime.datetime(2021, 3, 7, 11, 10, 47, 448270), 'category': 'Shampoo', 'id': 'tPp882824-154983-154984', 'prod_name': 'Head & Shoulders itchy scalp shampoo', 'waitrose_Qty': '500ml', 'waitrose_discounted_price': '£5.15', 'waitrose_offer_desc': 'Add 2 for £7', 'waitrose_url': 'https://www.waitrose.com/ecom/shop/browse/groceries/toiletries_health_and_beauty/hair_care/shampoo', 'waitrose_rating': '5', 'waitrose_unit_price': '(£1.03/100ml)', 'waitrose_new_flag': None, 'waitrose_prod_name': 'Head & Shoulders itchy scalp shampoo 500ml', 'images': []}
DEBUG: Scraped from <200 https://www.waitrose.com/ecom/shop/browse/groceries/toiletries_health_and_beauty/hair_care/shampoo>
{'client': 'Waitrose', 'time': datetime.datetime(2021, 3, 7, 11, 10, 47, 448270), 'category': 'Shampoo', 'id': 'tPp627460-154629-154630', 'prod_name': 'Aussie mega shampoo', 'waitrose_Qty': '500ml', 'waitrose_discounted_price': '£6.15', 'waitrose_offer_desc': 'Add 2 for £10', 'waitrose_url': 'https://www.waitrose.com/ecom/shop/browse/groceries/toiletries_health_and_beauty/hair_care/shampoo', 'waitrose_rating': '3.8', 'waitrose_unit_price': '(£1.23/100ml)', 'waitrose_new_flag': None, 'waitrose_prod_name': 'Aussie mega shampoo 500ml', 'images': []}
DEBUG: Scraped from <200 https://www.waitrose.com/ecom/shop/browse/groceries/toiletries_health_and_beauty/hair_care/shampoo>
{'client': 'Waitrose', 'time': datetime.datetime(2021, 3, 7, 11, 10, 47, 448270), 'category': 'Shampoo', 'id': 'tPp757780-107799-107800', 'prod_name': 'Head & Shoulders 2in1 Classic Clean', 'waitrose_Qty': '450ml', 'waitrose_discounted_price': '£5.15', 'waitrose_offer_desc': 'Add 2 for £7', 'waitrose_url': 'https://www.waitrose.com/ecom/shop/browse/groceries/toiletries_health_and_beauty/hair_care/shampoo', 'waitrose_rating': '4', 'waitrose_unit_price': '(£1.15/100ml)', 'waitrose_new_flag': None, 'waitrose_prod_name': 'Head & Shoulders 2in1 Classic Clean 450ml', 'images': []}
DEBUG: Scraped from <200 https://www.waitrose.com/ecom/shop/browse/groceries/toiletries_health_and_beauty/hair_care/shampoo>
{'client': 'Waitrose', 'time': datetime.datetime(2021, 3, 7, 11, 10, 47, 448270), 'category': 'Shampoo', 'id': 'tPp586765-735804-735805', 'prod_name': "L'Oreal Elvive Restoring Shampoo", 'waitrose_Qty': '400ml', 'waitrose_discounted_price': '£2.50', 'waitrose_offer_desc': 'Save 1/3.', 'waitrose_url': 'https://www.waitrose.com/ecom/shop/browse/groceries/toiletries_health_and_beauty/hair_care/shampoo', 'waitrose_rating': None, 'waitrose_unit_price': '(62.5p/100ml)', 'waitrose_new_flag': None, 'waitrose_prod_name': "L'Oreal Elvive Restoring Shampoo 400ml", 'images': []}
DEBUG: Scraped from <200 https://www.waitrose.com/ecom/shop/browse/groceries/toiletries_health_and_beauty/hair_care/shampoo>
{'client': 'Waitrose', 'time': datetime.datetime(2021, 3, 7, 11, 10, 47, 448270), 'category': 'Shampoo', 'id': 'tPp457164-735732-735733', 'prod_name': 'Head & Shoulders Classic Shampoo', 'waitrose_Qty': '250ml', 'waitrose_discounted_price': '£3.00', 'waitrose_offer_desc': 'Add 2 for £4', 'waitrose_url': 'https://www.waitrose.com/ecom/shop/browse/groceries/toiletries_health_and_beauty/hair_care/shampoo', 'waitrose_rating': None, 'waitrose_unit_price': '(£1.20/100ml)', 'waitrose_new_flag': None, 'waitrose_prod_name': 'Head & Shoulders Classic Shampoo 250ml', 'images': []}
DEBUG: Scraped from <200 https://www.waitrose.com/ecom/shop/browse/groceries/toiletries_health_and_beauty/hair_care/shampoo>
{'client': 'Waitrose', 'time': datetime.datetime(2021, 3, 7, 11, 10, 47, 448270), 'category': 'Shampoo', 'id': 'tPp665007-735838-735839', 'prod_name': 'Head & Shoulders Itchy Scalp Shampoo', 'waitrose_Qty': '250ml', 'waitrose_discounted_price': '£3.00', 'waitrose_offer_desc': 'Add 2 for £4', 'waitrose_url': 'https://www.waitrose.com/ecom/shop/browse/groceries/toiletries_health_and_beauty/hair_care/shampoo', 'waitrose_rating': None, 'waitrose_unit_price': '(£1.20/100ml)', 'waitrose_new_flag': None, 'waitrose_prod_name': 'Head & Shoulders Itchy Scalp Shampoo 250ml', 'images': []}
DEBUG: Scraped from <200 https://www.waitrose.com/ecom/shop/browse/groceries/toiletries_health_and_beauty/hair_care/shampoo>
{'client': 'Waitrose', 'time': datetime.datetime(2021, 3, 7, 11, 10, 47, 448270), 'category': 'Shampoo', 'id': 'tPp665007-735838-735839', 'prod_name': 'Head & Shoulders Itchy Scalp Shampoo', 'waitrose_Qty': '250ml', 'waitrose_discounted_price': '£3.00', 'waitrose_offer_desc': 'Add 2 for £4', 'waitrose_url': 'https://www.waitrose.com/ecom/shop/browse/groceries/toiletries_health_and_beauty/hair_care/shampoo', 'waitrose_rating': None, 'waitrose_unit_price': '(£1.20/100ml)', 'waitrose_new_flag': None, 'waitrose_prod_name': 'Head & Shoulders Itchy Scalp Shampoo 250ml', 'images': []}
DEBUG: Scraped from <200 https://www.waitrose.com/ecom/shop/browse/groceries/toiletries_health_and_beauty/hair_care/shampoo>
{'client': 'Waitrose', 'time': datetime.datetime(2021, 3, 7, 11, 10, 47, 448270), 'category': 'Shampoo', 'id': 'tPp535961-75786-75787', 'prod_name': 'Essential Nourishing Shampoo', 'waitrose_Qty': '300ml', 'waitrose_discounted_price': '80p', 'waitrose_offer_desc': None, 'waitrose_url': 'https://www.waitrose.com/ecom/shop/browse/groceries/toiletries_health_and_beauty/hair_care/shampoo', 'waitrose_rating': '3.9', 'waitrose_unit_price': '(26.7p/100ml)', 'waitrose_new_flag': None, 'waitrose_prod_name': 'Essential Nourishing Shampoo 300ml', 'images': []}
DEBUG: Scraped from <200 https://www.waitrose.com/ecom/shop/browse/groceries/toiletries_health_and_beauty/hair_care/shampoo>
{'client': 'Waitrose', 'time': datetime.datetime(2021, 3, 7, 11, 10, 47, 448270), 'category': 'Shampoo', 'id': 'tPp581617-694173-694174', 'prod_name': 'Pantene Colour Protect Shampoo', 'waitrose_Qty': '500ml', 'waitrose_discounted_price': '£2.50', 'waitrose_offer_desc': 'Half Price.', 'waitrose_url': 'https://www.waitrose.com/ecom/shop/browse/groceries/toiletries_health_and_beauty/hair_care/shampoo', 'waitrose_rating': None, 'waitrose_unit_price': '(50p/100ml)', 'waitrose_new_flag': None, 'waitrose_prod_name': 'Pantene Colour Protect Shampoo 500ml', 'images': []}
DEBUG: Scraped from <200 https://www.waitrose.com/ecom/shop/browse/groceries/toiletries_health_and_beauty/hair_care/shampoo>
{'client': 'Waitrose', 'time': datetime.datetime(2021, 3, 7, 11, 10, 47, 448270), 'category': 'Shampoo', 'id': 'tPp583946-82773-82774', 'prod_name': "Neal's Yard Lavender Shampoo", 'waitrose_Qty': '200ml', 'waitrose_discounted_price': '£7.66', 'waitrose_offer_desc': 'Save 1/3.', 'waitrose_url': 'https://www.waitrose.com/ecom/shop/browse/groceries/toiletries_health_and_beauty/hair_care/shampoo', 'waitrose_rating': '2.6', 'waitrose_unit_price': '(£3.83/100ml)', 'waitrose_new_flag': None, 'waitrose_prod_name': "Neal's Yard Lavender Shampoo 200ml", 'images': []}
DEBUG: Scraped from <200 https://www.waitrose.com/ecom/shop/browse/groceries/toiletries_health_and_beauty/hair_care/shampoo>
{'client': 'Waitrose', 'time': datetime.datetime(2021, 3, 7, 11, 10, 47, 448270), 'category': 'Shampoo', 'id': 'tPp790782-694215-694216', 'prod_name': 'Pantene 3in1 Smooth & Sleek', 'waitrose_Qty': '450ml', 'waitrose_discounted_price': '£2.50', 'waitrose_offer_desc': 'Half Price.', 'waitrose_url': 'https://www.waitrose.com/ecom/shop/browse/groceries/toiletries_health_and_beauty/hair_care/shampoo', 'waitrose_rating': None, 'waitrose_unit_price': '(55.6p/100ml)', 'waitrose_new_flag': None, 'waitrose_prod_name': 'Pantene 3in1 Smooth & Sleek 450ml', 'images': []}
DEBUG: Scraped from <200 https://www.waitrose.com/ecom/shop/browse/groceries/toiletries_health_and_beauty/hair_care/shampoo>
{'client': 'Waitrose', 'time': datetime.datetime(2021, 3, 7, 11, 10, 47, 448270), 'category': 'Shampoo', 'id': 'tPp756229-563906-563907', 'prod_name': 'Head & Shoulders 2 in 1 Total Care', 'waitrose_Qty': '225ml', 'waitrose_discounted_price': '£3.00', 'waitrose_offer_desc': 'Add 2 for £4', 'waitrose_url': 'https://www.waitrose.com/ecom/shop/browse/groceries/toiletries_health_and_beauty/hair_care/shampoo', 'waitrose_rating': None, 'waitrose_unit_price': '(£1.34/100ml)', 'waitrose_new_flag': None, 'waitrose_prod_name': 'Head & Shoulders 2 in 1 Total Care 225ml', 'images': []}
DEBUG: Scraped from <200 https://www.waitrose.com/ecom/shop/browse/groceries/toiletries_health_and_beauty/hair_care/shampoo>
{'client': 'Waitrose', 'time': datetime.datetime(2021, 3, 7, 11, 10, 47, 448270), 'category': 'Shampoo', 'id': 'tPp735751-154731-154732', 'prod_name': 'Aussie aussome volume shampoo', 'waitrose_Qty': '500ml', 'waitrose_discounted_price': '£6.10', 'waitrose_offer_desc': 'Add 2 for £10', 'waitrose_url': 'https://www.waitrose.com/ecom/shop/browse/groceries/toiletries_health_and_beauty/hair_care/shampoo', 'waitrose_rating': None, 'waitrose_unit_price': '(£1.22/100ml)', 'waitrose_new_flag': None, 'waitrose_prod_name': 'Aussie aussome volume shampoo 500ml', 'images': []}
DEBUG: Scraped from <200 https://www.waitrose.com/ecom/shop/browse/groceries/toiletries_health_and_beauty/hair_care/shampoo>
{'client': 'Waitrose', 'time': datetime.datetime(2021, 3, 7, 11, 10, 47, 448270), 'category': 'Shampoo', 'id': 'tPp626001-88825-88826', 'prod_name': 'Head & Shoulders Shampoo Citrus Fresh', 'waitrose_Qty': '500ml', 'waitrose_discounted_price': '£5.15', 'waitrose_offer_desc': 'Add 2 for £7', 'waitrose_url': 'https://www.waitrose.com/ecom/shop/browse/groceries/toiletries_health_and_beauty/hair_care/shampoo', 'waitrose_rating': None, 'waitrose_unit_price': '(£1.03/100ml)', 'waitrose_new_flag': None, 'waitrose_prod_name': 'Head & Shoulders Shampoo Citrus Fresh 500ml', 'images': []}
DEBUG: Scraped from <200 https://www.waitrose.com/ecom/shop/browse/groceries/toiletries_health_and_beauty/hair_care/shampoo>
{'client': 'Waitrose', 'time': datetime.datetime(2021, 3, 7, 11, 10, 47, 448270), 'category': 'Shampoo', 'id': 'tPp711086-652694-652695', 'prod_name': 'Head & Shoulders Supreme Moisture', 'waitrose_Qty': '400ml', 'waitrose_discounted_price': '£5.15', 'waitrose_offer_desc': 'Add 2 for £7', 'waitrose_url': 'https://www.waitrose.com/ecom/shop/browse/groceries/toiletries_health_and_beauty/hair_care/shampoo', 'waitrose_rating': None, 'waitrose_unit_price': '(£1.29/100ml)', 'waitrose_new_flag': None, 'waitrose_prod_name': 'Head & Shoulders Supreme Moisture 400ml', 'images': []}
DEBUG: Scraped from <200 https://www.waitrose.com/ecom/shop/browse/groceries/toiletries_health_and_beauty/hair_care/shampoo>
{'client': 'Waitrose', 'time': datetime.datetime(2021, 3, 7, 11, 10, 47, 448270), 'category': 'Shampoo', 'id': 'tPp563832-295347-295348', 'prod_name': 'Argan + Argan Oil 5Oil Miracle Shampoo', 'waitrose_Qty': '300ml', 'waitrose_discounted_price': '£3.00', 'waitrose_offer_desc': 'Half Price.', 'waitrose_url': 'https://www.waitrose.com/ecom/shop/browse/groceries/toiletries_health_and_beauty/hair_care/shampoo', 'waitrose_rating': '5', 'waitrose_unit_price': '(£1/100ml)', 'waitrose_new_flag': None, 'waitrose_prod_name': 'Argan + Argan Oil 5Oil Miracle Shampoo 300ml', 'images': []}
DEBUG: Scraped from <200 https://www.waitrose.com/ecom/shop/browse/groceries/toiletries_health_and_beauty/hair_care/shampoo>
{'client': 'Waitrose', 'time': datetime.datetime(2021, 3, 7, 11, 10, 47, 448270), 'category': 'Shampoo', 'id': 'tPp839781-154875-154876', 'prod_name': 'Aussie miracle moist shampoo', 'waitrose_Qty': '500ml', 'waitrose_discounted_price': '£6.15', 'waitrose_offer_desc': 'Add 2 for £10', 'waitrose_url': 'https://www.waitrose.com/ecom/shop/browse/groceries/toiletries_health_and_beauty/hair_care/shampoo', 'waitrose_rating': None, 'waitrose_unit_price': '(£1.23/100ml)', 'waitrose_new_flag': None, 'waitrose_prod_name': 'Aussie miracle moist shampoo 500ml', 'images': []}
DEBUG: Scraped from <200 https://www.waitrose.com/ecom/shop/browse/groceries/toiletries_health_and_beauty/hair_care/shampoo>
{'client': 'Waitrose', 'time': datetime.datetime(2021, 3, 7, 11, 10, 47, 448270), 'category': 'Shampoo', 'id': 'tPp027940-13599-13600', 'prod_name': 'Avalon Organics lemon shampoo', 'waitrose_Qty': '325ml', 'waitrose_discounted_price': '£7.00', 'waitrose_offer_desc': None, 'waitrose_url': 'https://www.waitrose.com/ecom/shop/browse/groceries/toiletries_health_and_beauty/hair_care/shampoo', 'waitrose_rating': '3.6', 'waitrose_unit_price': '(£2.16/100ml)', 'waitrose_new_flag': None, 'waitrose_prod_name': 'Avalon Organics lemon shampoo 325ml', 'images': []}
DEBUG: Scraped from <200 https://www.waitrose.com/ecom/shop/browse/groceries/toiletries_health_and_beauty/hair_care/shampoo>
{'client': 'Waitrose', 'time': datetime.datetime(2021, 3, 7, 11, 10, 47, 448270), 'category': 'Shampoo', 'id': 'tPp407272-440973-440974', 'prod_name': 'Richard Ward Chelsea Cleanse & Condition', 'waitrose_Qty': '250ml', 'waitrose_discounted_price': '£6.00', 'waitrose_offer_desc': 'Mix & Match Add 2 for 1 Cheaper Item Free', 'waitrose_url': 'https://www.waitrose.com/ecom/shop/browse/groceries/toiletries_health_and_beauty/hair_care/shampoo', 'waitrose_rating': '4', 'waitrose_unit_price': '(£2.40/100ml)', 'waitrose_new_flag': None, 'waitrose_prod_name': 'Richard Ward Chelsea Cleanse & Condition 250ml', 'images': []}
DEBUG: Scraped from <200 https://www.waitrose.com/ecom/shop/browse/groceries/toiletries_health_and_beauty/hair_care/shampoo>
{'client': 'Waitrose', 'time': datetime.datetime(2021, 3, 7, 11, 10, 47, 448270), 'category': 'Shampoo', 'id': 'tPp867514-720387-720388', 'prod_name': 'Head & Shoulders Coconut Shampoo', 'waitrose_Qty': '500ml', 'waitrose_discounted_price': '£5.00', 'waitrose_offer_desc': 'Add 2 for £7', 'waitrose_url': 'https://www.waitrose.com/ecom/shop/browse/groceries/toiletries_health_and_beauty/hair_care/shampoo', 'waitrose_rating': None, 'waitrose_unit_price': '(£1/100ml)', 'waitrose_new_flag': None, 'waitrose_prod_name': 'Head & Shoulders Coconut Shampoo 500ml', 'images': []}
DEBUG: Scraped from <200 https://www.waitrose.com/ecom/shop/browse/groceries/toiletries_health_and_beauty/hair_care/shampoo>
{'client': 'Waitrose', 'time': datetime.datetime(2021, 3, 7, 11, 10, 47, 448270), 'category': 'Shampoo', 'id': 'tPp567481-719558-719559', 'prod_name': 'Fit Kit Gentle Shampoo &Conditioner', 'waitrose_Qty': '200ml', 'waitrose_discounted_price': '£1.99', 'waitrose_offer_desc': 'Half Price.', 'waitrose_url': 'https://www.waitrose.com/ecom/shop/browse/groceries/toiletries_health_and_beauty/hair_care/shampoo', 'waitrose_rating': '5', 'waitrose_unit_price': '(99.5p/100ml)', 'waitrose_new_flag': None, 'waitrose_prod_name': 'Fit Kit Gentle Shampoo &Conditioner 200ml', 'images': []}
DEBUG: Scraped from <200 https://www.waitrose.com/ecom/shop/browse/groceries/toiletries_health_and_beauty/hair_care/shampoo>
{'client': 'Waitrose', 'time': datetime.datetime(2021, 3, 7, 11, 10, 47, 448270), 'category': 'Shampoo', 'id': 'tPp639751-743844-743845', 'prod_name': 'Pantene Pro-V Thickening Shampoo', 'waitrose_Qty': '400ml', 'waitrose_discounted_price': '£2.50', 'waitrose_offer_desc': 'Half Price.', 'waitrose_url': 'https://www.waitrose.com/ecom/shop/browse/groceries/toiletries_health_and_beauty/hair_care/shampoo', 'waitrose_rating': None, 'waitrose_unit_price': '(62.5p/100ml)', 'waitrose_new_flag': None, 'waitrose_prod_name': 'Pantene Pro-V Thickening Shampoo 400ml', 'images': []}
DEBUG: Scraped from <200 https://www.waitrose.com/ecom/shop/browse/groceries/toiletries_health_and_beauty/hair_care/shampoo>
{'client': 'Waitrose', 'time': datetime.datetime(2021, 3, 7, 11, 10, 47, 448270), 'category': 'Shampoo', 'id': 'tPp432893-216691-216692', 'prod_name': 'Head & Shoulders Shampoo Apple Fresh', 'waitrose_Qty': '500ml', 'waitrose_discounted_price': '£5.15', 'waitrose_offer_desc': 'Add 2 for £7', 'waitrose_url': 'https://www.waitrose.com/ecom/shop/browse/groceries/toiletries_health_and_beauty/hair_care/shampoo', 'waitrose_rating': None, 'waitrose_unit_price': '(£1.03/100ml)', 'waitrose_new_flag': None, 'waitrose_prod_name': 'Head & Shoulders Shampoo Apple Fresh 500ml', 'images': []}
DEBUG: Scraped from <200 https://www.waitrose.com/ecom/shop/browse/groceries/toiletries_health_and_beauty/hair_care/shampoo>
{'client': 'Waitrose', 'time': datetime.datetime(2021, 3, 7, 11, 10, 47, 448270), 'category': 'Shampoo', 'id': 'tPp092708-47659-47660', 'prod_name': 'Vosene Original Shampoo', 'waitrose_Qty': '250ml', 'waitrose_discounted_price': '£2.05', 'waitrose_offer_desc': None, 'waitrose_url': 'https://www.waitrose.com/ecom/shop/browse/groceries/toiletries_health_and_beauty/hair_care/shampoo', 'waitrose_rating': '5', 'waitrose_unit_price': '(82p/100ml)', 'waitrose_new_flag': None, 'waitrose_prod_name': 'Vosene Original Shampoo 250ml', 'images': []}
DEBUG: Scraped from <200 https://www.waitrose.com/ecom/shop/browse/groceries/toiletries_health_and_beauty/hair_care/shampoo>
{'client': 'Waitrose', 'time': datetime.datetime(2021, 3, 7, 11, 10, 47, 448270), 'category': 'Shampoo', 'id': 'tPp810201-352482-352483', 'prod_name': 'Essential Daily Care 2 in 1', 'waitrose_Qty': '300ml', 'waitrose_discounted_price': '80p', 'waitrose_offer_desc': None, 'waitrose_url': 'https://www.waitrose.com/ecom/shop/browse/groceries/toiletries_health_and_beauty/hair_care/shampoo', 'waitrose_rating': '4.4', 'waitrose_unit_price': '(26.7p/100ml)', 'waitrose_new_flag': None, 'waitrose_prod_name': 'Essential Daily Care 2 in 1 300ml', 'images': []}
DEBUG: Scraped from <200 https://www.waitrose.com/ecom/shop/browse/groceries/toiletries_health_and_beauty/hair_care/shampoo>
{'client': 'Waitrose', 'time': datetime.datetime(2021, 3, 7, 11, 10, 47, 448270), 'category': 'Shampoo', 'id': 'tPp844892-695845-695846', 'prod_name': 'Head & Shoulders Colour Protect', 'waitrose_Qty': '400ml', 'waitrose_discounted_price': '£5.00', 'waitrose_offer_desc': 'Add 2 for £7', 'waitrose_url': 'https://www.waitrose.com/ecom/shop/browse/groceries/toiletries_health_and_beauty/hair_care/shampoo', 'waitrose_rating': None, 'waitrose_unit_price': '(£1.25/100ml)', 'waitrose_new_flag': None, 'waitrose_prod_name': 'Head & Shoulders Colour Protect 400ml', 'images': []}
DEBUG: Scraped from <200 https://www.waitrose.com/ecom/shop/browse/groceries/toiletries_health_and_beauty/hair_care/shampoo>
{'client': 'Waitrose', 'time': datetime.datetime(2021, 3, 7, 11, 10, 47, 448270), 'category': 'Shampoo', 'id': 'tPp854909-271508-271509', 'prod_name': 'Richard Ward Sleek Shampoo', 'waitrose_Qty': '250ml', 'waitrose_discounted_price': '£6.00', 'waitrose_offer_desc': 'Mix & Match Add 2 for 1 Cheaper Item Free', 'waitrose_url': 'https://www.waitrose.com/ecom/shop/browse/groceries/toiletries_health_and_beauty/hair_care/shampoo', 'waitrose_rating': '4', 'waitrose_unit_price': '(£2.40/100ml)', 'waitrose_new_flag': None, 'waitrose_prod_name': 'Richard Ward Sleek Shampoo 250ml', 'images': []}
DEBUG: Scraped from <200 https://www.waitrose.com/ecom/shop/browse/groceries/toiletries_health_and_beauty/hair_care/shampoo>
{'client': 'Waitrose', 'time': datetime.datetime(2021, 3, 7, 11, 10, 47, 448270), 'category': 'Shampoo', 'id': 'tPp820157-724089-724090', 'prod_name': 'Eco Warrior Shampoo Bar', 'waitrose_Qty': '100g', 'waitrose_discounted_price': '£4.50', 'waitrose_offer_desc': None, 'waitrose_url': 'https://www.waitrose.com/ecom/shop/browse/groceries/toiletries_health_and_beauty/hair_care/shampoo', 'waitrose_rating': '5', 'waitrose_unit_price': '(£4.50/100g)', 'waitrose_new_flag': None, 'waitrose_prod_name': 'Eco Warrior Shampoo Bar 100g', 'images': []}
DEBUG: Scraped from <200 https://www.waitrose.com/ecom/shop/browse/groceries/toiletries_health_and_beauty/hair_care/shampoo>
{'client': 'Waitrose', 'time': datetime.datetime(2021, 3, 7, 11, 10, 47, 448270), 'category': 'Shampoo', 'id': 'tPp896889-746345-746346', 'prod_name': 'AUSSIE SOS Kiss of Life Shampoo', 'waitrose_Qty': '290ml', 'waitrose_discounted_price': '£6.00', 'waitrose_offer_desc': 'Add 2 for £8', 'waitrose_url': 'https://www.waitrose.com/ecom/shop/browse/groceries/toiletries_health_and_beauty/hair_care/shampoo', 'waitrose_rating': None, 'waitrose_unit_price': '(£2.07/100ml)', 'waitrose_new_flag': 'NEW', 'waitrose_prod_name': 'AUSSIE SOS Kiss of Life Shampoo 290ml', 'images': []}
DEBUG: Scraped from <200 https://www.waitrose.com/ecom/shop/browse/groceries/toiletries_health_and_beauty/hair_care/shampoo>
{'client': 'Waitrose', 'time': datetime.datetime(2021, 3, 7, 11, 10, 47, 448270), 'category': 'Shampoo', 'id': 'tPp879497-746292-746293', 'prod_name': 'Tresemmé Colour Shampoo', 'waitrose_Qty': '800ml', 'waitrose_discounted_price': '£2.65', 'waitrose_offer_desc': 'Save 1/3.', 'waitrose_url': 'https://www.waitrose.com/ecom/shop/browse/groceries/toiletries_health_and_beauty/hair_care/shampoo', 'waitrose_rating': None, 'waitrose_unit_price': '(33.1p/100ml)', 'waitrose_new_flag': 'NEW', 'waitrose_prod_name': 'Tresemmé Colour Shampoo 800ml', 'images': []}
DEBUG: Scraped from <200 https://www.waitrose.com/ecom/shop/browse/groceries/toiletries_health_and_beauty/hair_care/shampoo>
{'client': 'Waitrose', 'time': datetime.datetime(2021, 3, 7, 11, 10, 47, 448270), 'category': 'Shampoo', 'id': 'tPp076232-38732-38733', 'prod_name': 'Avalon Organics lavender shampoo', 'waitrose_Qty': '325ml', 'waitrose_discounted_price': '£7.00', 'waitrose_offer_desc': None, 'waitrose_url': 'https://www.waitrose.com/ecom/shop/browse/groceries/toiletries_health_and_beauty/hair_care/shampoo', 'waitrose_rating': '3.8', 'waitrose_unit_price': '(£2.16/100ml)', 'waitrose_new_flag': None, 'waitrose_prod_name': 'Avalon Organics lavender shampoo 325ml', 'images': []}
DEBUG: Scraped from <200 https://www.waitrose.com/ecom/shop/browse/groceries/toiletries_health_and_beauty/hair_care/shampoo>
{'client': 'Waitrose', 'time': datetime.datetime(2021, 3, 7, 11, 10, 47, 448270), 'category': 'Shampoo', 'id': 'tPp662395-154665-154666', 'prod_name': 'Aussie colour mate shampoo', 'waitrose_Qty': '500ml', 'waitrose_discounted_price': '£6.15', 'waitrose_offer_desc': 'Add 2 for £10', 'waitrose_url': 'https://www.waitrose.com/ecom/shop/browse/groceries/toiletries_health_and_beauty/hair_care/shampoo', 'waitrose_rating': None, 'waitrose_unit_price': '(£1.23/100ml)', 'waitrose_new_flag': None, 'waitrose_prod_name': 'Aussie colour mate shampoo 500ml', 'images': []}
DEBUG: Scraped from <200 https://www.waitrose.com/ecom/shop/browse/groceries/toiletries_health_and_beauty/hair_care/shampoo>
{'client': 'Waitrose', 'time': datetime.datetime(2021, 3, 7, 11, 10, 47, 448270), 'category': 'Shampoo', 'id': 'tPp740653-352034-352035', 'prod_name': 'Essential Anti-Dandruff 2 in 1', 'waitrose_Qty': '300ml', 'waitrose_discounted_price': '£1.00', 'waitrose_offer_desc': None, 'waitrose_url': 'https://www.waitrose.com/ecom/shop/browse/groceries/toiletries_health_and_beauty/hair_care/shampoo', 'waitrose_rating': '4.1', 'waitrose_unit_price': '(33.3p/100ml)', 'waitrose_new_flag': None, 'waitrose_prod_name': 'Essential Anti-Dandruff 2 in 1 300ml', 'images': []}
DEBUG: Scraped from <200 https://www.waitrose.com/ecom/shop/browse/groceries/toiletries_health_and_beauty/hair_care/shampoo>
{'client': 'Waitrose', 'time': datetime.datetime(2021, 3, 7, 11, 10, 47, 448270), 'category': 'Shampoo', 'id': 'tPp775870-724036-724037', 'prod_name': 'Faith in Nature Wild Rose Shampoo', 'waitrose_Qty': '400ml', 'waitrose_discounted_price': '£5.50', 'waitrose_offer_desc': None, 'waitrose_url': 'https://www.waitrose.com/ecom/shop/browse/groceries/toiletries_health_and_beauty/hair_care/shampoo', 'waitrose_rating': '4.3', 'waitrose_unit_price': '(£1.38/100ml)', 'waitrose_new_flag': None, 'waitrose_prod_name': 'Faith in Nature Wild Rose Shampoo 400ml', 'images': []}
DEBUG: Scraped from <200 https://www.waitrose.com/ecom/shop/browse/groceries/toiletries_health_and_beauty/hair_care/shampoo>
{'client': 'Waitrose', 'time': datetime.datetime(2021, 3, 7, 11, 10, 47, 448270), 'category': 'Shampoo', 'id': 'tPp096232-49248-49249', 'prod_name': 'Aussie Mega Shampoo', 'waitrose_Qty': '300ml', 'waitrose_discounted_price': '£4.10', 'waitrose_offer_desc': None, 'waitrose_url': 'https://www.waitrose.com/ecom/shop/browse/groceries/toiletries_health_and_beauty/hair_care/shampoo', 'waitrose_rating': '2.5', 'waitrose_unit_price': '(£1.37/100ml)', 'waitrose_new_flag': None, 'waitrose_prod_name': 'Aussie Mega Shampoo 300ml', 'images': []}
DEBUG: Scraped from <200 https://www.waitrose.com/ecom/shop/browse/groceries/toiletries_health_and_beauty/hair_care/shampoo>
{'client': 'Waitrose', 'time': datetime.datetime(2021, 3, 7, 11, 10, 47, 448270), 'category': 'Shampoo', 'id': 'tPp059421-29947-29948', 'prod_name': 'Aussie Aussome Volume Shampoo', 'waitrose_Qty': '300ml', 'waitrose_discounted_price': '£4.00', 'waitrose_offer_desc': None, 'waitrose_url': 'https://www.waitrose.com/ecom/shop/browse/groceries/toiletries_health_and_beauty/hair_care/shampoo', 'waitrose_rating': '5', 'waitrose_unit_price': '(£1.34/100ml)', 'waitrose_new_flag': None, 'waitrose_prod_name': 'Aussie Aussome Volume Shampoo 300ml', 'images': []}
DEBUG: Scraped from <200 https://www.waitrose.com/ecom/shop/browse/groceries/toiletries_health_and_beauty/hair_care/shampoo>
{'client': 'Waitrose', 'time': datetime.datetime(2021, 3, 7, 11, 10, 47, 448270), 'category': 'Shampoo', 'id': 'tPp889100-330444-330445', 'prod_name': 'Avalon Organics rosemary shampoo', 'waitrose_Qty': '325ml', 'waitrose_discounted_price': '£7.00', 'waitrose_offer_desc': None, 'waitrose_url': 'https://www.waitrose.com/ecom/shop/browse/groceries/toiletries_health_and_beauty/hair_care/shampoo', 'waitrose_rating': '2.5', 'waitrose_unit_price': '(£2.16/100ml)', 'waitrose_new_flag': None, 'waitrose_prod_name': 'Avalon Organics rosemary shampoo 325ml', 'images': []}
DEBUG: Scraped from <200 https://www.waitrose.com/ecom/shop/browse/groceries/toiletries_health_and_beauty/hair_care/shampoo>
{'client': 'Waitrose', 'time': datetime.datetime(2021, 3, 7, 11, 10, 47, 448270), 'category': 'Shampoo', 'id': 'tPp096508-49364-49365', 'prod_name': 'Aussie Miracle Moist Shampoo', 'waitrose_Qty': '300ml', 'waitrose_discounted_price': '£4.10', 'waitrose_offer_desc': None, 'waitrose_url': 'https://www.waitrose.com/ecom/shop/browse/groceries/toiletries_health_and_beauty/hair_care/shampoo', 'waitrose_rating': '3.7', 'waitrose_unit_price': '(£1.37/100ml)', 'waitrose_new_flag': None, 'waitrose_prod_name': 'Aussie Miracle Moist Shampoo 300ml', 'images': []}
DEBUG: Scraped from <200 https://www.waitrose.com/ecom/shop/browse/groceries/toiletries_health_and_beauty/hair_care/shampoo>
{'client': 'Waitrose', 'time': datetime.datetime(2021, 3, 7, 11, 10, 47, 448270), 'category': 'Shampoo', 'id': 'tPp644682-746325-746326', 'prod_name': 'Head & Shoulders Deep Cleanse Shampoo', 'waitrose_Qty': '400ml', 'waitrose_discounted_price': '£6.00', 'waitrose_offer_desc': 'Add 2 for £7', 'waitrose_url': 'https://www.waitrose.com/ecom/shop/browse/groceries/toiletries_health_and_beauty/hair_care/shampoo', 'waitrose_rating': None, 'waitrose_unit_price': '(£1.50/100ml)', 'waitrose_new_flag': 'NEW', 'waitrose_prod_name': 'Head & Shoulders Deep Cleanse Shampoo 400ml', 'images': []}
DEBUG: Scraped from <200 https://www.waitrose.com/ecom/shop/browse/groceries/toiletries_health_and_beauty/hair_care/shampoo>
{'client': 'Waitrose', 'time': datetime.datetime(2021, 3, 7, 11, 10, 47, 448270), 'category': 'Shampoo', 'id': 'tPp847454-724141-724142', 'prod_name': 'Faith in Nature Grapefruit Shampoo', 'waitrose_Qty': '400ml', 'waitrose_discounted_price': '£5.50', 'waitrose_offer_desc': None, 'waitrose_url': 'https://www.waitrose.com/ecom/shop/browse/groceries/toiletries_health_and_beauty/hair_care/shampoo', 'waitrose_rating': '5', 'waitrose_unit_price': '(£1.38/100ml)', 'waitrose_new_flag': None, 'waitrose_prod_name': 'Faith in Nature Grapefruit Shampoo 400ml', 'images': []}
DEBUG: Scraped from <200 https://www.waitrose.com/ecom/shop/browse/groceries/toiletries_health_and_beauty/hair_care/shampoo>
{'client': 'Waitrose', 'time': datetime.datetime(2021, 3, 7, 11, 10, 47, 448270), 'category': 'Shampoo', 'id': 'tPp480888-154495-154496', 'prod_name': 'Head & Shoulders Smooth Shampoo', 'waitrose_Qty': '500ml', 'waitrose_discounted_price': '£5.15', 'waitrose_offer_desc': 'Add 2 for £7', 'waitrose_url': 'https://www.waitrose.com/ecom/shop/browse/groceries/toiletries_health_and_beauty/hair_care/shampoo', 'waitrose_rating': '5', 'waitrose_unit_price': '(£1.03/100ml)', 'waitrose_new_flag': None, 'waitrose_prod_name': 'Head & Shoulders Smooth Shampoo 500ml', 'images': []}
DEBUG: Scraped from <200 https://www.waitrose.com/ecom/shop/browse/groceries/toiletries_health_and_beauty/hair_care/shampoo>
{'client': 'Waitrose', 'time': datetime.datetime(2021, 3, 7, 11, 10, 47, 448270), 'category': 'Shampoo', 'id': 'tPp490113-591883-591884', 'prod_name': 'Herbal Essences Volume Shampoo', 'waitrose_Qty': '400ml', 'waitrose_discounted_price': '£4.50', 'waitrose_offer_desc': None, 'waitrose_url': 'https://www.waitrose.com/ecom/shop/browse/groceries/toiletries_health_and_beauty/hair_care/shampoo', 'waitrose_rating': '5', 'waitrose_unit_price': '(£1.13/100ml)', 'waitrose_new_flag': None, 'waitrose_prod_name': 'Herbal Essences Volume Shampoo 400ml', 'images': []}
DEBUG: Scraped from <200 https://www.waitrose.com/ecom/shop/browse/groceries/toiletries_health_and_beauty/hair_care/shampoo>
{'client': 'Waitrose', 'time': datetime.datetime(2021, 3, 7, 11, 10, 47, 448270), 'category': 'Shampoo', 'id': 'tPp455905-591789-591790', 'prod_name': 'Herbal Essences clean Shampoo', 'waitrose_Qty': '400ml', 'waitrose_discounted_price': '£4.50', 'waitrose_offer_desc': None, 'waitrose_url': 'https://www.waitrose.com/ecom/shop/browse/groceries/toiletries_health_and_beauty/hair_care/shampoo', 'waitrose_rating': None, 'waitrose_unit_price': '(£1.13/100ml)', 'waitrose_new_flag': None, 'waitrose_prod_name': 'Herbal Essences clean Shampoo 400ml', 'images': []}
DEBUG: Scraped from <200 https://www.waitrose.com/ecom/shop/browse/groceries/toiletries_health_and_beauty/hair_care/shampoo>
{'client': 'Waitrose', 'time': datetime.datetime(2021, 3, 7, 11, 10, 47, 448270), 'category': 'Shampoo', 'id': 'tPp702159-494964-494965', 'prod_name': 'DGJ Argan Oil Shampoo', 'waitrose_Qty': '250ml', 'waitrose_discounted_price': '£5.00', 'waitrose_offer_desc': None, 'waitrose_url': 'https://www.waitrose.com/ecom/shop/browse/groceries/toiletries_health_and_beauty/hair_care/shampoo', 'waitrose_rating': None, 'waitrose_unit_price': '(£2/100ml)', 'waitrose_new_flag': None, 'waitrose_prod_name': 'DGJ Argan Oil Shampoo 250ml', 'images': []}
DEBUG: Scraped from <200 https://www.waitrose.com/ecom/shop/browse/groceries/toiletries_health_and_beauty/hair_care/shampoo>
{'client': 'Waitrose', 'time': datetime.datetime(2021, 3, 7, 11, 10, 47, 448270), 'category': 'Shampoo', 'id': 'tPp528312-746309-746310', 'prod_name': 'Head & Shoulders Oil Control Shampoo', 'waitrose_Qty': '400ml', 'waitrose_discounted_price': '£6.00', 'waitrose_offer_desc': 'Add 2 for £7', 'waitrose_url': 'https://www.waitrose.com/ecom/shop/browse/groceries/toiletries_health_and_beauty/hair_care/shampoo', 'waitrose_rating': None, 'waitrose_unit_price': '(£1.50/100ml)', 'waitrose_new_flag': 'NEW', 'waitrose_prod_name': 'Head & Shoulders Oil Control Shampoo 400ml', 'images': []}
DEBUG: Scraped from <200 https://www.waitrose.com/ecom/shop/browse/groceries/toiletries_health_and_beauty/hair_care/shampoo>
{'client': 'Waitrose', 'time': datetime.datetime(2021, 3, 7, 11, 10, 47, 448270), 'category': 'Shampoo', 'id': 'tPp819563-729788-729789', 'prod_name': 'Aussie Blonde Purple Shampoo', 'waitrose_Qty': '290ml', 'waitrose_discounted_price': '£6.00', 'waitrose_offer_desc': None, 'waitrose_url': 'https://www.waitrose.com/ecom/shop/browse/groceries/toiletries_health_and_beauty/hair_care/shampoo', 'waitrose_rating': None, 'waitrose_unit_price': '(£2.07/100ml)', 'waitrose_new_flag': None, 'waitrose_prod_name': 'Aussie Blonde Purple Shampoo 290ml', 'images': []}
DEBUG: Scraped from <200 https://www.waitrose.com/ecom/shop/browse/groceries/toiletries_health_and_beauty/hair_care/shampoo>
{'client': 'Waitrose', 'time': datetime.datetime(2021, 3, 7, 11, 10, 47, 448270), 'category': 'Shampoo', 'id': 'tPp755349-720291-720292', 'prod_name': 'Herbal Essences Aloe & Mango Shampoo', 'waitrose_Qty': '380ml', 'waitrose_discounted_price': '£4.50', 'waitrose_offer_desc': None, 'waitrose_url': 'https://www.waitrose.com/ecom/shop/browse/groceries/toiletries_health_and_beauty/hair_care/shampoo', 'waitrose_rating': None, 'waitrose_unit_price': '(£1.19/100ml)', 'waitrose_new_flag': None, 'waitrose_prod_name': 'Herbal Essences Aloe & Mango Shampoo 380ml', 'images': []}
DEBUG: Scraped from <200 https://www.waitrose.com/ecom/shop/browse/groceries/toiletries_health_and_beauty/hair_care/shampoo>
{'client': 'Waitrose', 'time': datetime.datetime(2021, 3, 7, 11, 10, 47, 448270), 'category': 'Shampoo', 'id': 'tPp610920-86669-86670', 'prod_name': 'Sheer Blonde Go Blonder Shampoo', 'waitrose_Qty': '250ml', 'waitrose_discounted_price': '£6.00', 'waitrose_offer_desc': None, 'waitrose_url': 'https://www.waitrose.com/ecom/shop/browse/groceries/toiletries_health_and_beauty/hair_care/shampoo', 'waitrose_rating': '3.5', 'waitrose_unit_price': '(£2.40/100ml)', 'waitrose_new_flag': None, 'waitrose_prod_name': 'Sheer Blonde Go Blonder Shampoo 250ml', 'images': []}
DEBUG: Scraped from <200 https://www.waitrose.com/ecom/shop/browse/groceries/toiletries_health_and_beauty/hair_care/shampoo>
{'client': 'Waitrose', 'time': datetime.datetime(2021, 3, 7, 11, 10, 47, 448270), 'category': 'Shampoo', 'id': 'tPp062495-31737-31738', 'prod_name': 'Neutrogena T/Gel shampoo dry hair', 'waitrose_Qty': '125ml', 'waitrose_discounted_price': '£5.15', 'waitrose_offer_desc': None, 'waitrose_url': 'https://www.waitrose.com/ecom/shop/browse/groceries/toiletries_health_and_beauty/hair_care/shampoo', 'waitrose_rating': None, 'waitrose_unit_price': '(£4.12/100ml)', 'waitrose_new_flag': None, 'waitrose_prod_name': 'Neutrogena T/Gel shampoo dry hair 125ml', 'images': []}
DEBUG: Scraped from <200 https://www.waitrose.com/ecom/shop/browse/groceries/toiletries_health_and_beauty/hair_care/shampoo>
{'client': 'Waitrose', 'time': datetime.datetime(2021, 3, 7, 11, 10, 47, 448270), 'category': 'Shampoo', 'id': 'tPp824733-746269-746270', 'prod_name': 'Bull Dog Ant-Dandruff Shampoo', 'waitrose_Qty': '300ml', 'waitrose_discounted_price': '£5.50', 'waitrose_offer_desc': 'Mix & Match Add 3 for 2 Cheapest Item Free', 'waitrose_url': 'https://www.waitrose.com/ecom/shop/browse/groceries/toiletries_health_and_beauty/hair_care/shampoo', 'waitrose_rating': None, 'waitrose_unit_price': '(£1.84/100ml)', 'waitrose_new_flag': 'NEW', 'waitrose_prod_name': 'Bull Dog Ant-Dandruff Shampoo 300ml', 'images': []}
DEBUG: Scraped from <200 https://www.waitrose.com/ecom/shop/browse/groceries/toiletries_health_and_beauty/hair_care/shampoo>
{'client': 'Waitrose', 'time': datetime.datetime(2021, 3, 7, 11, 10, 47, 448270), 'category': 'Shampoo', 'id': 'tPp011495-5706-5707', 'prod_name': 'John Frieda Lift Shampoo', 'waitrose_Qty': '250ml', 'waitrose_discounted_price': '£6.00', 'waitrose_offer_desc': None, 'waitrose_url': 'https://www.waitrose.com/ecom/shop/browse/groceries/toiletries_health_and_beauty/hair_care/shampoo', 'waitrose_rating': '4.8', 'waitrose_unit_price': '(£2.40/100ml)', 'waitrose_new_flag': None, 'waitrose_prod_name': 'John Frieda Lift Shampoo 250ml', 'images': []}
DEBUG: Scraped from <200 https://www.waitrose.com/ecom/shop/browse/groceries/toiletries_health_and_beauty/hair_care/shampoo>
{'client': 'Waitrose', 'time': datetime.datetime(2021, 3, 7, 11, 10, 47, 448270), 'category': 'Shampoo', 'id': 'tPp083596-42439-42440', 'prod_name': 'Aussie Colour Mate Shampoo', 'waitrose_Qty': '300ml', 'waitrose_discounted_price': '£4.10', 'waitrose_offer_desc': None, 'waitrose_url': 'https://www.waitrose.com/ecom/shop/browse/groceries/toiletries_health_and_beauty/hair_care/shampoo', 'waitrose_rating': '5', 'waitrose_unit_price': '(£1.37/100ml)', 'waitrose_new_flag': None, 'waitrose_prod_name': 'Aussie Colour Mate Shampoo 300ml', 'images': []}
DEBUG: Scraped from <200 https://www.waitrose.com/ecom/shop/browse/groceries/toiletries_health_and_beauty/hair_care/shampoo>
{'client': 'Waitrose', 'time': datetime.datetime(2021, 3, 7, 11, 10, 47, 448270), 'category': 'Shampoo', 'id': 'tPp472240-591833-591834', 'prod_name': 'Herbal Essences Repair Shampoo', 'waitrose_Qty': '400ml', 'waitrose_discounted_price': '£4.50', 'waitrose_offer_desc': None, 'waitrose_url': 'https://www.waitrose.com/ecom/shop/browse/groceries/toiletries_health_and_beauty/hair_care/shampoo', 'waitrose_rating': '5', 'waitrose_unit_price': '(£1.13/100ml)', 'waitrose_new_flag': None, 'waitrose_prod_name': 'Herbal Essences Repair Shampoo 400ml', 'images': []}
DEBUG: Scraped from <200 https://www.waitrose.com/ecom/shop/browse/groceries/toiletries_health_and_beauty/hair_care/shampoo>
{'client': 'Waitrose', 'time': datetime.datetime(2021, 3, 7, 11, 10, 47, 448270), 'category': 'Shampoo', 'id': 'tPp725068-723986-723987', 'prod_name': 'Faith in Nature Lavender Shampoo', 'waitrose_Qty': '400ml', 'waitrose_discounted_price': '£5.50', 'waitrose_offer_desc': None, 'waitrose_url': 'https://www.waitrose.com/ecom/shop/browse/groceries/toiletries_health_and_beauty/hair_care/shampoo', 'waitrose_rating': None, 'waitrose_unit_price': '(£1.38/100ml)', 'waitrose_new_flag': None, 'waitrose_prod_name': 'Faith in Nature Lavender Shampoo 400ml', 'images': []}
DEBUG: Scraped from <200 https://www.waitrose.com/ecom/shop/browse/groceries/toiletries_health_and_beauty/hair_care/shampoo>
{'client': 'Waitrose', 'time': datetime.datetime(2021, 3, 7, 11, 10, 47, 448270), 'category': 'Shampoo', 'id': 'tPp590231-747464-747465', 'prod_name': 'Aussie Refill Moist Shampoo', 'waitrose_Qty': '480ml', 'waitrose_discounted_price': '£5.75', 'waitrose_offer_desc': 'New Line', 'waitrose_url': 'https://www.waitrose.com/ecom/shop/browse/groceries/toiletries_health_and_beauty/hair_care/shampoo', 'waitrose_rating': None, 'waitrose_unit_price': '(£1.20/100ml)', 'waitrose_new_flag': 'NEW', 'waitrose_prod_name': 'Aussie Refill Moist Shampoo 480ml', 'images': []}
DEBUG: Scraped from <200 https://www.waitrose.com/ecom/shop/browse/groceries/toiletries_health_and_beauty/hair_care/shampoo>
{'client': 'Waitrose', 'time': datetime.datetime(2021, 3, 7, 11, 10, 47, 448270), 'category': 'Shampoo', 'id': 'tPp703131-695681-695682', 'prod_name': 'Head & Shoulders Repair Shampoo', 'waitrose_Qty': '400ml', 'waitrose_discounted_price': '£5.00', 'waitrose_offer_desc': 'Add 2 for £7', 'waitrose_url': 'https://www.waitrose.com/ecom/shop/browse/groceries/toiletries_health_and_beauty/hair_care/shampoo', 'waitrose_rating': '4', 'waitrose_unit_price': '(£1.25/100ml)', 'waitrose_new_flag': None, 'waitrose_prod_name': 'Head & Shoulders Repair Shampoo 400ml', 'images': []}
DEBUG: Scraped from <200 https://www.waitrose.com/ecom/shop/browse/groceries/toiletries_health_and_beauty/hair_care/shampoo>
{'client': 'Waitrose', 'time': datetime.datetime(2021, 3, 7, 11, 10, 47, 448270), 'category': 'Shampoo', 'id': 'tPp868154-695990-695991', 'prod_name': 'Hair Biology Purple Shampoo', 'waitrose_Qty': '250ml', 'waitrose_discounted_price': '£4.50', 'waitrose_offer_desc': None, 'waitrose_url': 'https://www.waitrose.com/ecom/shop/browse/groceries/toiletries_health_and_beauty/hair_care/shampoo', 'waitrose_rating': None, 'waitrose_unit_price': '(£1.80/100ml)', 'waitrose_new_flag': None, 'waitrose_prod_name': 'Hair Biology Purple Shampoo 250ml', 'images': []}
DEBUG: Scraped from <200 https://www.waitrose.com/ecom/shop/browse/groceries/toiletries_health_and_beauty/hair_care/shampoo>
{'client': 'Waitrose', 'time': datetime.datetime(2021, 3, 7, 11, 10, 47, 448270), 'category': 'Shampoo', 'id': 'tPp791725-375655-375656', 'prod_name': 'Ogx Kukuí Oil Shampoo', 'waitrose_Qty': '385ml', 'waitrose_discounted_price': '£7.00', 'waitrose_offer_desc': None, 'waitrose_url': 'https://www.waitrose.com/ecom/shop/browse/groceries/toiletries_health_and_beauty/hair_care/shampoo', 'waitrose_rating': '5', 'waitrose_unit_price': '(£1.82/100ml)', 'waitrose_new_flag': None, 'waitrose_prod_name': 'Ogx Kukuí Oil Shampoo 385ml', 'images': []}
DEBUG: Scraped from <200 https://www.waitrose.com/ecom/shop/browse/groceries/toiletries_health_and_beauty/hair_care/shampoo>
{'client': 'Waitrose', 'time': datetime.datetime(2021, 3, 7, 11, 10, 47, 448270), 'category': 'Shampoo', 'id': 'tPp886458-216893-216894', 'prod_name': 'Ogx Brazilian Keratin Shampoo', 'waitrose_Qty': '385ml', 'waitrose_discounted_price': '£7.00', 'waitrose_offer_desc': None, 'waitrose_url': 'https://www.waitrose.com/ecom/shop/browse/groceries/toiletries_health_and_beauty/hair_care/shampoo', 'waitrose_rating': '5', 'waitrose_unit_price': '(£1.82/100ml)', 'waitrose_new_flag': None, 'waitrose_prod_name': 'Ogx Brazilian Keratin Shampoo 385ml', 'images': []}
DEBUG: Scraped from <200 https://www.waitrose.com/ecom/shop/browse/groceries/toiletries_health_and_beauty/hair_care/shampoo>
{'client': 'Waitrose', 'time': datetime.datetime(2021, 3, 7, 11, 10, 47, 448270), 'category': 'Shampoo', 'id': 'tPp810302-683828-683829', 'prod_name': 'Herbal Essences Deep Repair Shampoo', 'waitrose_Qty': '400ml', 'waitrose_discounted_price': '£4.50', 'waitrose_offer_desc': None, 'waitrose_url': 'https://www.waitrose.com/ecom/shop/browse/groceries/toiletries_health_and_beauty/hair_care/shampoo', 'waitrose_rating': None, 'waitrose_unit_price': '(£1.13/100ml)', 'waitrose_new_flag': None, 'waitrose_prod_name': 'Herbal Essences Deep Repair Shampoo 400ml', 'images': []}
DEBUG: Scraped from <200 https://www.waitrose.com/ecom/shop/browse/groceries/toiletries_health_and_beauty/hair_care/shampoo>
{'client': 'Waitrose', 'time': datetime.datetime(2021, 3, 7, 11, 10, 47, 448270), 'category': 'Shampoo', 'id': 'tPp364793-255761-255762', 'prod_name': 'Aussie Miracle Shine Shampoo', 'waitrose_Qty': '300ml', 'waitrose_discounted_price': '£4.00', 'waitrose_offer_desc': None, 'waitrose_url': 'https://www.waitrose.com/ecom/shop/browse/groceries/toiletries_health_and_beauty/hair_care/shampoo', 'waitrose_rating': None, 'waitrose_unit_price': '(£1.34/100ml)', 'waitrose_new_flag': None, 'waitrose_prod_name': 'Aussie Miracle Shine Shampoo 300ml', 'images': []}
DEBUG: Scraped from <200 https://www.waitrose.com/ecom/shop/browse/groceries/toiletries_health_and_beauty/hair_care/shampoo>
{'client': 'Waitrose', 'time': datetime.datetime(2021, 3, 7, 11, 10, 47, 448270), 'category': 'Shampoo', 'id': 'tPp425124-59787-59788', 'prod_name': 'Brilliant Brunette Protecting Shampoo', 'waitrose_Qty': '250ml', 'waitrose_discounted_price': '£6.00', 'waitrose_offer_desc': None, 'waitrose_url': 'https://www.waitrose.com/ecom/shop/browse/groceries/toiletries_health_and_beauty/hair_care/shampoo', 'waitrose_rating': None, 'waitrose_unit_price': '(£2.40/100ml)', 'waitrose_new_flag': None, 'waitrose_prod_name': 'Brilliant Brunette Protecting Shampoo 250ml', 'images': []}
DEBUG: Scraped from <200 https://www.waitrose.com/ecom/shop/browse/groceries/toiletries_health_and_beauty/hair_care/shampoo>
{'client': 'Waitrose', 'time': datetime.datetime(2021, 3, 7, 11, 10, 47, 448270), 'category': 'Shampoo', 'id': 'tPp871494-495182-495183', 'prod_name': 'DGJ Hairjuice Shampoo', 'waitrose_Qty': '250ml', 'waitrose_discounted_price': '£5.00', 'waitrose_offer_desc': None, 'waitrose_url': 'https://www.waitrose.com/ecom/shop/browse/groceries/toiletries_health_and_beauty/hair_care/shampoo', 'waitrose_rating': '5', 'waitrose_unit_price': '(£2/100ml)', 'waitrose_new_flag': None, 'waitrose_prod_name': 'DGJ Hairjuice Shampoo 250ml', 'images': []}
DEBUG: Scraped from <200 https://www.waitrose.com/ecom/shop/browse/groceries/toiletries_health_and_beauty/hair_care/shampoo>
{'client': 'Waitrose', 'time': datetime.datetime(2021, 3, 7, 11, 10, 47, 448270), 'category': 'Shampoo', 'id': 'tPp032765-16025-16026', 'prod_name': "L'Oréal kids shampoo berry strawberry", 'waitrose_Qty': '250ml', 'waitrose_discounted_price': '£2.45', 'waitrose_offer_desc': None, 'waitrose_url': 'https://www.waitrose.com/ecom/shop/browse/groceries/toiletries_health_and_beauty/hair_care/shampoo', 'waitrose_rating': None, 'waitrose_unit_price': '(98p/100ml)', 'waitrose_new_flag': None, 'waitrose_prod_name': "L'Oréal kids shampoo berry strawberry 250ml", 'images': []}
DEBUG: Scraped from <200 https://www.waitrose.com/ecom/shop/browse/groceries/toiletries_health_and_beauty/hair_care/shampoo>
{'client': 'Waitrose', 'time': datetime.datetime(2021, 3, 7, 11, 10, 47, 448270), 'category': 'Shampoo', 'id': 'tPp691351-747510-747511', 'prod_name': 'Herbal Essences Reuse Argan Shampoo', 'waitrose_Qty': '430ml', 'waitrose_discounted_price': '£9.99', 'waitrose_offer_desc': 'New Line', 'waitrose_url': 'https://www.waitrose.com/ecom/shop/browse/groceries/toiletries_health_and_beauty/hair_care/shampoo', 'waitrose_rating': None, 'waitrose_unit_price': '(£2.33/100ml)', 'waitrose_new_flag': 'NEW', 'waitrose_prod_name': 'Herbal Essences Reuse Argan Shampoo 430ml', 'images': []}
DEBUG: Scraped from <200 https://www.waitrose.com/ecom/shop/browse/groceries/toiletries_health_and_beauty/hair_care/shampoo>
{'client': 'Waitrose', 'time': datetime.datetime(2021, 3, 7, 11, 10, 47, 448270), 'category': 'Shampoo', 'id': 'tPp803275-329016-329017', 'prod_name': 'Avalon Organics peppermint shampoo', 'waitrose_Qty': '325ml', 'waitrose_discounted_price': '£7.00', 'waitrose_offer_desc': None, 'waitrose_url': 'https://www.waitrose.com/ecom/shop/browse/groceries/toiletries_health_and_beauty/hair_care/shampoo', 'waitrose_rating': '4', 'waitrose_unit_price': '(£2.16/100ml)', 'waitrose_new_flag': None, 'waitrose_prod_name': 'Avalon Organics peppermint shampoo 325ml', 'images': []}
DEBUG: Scraped from <200 https://www.waitrose.com/ecom/shop/browse/groceries/toiletries_health_and_beauty/hair_care/shampoo>
{'client': 'Waitrose', 'time': datetime.datetime(2021, 3, 7, 11, 10, 47, 448270), 'category': 'Shampoo', 'id': 'tPp725372-631511-631512', 'prod_name': 'Hask Moni Coconut Oil Shampoo', 'waitrose_Qty': '355ml', 'waitrose_discounted_price': '£7.00', 'waitrose_offer_desc': None, 'waitrose_url': 'https://www.waitrose.com/ecom/shop/browse/groceries/toiletries_health_and_beauty/hair_care/shampoo', 'waitrose_rating': None, 'waitrose_unit_price': '(£1.98/100ml)', 'waitrose_new_flag': None, 'waitrose_prod_name': 'Hask Moni Coconut Oil Shampoo 355ml', 'images': []}
DEBUG: Scraped from <200 https://www.waitrose.com/ecom/shop/browse/groceries/toiletries_health_and_beauty/hair_care/shampoo>
{'client': 'Waitrose', 'time': datetime.datetime(2021, 3, 7, 11, 10, 47, 448270), 'category': 'Shampoo', 'id': 'tPp427668-591713-591714', 'prod_name': 'Herbal Essences Hydrate Shampoo', 'waitrose_Qty': '400ml', 'waitrose_discounted_price': '£4.50', 'waitrose_offer_desc': None, 'waitrose_url': 'https://www.waitrose.com/ecom/shop/browse/groceries/toiletries_health_and_beauty/hair_care/shampoo', 'waitrose_rating': '5', 'waitrose_unit_price': '(£1.13/100ml)', 'waitrose_new_flag': None, 'waitrose_prod_name': 'Herbal Essences Hydrate Shampoo 400ml', 'images': []}
DEBUG: Scraped from <200 https://www.waitrose.com/ecom/shop/browse/groceries/toiletries_health_and_beauty/hair_care/shampoo>
{'client': 'Waitrose', 'time': datetime.datetime(2021, 3, 7, 11, 10, 47, 448270), 'category': 'Shampoo', 'id': 'tPp884562-720413-720414', 'prod_name': 'Maui Moisture Shea Butter Shampoo', 'waitrose_Qty': '385ml', 'waitrose_discounted_price': '£9.00', 'waitrose_offer_desc': None, 'waitrose_url': 'https://www.waitrose.com/ecom/shop/browse/groceries/toiletries_health_and_beauty/hair_care/shampoo', 'waitrose_rating': None, 'waitrose_unit_price': '(£2.34/100ml)', 'waitrose_new_flag': None, 'waitrose_prod_name': 'Maui Moisture Shea Butter Shampoo 385ml', 'images': []}
DEBUG: Scraped from <200 https://www.waitrose.com/ecom/shop/browse/groceries/toiletries_health_and_beauty/hair_care/shampoo>
{'client': 'Waitrose', 'time': datetime.datetime(2021, 3, 7, 11, 10, 47, 448270), 'category': 'Shampoo', 'id': 'tPp663502-695641-695642', 'prod_name': 'Noughty To The Rescue Shampoo', 'waitrose_Qty': '250ml', 'waitrose_discounted_price': '£7.00', 'waitrose_offer_desc': None, 'waitrose_url': 'https://www.waitrose.com/ecom/shop/browse/groceries/toiletries_health_and_beauty/hair_care/shampoo', 'waitrose_rating': '5', 'waitrose_unit_price': '(£2.80/100ml)', 'waitrose_new_flag': None, 'waitrose_prod_name': 'Noughty To The Rescue Shampoo 250ml', 'images': []}
DEBUG: Scraped from <200 https://www.waitrose.com/ecom/shop/browse/groceries/toiletries_health_and_beauty/hair_care/shampoo>
{'client': 'Waitrose', 'time': datetime.datetime(2021, 3, 7, 11, 10, 47, 448270), 'category': 'Shampoo', 'id': 'tPp425163-526469-526470', 'prod_name': 'Frizz Ease Shampoo Miraculous Recovery', 'waitrose_Qty': '250ml', 'waitrose_discounted_price': '£6.00', 'waitrose_offer_desc': None, 'waitrose_url': 'https://www.waitrose.com/ecom/shop/browse/groceries/toiletries_health_and_beauty/hair_care/shampoo', 'waitrose_rating': None, 'waitrose_unit_price': '(£2.40/100ml)', 'waitrose_new_flag': None, 'waitrose_prod_name': 'Frizz Ease Shampoo Miraculous Recovery 250ml', 'images': []}
DEBUG: Scraped from <200 https://www.waitrose.com/ecom/shop/browse/groceries/toiletries_health_and_beauty/hair_care/shampoo>
{'client': 'Waitrose', 'time': datetime.datetime(2021, 3, 7, 11, 10, 47, 448270), 'category': 'Shampoo', 'id': 'tPp833802-337290-337291', 'prod_name': 'Aussie Miracle Moist Spray', 'waitrose_Qty': '250ml', 'waitrose_discounted_price': '£5.15', 'waitrose_offer_desc': None, 'waitrose_url': 'https://www.waitrose.com/ecom/shop/browse/groceries/toiletries_health_and_beauty/hair_care/shampoo', 'waitrose_rating': '5', 'waitrose_unit_price': '(£2.06/100ml)', 'waitrose_new_flag': None, 'waitrose_prod_name': 'Aussie Miracle Moist Spray 250ml', 'images': []}
DEBUG: Scraped from <200 https://www.waitrose.com/ecom/shop/browse/groceries/toiletries_health_and_beauty/hair_care/shampoo>
{'client': 'Waitrose', 'time': datetime.datetime(2021, 3, 7, 11, 10, 47, 448270), 'category': 'Shampoo', 'id': 'tPp860528-747630-747631', 'prod_name': 'Aussie Reuse Miracle Shampoo', 'waitrose_Qty': '430ml', 'waitrose_discounted_price': '£9.99', 'waitrose_offer_desc': 'New Line', 'waitrose_url': 'https://www.waitrose.com/ecom/shop/browse/groceries/toiletries_health_and_beauty/hair_care/shampoo', 'waitrose_rating': None, 'waitrose_unit_price': '(£2.33/100ml)', 'waitrose_new_flag': 'NEW', 'waitrose_prod_name': 'Aussie Reuse Miracle Shampoo 430ml', 'images': []}
DEBUG: Scraped from <200 https://www.waitrose.com/ecom/shop/browse/groceries/toiletries_health_and_beauty/hair_care/shampoo>
{'client': 'Waitrose', 'time': datetime.datetime(2021, 3, 7, 11, 10, 47, 448270), 'category': 'Shampoo', 'id': 'tPp844514-747610-747611', 'prod_name': 'Herbal Essences Argan Refill Shampoo', 'waitrose_Qty': '480ml', 'waitrose_discounted_price': '£5.40', 'waitrose_offer_desc': 'New Line', 'waitrose_url': 'https://www.waitrose.com/ecom/shop/browse/groceries/toiletries_health_and_beauty/hair_care/shampoo', 'waitrose_rating': None, 'waitrose_unit_price': '(£1.13/100ml)', 'waitrose_new_flag': 'NEW', 'waitrose_prod_name': 'Herbal Essences Argan Refill Shampoo 480ml', 'images': []}
DEBUG: Scraped from <200 https://www.waitrose.com/ecom/shop/browse/groceries/toiletries_health_and_beauty/hair_care/shampoo>
{'client': 'Waitrose', 'time': datetime.datetime(2021, 3, 7, 11, 10, 47, 448270), 'category': 'Shampoo', 'id': 'tPp807825-473364-473365', 'prod_name': 'SenSpa Deep Cleanse Shampoo', 'waitrose_Qty': '250ml', 'waitrose_discounted_price': '£6.00', 'waitrose_offer_desc': None, 'waitrose_url': 'https://www.waitrose.com/ecom/shop/browse/groceries/toiletries_health_and_beauty/hair_care/shampoo', 'waitrose_rating': '3', 'waitrose_unit_price': '(£2.40/100ml)', 'waitrose_new_flag': None, 'waitrose_prod_name': 'SenSpa Deep Cleanse Shampoo 250ml', 'images': []}
DEBUG: Scraped from <200 https://www.waitrose.com/ecom/shop/browse/groceries/toiletries_health_and_beauty/hair_care/shampoo>
{'client': 'Waitrose', 'time': datetime.datetime(2021, 3, 7, 11, 10, 47, 448270), 'category': 'Shampoo', 'id': 'tPp426973-298983-298984', 'prod_name': 'Head & Shoulders 2in1 Apple Fresh', 'waitrose_Qty': '450ml', 'waitrose_discounted_price': '£5.00', 'waitrose_offer_desc': 'Add 2 for £7', 'waitrose_url': 'https://www.waitrose.com/ecom/shop/browse/groceries/toiletries_health_and_beauty/hair_care/shampoo', 'waitrose_rating': None, 'waitrose_unit_price': '(£1.12/100ml)', 'waitrose_new_flag': None, 'waitrose_prod_name': 'Head & Shoulders 2in1 Apple Fresh 450ml', 'images': []}
DEBUG: Scraped from <200 https://www.waitrose.com/ecom/shop/browse/groceries/toiletries_health_and_beauty/hair_care/shampoo>
{'client': 'Waitrose', 'time': datetime.datetime(2021, 3, 7, 11, 10, 47, 448270), 'category': 'Shampoo', 'id': 'tPp836383-271490-271491', 'prod_name': 'Head & Shoulders 2in1 citrus care', 'waitrose_Qty': '450ml', 'waitrose_discounted_price': '£5.15', 'waitrose_offer_desc': 'Add 2 for £7', 'waitrose_url': 'https://www.waitrose.com/ecom/shop/browse/groceries/toiletries_health_and_beauty/hair_care/shampoo', 'waitrose_rating': None, 'waitrose_unit_price': '(£1.15/100ml)', 'waitrose_new_flag': None, 'waitrose_prod_name': 'Head & Shoulders 2in1 citrus care 450ml', 'images': []}
DEBUG: Scraped from <200 https://www.waitrose.com/ecom/shop/browse/groceries/toiletries_health_and_beauty/hair_care/shampoo>
{'client': 'Waitrose', 'time': datetime.datetime(2021, 3, 7, 11, 10, 47, 448270), 'category': 'Shampoo', 'id': 'tPp530991-695493-695494', 'prod_name': 'John Frieda Shampoo Detox & Repair', 'waitrose_Qty': '250ml', 'waitrose_discounted_price': '£6.00', 'waitrose_offer_desc': None, 'waitrose_url': 'https://www.waitrose.com/ecom/shop/browse/groceries/toiletries_health_and_beauty/hair_care/shampoo', 'waitrose_rating': '2', 'waitrose_unit_price': '(£2.40/100ml)', 'waitrose_new_flag': None, 'waitrose_prod_name': 'John Frieda Shampoo Detox & Repair 250ml', 'images': []}
DEBUG: Scraped from <200 https://www.waitrose.com/ecom/shop/browse/groceries/toiletries_health_and_beauty/hair_care/shampoo>
{'client': 'Waitrose', 'time': datetime.datetime(2021, 3, 7, 11, 10, 47, 448270), 'category': 'Shampoo', 'id': 'tPp502050-631293-631294', 'prod_name': 'Hask Argan Oil Repairing Shampoo', 'waitrose_Qty': '355ml', 'waitrose_discounted_price': '£7.00', 'waitrose_offer_desc': None, 'waitrose_url': 'https://www.waitrose.com/ecom/shop/browse/groceries/toiletries_health_and_beauty/hair_care/shampoo', 'waitrose_rating': '4', 'waitrose_unit_price': '(£1.98/100ml)', 'waitrose_new_flag': None, 'waitrose_prod_name': 'Hask Argan Oil Repairing Shampoo 355ml', 'images': []}
DEBUG: Scraped from <200 https://www.waitrose.com/ecom/shop/browse/groceries/toiletries_health_and_beauty/hair_care/shampoo>
{'client': 'Waitrose', 'time': datetime.datetime(2021, 3, 7, 11, 10, 47, 448270), 'category': 'Shampoo', 'id': 'tPp755186-495024-495025', 'prod_name': 'DGJ Colour Save Shampoo', 'waitrose_Qty': '250ml', 'waitrose_discounted_price': '£5.00', 'waitrose_offer_desc': None, 'waitrose_url': 'https://www.waitrose.com/ecom/shop/browse/groceries/toiletries_health_and_beauty/hair_care/shampoo', 'waitrose_rating': None, 'waitrose_unit_price': '(£2/100ml)', 'waitrose_new_flag': None, 'waitrose_prod_name': 'DGJ Colour Save Shampoo 250ml', 'images': []}
DEBUG: Scraped from <200 https://www.waitrose.com/ecom/shop/browse/groceries/toiletries_health_and_beauty/hair_care/shampoo>
{'client': 'Waitrose', 'time': datetime.datetime(2021, 3, 7, 11, 10, 47, 448270), 'category': 'Shampoo', 'id': 'tPp065299-33095-33096', 'prod_name': 'Frizz Ease Dream Curls Shampoo', 'waitrose_Qty': '250ml', 'waitrose_discounted_price': '£6.00', 'waitrose_offer_desc': None, 'waitrose_url': 'https://www.waitrose.com/ecom/shop/browse/groceries/toiletries_health_and_beauty/hair_care/shampoo', 'waitrose_rating': '5', 'waitrose_unit_price': '(£2.40/100ml)', 'waitrose_new_flag': None, 'waitrose_prod_name': 'Frizz Ease Dream Curls Shampoo 250ml', 'images': []}
DEBUG: Scraped from <200 https://www.waitrose.com/ecom/shop/browse/groceries/toiletries_health_and_beauty/hair_care/shampoo>
{'client': 'Waitrose', 'time': datetime.datetime(2021, 3, 7, 11, 10, 47, 448270), 'category': 'Shampoo', 'id': 'tPp767977-747552-747553', 'prod_name': 'Pantene Shampoo Reuse Bottle Repair', 'waitrose_Qty': '430ml', 'waitrose_discounted_price': '£9.99', 'waitrose_offer_desc': 'New Line', 'waitrose_url': 'https://www.waitrose.com/ecom/shop/browse/groceries/toiletries_health_and_beauty/hair_care/shampoo', 'waitrose_rating': None, 'waitrose_unit_price': '(£2.33/100ml)', 'waitrose_new_flag': 'NEW', 'waitrose_prod_name': 'Pantene Shampoo Reuse Bottle Repair 430ml', 'images': []}
DEBUG: Scraped from <200 https://www.waitrose.com/ecom/shop/browse/groceries/toiletries_health_and_beauty/hair_care/shampoo>
{'client': 'Waitrose', 'time': datetime.datetime(2021, 3, 7, 11, 10, 47, 448270), 'category': 'Shampoo', 'id': 'tPp650144-747494-747495', 'prod_name': 'Pantene Repair Shampoo Refill', 'waitrose_Qty': '480ml', 'waitrose_discounted_price': '£4.80', 'waitrose_offer_desc': 'New Line', 'waitrose_url': 'https://www.waitrose.com/ecom/shop/browse/groceries/toiletries_health_and_beauty/hair_care/shampoo', 'waitrose_rating': None, 'waitrose_unit_price': '(£1/100ml)', 'waitrose_new_flag': 'NEW', 'waitrose_prod_name': 'Pantene Repair Shampoo Refill 480ml', 'images': []}
DEBUG: Scraped from <200 https://www.waitrose.com/ecom/shop/browse/groceries/toiletries_health_and_beauty/hair_care/shampoo>
{'client': 'Waitrose', 'time': datetime.datetime(2021, 3, 7, 11, 10, 47, 448270), 'category': 'Shampoo', 'id': 'tPp699132-746331-746332', 'prod_name': 'Head & Shoulders Daily Shampoo', 'waitrose_Qty': '400ml', 'waitrose_discounted_price': '£6.00', 'waitrose_offer_desc': 'Add 2 for £7', 'waitrose_url': 'https://www.waitrose.com/ecom/shop/browse/groceries/toiletries_health_and_beauty/hair_care/shampoo', 'waitrose_rating': None, 'waitrose_unit_price': '(£1.50/100ml)', 'waitrose_new_flag': 'NEW', 'waitrose_prod_name': 'Head & Shoulders Daily Shampoo 400ml', 'images': []}
DEBUG: Scraped from <200 https://www.waitrose.com/ecom/shop/browse/groceries/toiletries_health_and_beauty/hair_care/shampoo>
{'client': 'Waitrose', 'time': datetime.datetime(2021, 3, 7, 11, 10, 47, 448270), 'category': 'Shampoo', 'id': 'tPp816738-442231-442232', 'prod_name': 'SensSpa Nourishing Shampoo', 'waitrose_Qty': '250ml', 'waitrose_discounted_price': '£6.00', 'waitrose_offer_desc': None, 'waitrose_url': 'https://www.waitrose.com/ecom/shop/browse/groceries/toiletries_health_and_beauty/hair_care/shampoo', 'waitrose_rating': '2.6', 'waitrose_unit_price': '(£2.40/100ml)', 'waitrose_new_flag': None, 'waitrose_prod_name': 'SensSpa Nourishing Shampoo 250ml', 'images': []}
DEBUG: Scraped from <200 https://www.waitrose.com/ecom/shop/browse/groceries/toiletries_health_and_beauty/hair_care/shampoo>
{'client': 'Waitrose', 'time': datetime.datetime(2021, 3, 7, 11, 10, 47, 448270), 'category': 'Shampoo', 'id': 'tPp492090-729670-729671', 'prod_name': 'Percy & Reed Volumising Shampoo', 'waitrose_Qty': '250ml', 'waitrose_discounted_price': '£18.00', 'waitrose_offer_desc': None, 'waitrose_url': 'https://www.waitrose.com/ecom/shop/browse/groceries/toiletries_health_and_beauty/hair_care/shampoo', 'waitrose_rating': None, 'waitrose_unit_price': '(£7.20/100ml)', 'waitrose_new_flag': None, 'waitrose_prod_name': 'Percy & Reed Volumising Shampoo 250ml', 'images': []}
DEBUG: Scraped from <200 https://www.waitrose.com/ecom/shop/browse/groceries/toiletries_health_and_beauty/hair_care/shampoo>
{'client': 'Waitrose', 'time': datetime.datetime(2021, 3, 7, 11, 10, 47, 448270), 'category': 'Shampoo', 'id': 'tPp755068-720289-720290', 'prod_name': 'Herbal Essences Aloe Hemp Shampoo', 'waitrose_Qty': '380ml', 'waitrose_discounted_price': '£4.50', 'waitrose_offer_desc': None, 'waitrose_url': 'https://www.waitrose.com/ecom/shop/browse/groceries/toiletries_health_and_beauty/hair_care/shampoo', 'waitrose_rating': '3', 'waitrose_unit_price': '(£1.19/100ml)', 'waitrose_new_flag': None, 'waitrose_prod_name': 'Herbal Essences Aloe Hemp Shampoo 380ml', 'images': []}
DEBUG: Scraped from <200 https://www.waitrose.com/ecom/shop/browse/groceries/toiletries_health_and_beauty/hair_care/shampoo>
{'client': 'Waitrose', 'time': datetime.datetime(2021, 3, 7, 11, 10, 47, 448270), 'category': 'Shampoo', 'id': 'tPp582132-472091-472092', 'prod_name': 'Ogx Argan Oil Morocco Shampoo', 'waitrose_Qty': '385ml', 'waitrose_discounted_price': '£7.00', 'waitrose_offer_desc': None, 'waitrose_url': 'https://www.waitrose.com/ecom/shop/browse/groceries/toiletries_health_and_beauty/hair_care/shampoo', 'waitrose_rating': '4', 'waitrose_unit_price': '(£1.82/100ml)', 'waitrose_new_flag': None, 'waitrose_prod_name': 'Ogx Argan Oil Morocco Shampoo 385ml', 'images': []}
DEBUG: Scraped from <200 https://www.waitrose.com/ecom/shop/browse/groceries/toiletries_health_and_beauty/hair_care/shampoo>
{'client': 'Waitrose', 'time': datetime.datetime(2021, 3, 7, 11, 10, 47, 448270), 'category': 'Shampoo', 'id': 'tPp051100-25409-25410', 'prod_name': 'Sheer Blonde Moisturising Shampoo', 'waitrose_Qty': '250ml', 'waitrose_discounted_price': '£6.00', 'waitrose_offer_desc': None, 'waitrose_url': 'https://www.waitrose.com/ecom/shop/browse/groceries/toiletries_health_and_beauty/hair_care/shampoo', 'waitrose_rating': '3', 'waitrose_unit_price': '(£2.40/100ml)', 'waitrose_new_flag': None, 'waitrose_prod_name': 'Sheer Blonde Moisturising Shampoo 250ml', 'images': []}
DEBUG: Scraped from <200 https://www.waitrose.com/ecom/shop/browse/groceries/toiletries_health_and_beauty/hair_care/shampoo>
{'client': 'Waitrose', 'time': datetime.datetime(2021, 3, 7, 11, 10, 47, 448270), 'category': 'Shampoo', 'id': 'tPp502437-720153-720154', 'prod_name': 'Aussie Calm The Frizz Shampoo', 'waitrose_Qty': '300ml', 'waitrose_discounted_price': '£4.00', 'waitrose_offer_desc': None, 'waitrose_url': 'https://www.waitrose.com/ecom/shop/browse/groceries/toiletries_health_and_beauty/hair_care/shampoo', 'waitrose_rating': None, 'waitrose_unit_price': '(£1.34/100ml)', 'waitrose_new_flag': None, 'waitrose_prod_name': 'Aussie Calm The Frizz Shampoo 300ml', 'images': []}
DEBUG: Scraped from <200 https://www.waitrose.com/ecom/shop/browse/groceries/toiletries_health_and_beauty/hair_care/shampoo>
{'client': 'Waitrose', 'time': datetime.datetime(2021, 3, 7, 11, 10, 47, 448270), 'category': 'Shampoo', 'id': 'tPp735040-695707-695708', 'prod_name': 'Vosene Kids 3in1 Tea Tree Shampoo', 'waitrose_Qty': '250ml', 'waitrose_discounted_price': '£2.50', 'waitrose_offer_desc': None, 'waitrose_url': 'https://www.waitrose.com/ecom/shop/browse/groceries/toiletries_health_and_beauty/hair_care/shampoo', 'waitrose_rating': '1', 'waitrose_unit_price': '(£1/100ml)', 'waitrose_new_flag': None, 'waitrose_prod_name': 'Vosene Kids 3in1 Tea Tree Shampoo 250ml', 'images': []}
DEBUG: Scraped from <200 https://www.waitrose.com/ecom/shop/browse/groceries/toiletries_health_and_beauty/hair_care/shampoo>
{'client': 'Waitrose', 'time': datetime.datetime(2021, 3, 7, 11, 10, 47, 448270), 'category': 'Shampoo', 'id': 'tPp752186-631541-631542', 'prod_name': 'Ogx Coconut OIl Shampoo', 'waitrose_Qty': '385ml', 'waitrose_discounted_price': '£7.00', 'waitrose_offer_desc': None, 'waitrose_url': 'https://www.waitrose.com/ecom/shop/browse/groceries/toiletries_health_and_beauty/hair_care/shampoo', 'waitrose_rating': None, 'waitrose_unit_price': '(£1.82/100ml)', 'waitrose_new_flag': None, 'waitrose_prod_name': 'Ogx Coconut OIl Shampoo 385ml', 'images': []}
DEBUG: Scraped from <200 https://www.waitrose.com/ecom/shop/browse/groceries/toiletries_health_and_beauty/hair_care/shampoo>
{'client': 'Waitrose', 'time': datetime.datetime(2021, 3, 7, 11, 10, 47, 448270), 'category': 'Shampoo', 'id': 'tPp402915-526384-526385', 'prod_name': 'John Frieda Violet Crush Shampoo', 'waitrose_Qty': '250ml', 'waitrose_discounted_price': '£6.00', 'waitrose_offer_desc': None, 'waitrose_url': 'https://www.waitrose.com/ecom/shop/browse/groceries/toiletries_health_and_beauty/hair_care/shampoo', 'waitrose_rating': '5', 'waitrose_unit_price': '(£2.40/100ml)', 'waitrose_new_flag': None, 'waitrose_prod_name': 'John Frieda Violet Crush Shampoo 250ml', 'images': []}
DEBUG: Scraped from <200 https://www.waitrose.com/ecom/shop/browse/groceries/toiletries_health_and_beauty/hair_care/shampoo>
{'client': 'Waitrose', 'time': datetime.datetime(2021, 3, 7, 11, 10, 47, 448270), 'category': 'Shampoo', 'id': 'tPp745828-495012-495013', 'prod_name': 'DGJ Kids Lice Repel Shampoo', 'waitrose_Qty': '250ml', 'waitrose_discounted_price': '£3.50', 'waitrose_offer_desc': None, 'waitrose_url': 'https://www.waitrose.com/ecom/shop/browse/groceries/toiletries_health_and_beauty/hair_care/shampoo', 'waitrose_rating': None, 'waitrose_unit_price': '(£1.40/100ml)', 'waitrose_new_flag': None, 'waitrose_prod_name': 'DGJ Kids Lice Repel Shampoo 250ml', 'images': []}
DEBUG: Scraped from <200 https://www.waitrose.com/ecom/shop/browse/groceries/toiletries_health_and_beauty/hair_care/shampoo>
{'client': 'Waitrose', 'time': datetime.datetime(2021, 3, 7, 11, 10, 47, 448270), 'category': 'Shampoo', 'id': 'tPp690685-747508-747509', 'prod_name': 'Percy & Reed Wonder Shampoo', 'waitrose_Qty': '250ml', 'waitrose_discounted_price': '£20.00', 'waitrose_offer_desc': None, 'waitrose_url': 'https://www.waitrose.com/ecom/shop/browse/groceries/toiletries_health_and_beauty/hair_care/shampoo', 'waitrose_rating': None, 'waitrose_unit_price': '(£8/100ml)', 'waitrose_new_flag': 'NEW', 'waitrose_prod_name': 'Percy & Reed Wonder Shampoo 250ml', 'images': []}
DEBUG: Scraped from <200 https://www.waitrose.com/ecom/shop/browse/groceries/toiletries_health_and_beauty/hair_care/shampoo>
{'client': 'Waitrose', 'time': datetime.datetime(2021, 3, 7, 11, 10, 47, 448270), 'category': 'Shampoo', 'id': 'tPp681712-747502-747503', 'prod_name': 'Cantu Moisturizing Curl Activator Cream', 'waitrose_Qty': '355ml', 'waitrose_discounted_price': '£7.99', 'waitrose_offer_desc': None, 'waitrose_url': 'https://www.waitrose.com/ecom/shop/browse/groceries/toiletries_health_and_beauty/hair_care/shampoo', 'waitrose_rating': None, 'waitrose_unit_price': '(£2.26/100ml)', 'waitrose_new_flag': 'NEW', 'waitrose_prod_name': 'Cantu Moisturizing Curl Activator Cream 355ml', 'images': []}
DEBUG: Scraped from <200 https://www.waitrose.com/ecom/shop/browse/groceries/toiletries_health_and_beauty/hair_care/shampoo>
{'client': 'Waitrose', 'time': datetime.datetime(2021, 3, 7, 11, 10, 47, 448270), 'category': 'Shampoo', 'id': 'tPp513553-747404-747405', 'prod_name': 'Tresemmé Biotin Repair +7 Shampoo', 'waitrose_Qty': '400ml', 'waitrose_discounted_price': '£3.75', 'waitrose_offer_desc': None, 'waitrose_url': 'https://www.waitrose.com/ecom/shop/browse/groceries/toiletries_health_and_beauty/hair_care/shampoo', 'waitrose_rating': None, 'waitrose_unit_price': '(93.8p/100ml)', 'waitrose_new_flag': 'NEW', 'waitrose_prod_name': 'Tresemmé Biotin Repair +7 Shampoo 400ml', 'images': []}
DEBUG: Scraped from <200 https://www.waitrose.com/ecom/shop/browse/groceries/toiletries_health_and_beauty/hair_care/shampoo>
{'client': 'Waitrose', 'time': datetime.datetime(2021, 3, 7, 11, 10, 47, 448270), 'category': 'Shampoo', 'id': 'tPp585901-743808-743809', 'prod_name': 'Maui Moisture Curl & Quench Shampoo', 'waitrose_Qty': '385ml', 'waitrose_discounted_price': '£9.00', 'waitrose_offer_desc': None, 'waitrose_url': 'https://www.waitrose.com/ecom/shop/browse/groceries/toiletries_health_and_beauty/hair_care/shampoo', 'waitrose_rating': None, 'waitrose_unit_price': '(£2.34/100ml)', 'waitrose_new_flag': 'NEW', 'waitrose_prod_name': 'Maui Moisture Curl & Quench Shampoo 385ml', 'images': []}
DEBUG: Scraped from <200 https://www.waitrose.com/ecom/shop/browse/groceries/toiletries_health_and_beauty/hair_care/shampoo>
{'client': 'Waitrose', 'time': datetime.datetime(2021, 3, 7, 11, 10, 47, 448270), 'category': 'Shampoo', 'id': 'tPp848637-735964-735965', 'prod_name': 'John Frieda Silver Shampoo', 'waitrose_Qty': '250ml', 'waitrose_discounted_price': '£5.99', 'waitrose_offer_desc': None, 'waitrose_url': 'https://www.waitrose.com/ecom/shop/browse/groceries/toiletries_health_and_beauty/hair_care/shampoo', 'waitrose_rating': None, 'waitrose_unit_price': '(£2.40/100ml)', 'waitrose_new_flag': None, 'waitrose_prod_name': 'John Frieda Silver Shampoo 250ml', 'images': []}
DEBUG: Scraped from <200 https://www.waitrose.com/ecom/shop/browse/groceries/toiletries_health_and_beauty/hair_care/shampoo>
{'client': 'Waitrose', 'time': datetime.datetime(2021, 3, 7, 11, 10, 47, 448270), 'category': 'Shampoo', 'id': 'tPp844019-735954-735955', 'prod_name': 'John Frieda Violet Crush Shampoo', 'waitrose_Qty': '250ml', 'waitrose_discounted_price': '£5.99', 'waitrose_offer_desc': None, 'waitrose_url': 'https://www.waitrose.com/ecom/shop/browse/groceries/toiletries_health_and_beauty/hair_care/shampoo', 'waitrose_rating': None, 'waitrose_unit_price': '(£2.40/100ml)', 'waitrose_new_flag': None, 'waitrose_prod_name': 'John Frieda Violet Crush Shampoo 250ml', 'images': []}
DEBUG: Scraped from <200 https://www.waitrose.com/ecom/shop/browse/groceries/toiletries_health_and_beauty/hair_care/shampoo>
{'client': 'Waitrose', 'time': datetime.datetime(2021, 3, 7, 11, 10, 47, 448270), 'category': 'Shampoo', 'id': 'tPp863078-695988-695989', 'prod_name': 'Pantene Hair Biology Full & Vibrant', 'waitrose_Qty': '250ml', 'waitrose_discounted_price': '£4.50', 'waitrose_offer_desc': None, 'waitrose_url': 'https://www.waitrose.com/ecom/shop/browse/groceries/toiletries_health_and_beauty/hair_care/shampoo', 'waitrose_rating': None, 'waitrose_unit_price': '(£1.80/100ml)', 'waitrose_new_flag': None, 'waitrose_prod_name': 'Pantene Hair Biology Full & Vibrant 250ml', 'images': []}
DEBUG: Scraped from <200 https://www.waitrose.com/ecom/shop/browse/groceries/toiletries_health_and_beauty/hair_care/shampoo>
{'client': 'Waitrose', 'time': datetime.datetime(2021, 3, 7, 11, 10, 47, 448270), 'category': 'Shampoo', 'id': 'tPp829437-695831-695832', 'prod_name': 'Umberto Giannini Grow Long Shampoo', 'waitrose_Qty': '250ml', 'waitrose_discounted_price': '£8.00', 'waitrose_offer_desc': None, 'waitrose_url': 'https://www.waitrose.com/ecom/shop/browse/groceries/toiletries_health_and_beauty/hair_care/shampoo', 'waitrose_rating': '5', 'waitrose_unit_price': '(£3.20/100ml)', 'waitrose_new_flag': None, 'waitrose_prod_name': 'Umberto Giannini Grow Long Shampoo 250ml', 'images': []}
DEBUG: Scraped from <200 https://www.waitrose.com/ecom/shop/browse/groceries/toiletries_health_and_beauty/hair_care/shampoo>
{'client': 'Waitrose', 'time': datetime.datetime(2021, 3, 7, 11, 10, 47, 448270), 'category': 'Shampoo', 'id': 'tPp414862-695397-695398', 'prod_name': 'Noughty Wave Hello Shampoo', 'waitrose_Qty': '250ml', 'waitrose_discounted_price': '£7.00', 'waitrose_offer_desc': None, 'waitrose_url': 'https://www.waitrose.com/ecom/shop/browse/groceries/toiletries_health_and_beauty/hair_care/shampoo', 'waitrose_rating': None, 'waitrose_unit_price': '(£2.80/100ml)', 'waitrose_new_flag': None, 'waitrose_prod_name': 'Noughty Wave Hello Shampoo 250ml', 'images': []}
DEBUG: Scraped from <200 https://www.waitrose.com/ecom/shop/browse/groceries/toiletries_health_and_beauty/hair_care/shampoo>
{'client': 'Waitrose', 'time': datetime.datetime(2021, 3, 7, 11, 10, 47, 448270), 'category': 'Shampoo', 'id': 'tPp492466-631281-631282', 'prod_name': 'Hask Keratin Protein Smoothing Shampoo', 'waitrose_Qty': '355ml', 'waitrose_discounted_price': '£7.00', 'waitrose_offer_desc': None, 'waitrose_url': 'https://www.waitrose.com/ecom/shop/browse/groceries/toiletries_health_and_beauty/hair_care/shampoo', 'waitrose_rating': None, 'waitrose_unit_price': '(£1.98/100ml)', 'waitrose_new_flag': None, 'waitrose_prod_name': 'Hask Keratin Protein Smoothing Shampoo 355ml', 'images': []}
DEBUG: Scraped from <200 https://www.waitrose.com/ecom/shop/browse/groceries/toiletries_health_and_beauty/hair_care/shampoo>
{'client': 'Waitrose', 'time': datetime.datetime(2021, 3, 7, 11, 10, 47, 448270), 'category': 'Shampoo', 'id': 'tPp895244-495222-495223', 'prod_name': 'DGJ Clarifying Shampoo', 'waitrose_Qty': '250ml', 'waitrose_discounted_price': '£5.00', 'waitrose_offer_desc': None, 'waitrose_url': 'https://www.waitrose.com/ecom/shop/browse/groceries/toiletries_health_and_beauty/hair_care/shampoo', 'waitrose_rating': None, 'waitrose_unit_price': '(£2/100ml)', 'waitrose_new_flag': None, 'waitrose_prod_name': 'DGJ Clarifying Shampoo 250ml', 'images': []}
DEBUG: Scraped from <200 https://www.waitrose.com/ecom/shop/browse/groceries/toiletries_health_and_beauty/hair_care/shampoo>
{'client': 'Waitrose', 'time': datetime.datetime(2021, 3, 7, 11, 10, 47, 448270), 'category': 'Shampoo', 'id': 'tPp541356-746159-746160', 'prod_name': 'Cantu Cleansing Cream Shampoo', 'waitrose_Qty': '355g', 'waitrose_discounted_price': '£6.99', 'waitrose_offer_desc': None, 'waitrose_url': 'https://www.waitrose.com/ecom/shop/browse/groceries/toiletries_health_and_beauty/hair_care/shampoo', 'waitrose_rating': None, 'waitrose_unit_price': '(£1.75/100ml)', 'waitrose_new_flag': 'NEW', 'waitrose_prod_name': 'Cantu Cleansing Cream Shampoo 355g', 'images': []}
DEBUG: Scraped from <200 https://www.waitrose.com/ecom/shop/browse/groceries/toiletries_health_and_beauty/hair_care/shampoo>
{'client': 'Waitrose', 'time': datetime.datetime(2021, 3, 7, 11, 10, 47, 448270), 'category': 'Shampoo', 'id': 'tPp607949-743828-743829', 'prod_name': 'Maui Moisture Curl & Quench Shampoo', 'waitrose_Qty': '385ml', 'waitrose_discounted_price': '£9.00', 'waitrose_offer_desc': None, 'waitrose_url': 'https://www.waitrose.com/ecom/shop/browse/groceries/toiletries_health_and_beauty/hair_care/shampoo', 'waitrose_rating': None, 'waitrose_unit_price': '(£2.34/100ml)', 'waitrose_new_flag': 'NEW', 'waitrose_prod_name': 'Maui Moisture Curl & Quench Shampoo 385ml', 'images': []}
DEBUG: Scraped from <200 https://www.waitrose.com/ecom/shop/browse/groceries/toiletries_health_and_beauty/hair_care/shampoo>
{'client': 'Waitrose', 'time': datetime.datetime(2021, 3, 7, 11, 10, 47, 448270), 'category': 'Shampoo', 'id': 'tPp714629-729752-729753', 'prod_name': 'OGX Keratin Oil Shampoo', 'waitrose_Qty': '385ml', 'waitrose_discounted_price': '£7.00', 'waitrose_offer_desc': None, 'waitrose_url': 'https://www.waitrose.com/ecom/shop/browse/groceries/toiletries_health_and_beauty/hair_care/shampoo', 'waitrose_rating': None, 'waitrose_unit_price': '(£1.82/100ml)', 'waitrose_new_flag': None, 'waitrose_prod_name': 'OGX Keratin Oil Shampoo 385ml', 'images': []}
DEBUG: Scraped from <200 https://www.waitrose.com/ecom/shop/browse/groceries/toiletries_health_and_beauty/hair_care/shampoo>
{'client': 'Waitrose', 'time': datetime.datetime(2021, 3, 7, 11, 10, 47, 448270), 'category': 'Shampoo', 'id': 'tPp581644-729702-729703', 'prod_name': 'Percy & Reed Hydrating Shampoo', 'waitrose_Qty': '250ml', 'waitrose_discounted_price': '£18.00', 'waitrose_offer_desc': None, 'waitrose_url': 'https://www.waitrose.com/ecom/shop/browse/groceries/toiletries_health_and_beauty/hair_care/shampoo', 'waitrose_rating': None, 'waitrose_unit_price': '(£7.20/100ml)', 'waitrose_new_flag': None, 'waitrose_prod_name': 'Percy & Reed Hydrating Shampoo 250ml', 'images': []}
DEBUG: Scraped from <200 https://www.waitrose.com/ecom/shop/browse/groceries/toiletries_health_and_beauty/hair_care/shampoo>
{'client': 'Waitrose', 'time': datetime.datetime(2021, 3, 7, 11, 10, 47, 448270), 'category': 'Shampoo', 'id': 'tPp527154-720165-720166', 'prod_name': 'Maui Moisture Hibiscus Water', 'waitrose_Qty': '385ml', 'waitrose_discounted_price': '£9.00', 'waitrose_offer_desc': None, 'waitrose_url': 'https://www.waitrose.com/ecom/shop/browse/groceries/toiletries_health_and_beauty/hair_care/shampoo', 'waitrose_rating': None, 'waitrose_unit_price': '(£2.34/100ml)', 'waitrose_new_flag': None, 'waitrose_prod_name': 'Maui Moisture Hibiscus Water 385ml', 'images': []}
DEBUG: Scraped from <200 https://www.waitrose.com/ecom/shop/browse/groceries/toiletries_health_and_beauty/hair_care/shampoo>
{'client': 'Waitrose', 'time': datetime.datetime(2021, 3, 7, 11, 10, 47, 448270), 'category': 'Shampoo', 'id': 'tPp623864-695587-695588', 'prod_name': 'Noughty Care Taker Shampoo', 'waitrose_Qty': '250ml', 'waitrose_discounted_price': '£7.00', 'waitrose_offer_desc': None, 'waitrose_url': 'https://www.waitrose.com/ecom/shop/browse/groceries/toiletries_health_and_beauty/hair_care/shampoo', 'waitrose_rating': '4', 'waitrose_unit_price': '(£2.80/100ml)', 'waitrose_new_flag': None, 'waitrose_prod_name': 'Noughty Care Taker Shampoo 250ml', 'images': []}
DEBUG: Scraped from <200 https://www.waitrose.com/ecom/shop/browse/groceries/toiletries_health_and_beauty/hair_care/shampoo>
{'client': 'Waitrose', 'time': datetime.datetime(2021, 3, 7, 11, 10, 47, 448270), 'category': 'Shampoo', 'id': 'tPp554742-695503-695504', 'prod_name': 'Umberto Giannini Violet Shampoo', 'waitrose_Qty': '250ml', 'waitrose_discounted_price': '£8.00', 'waitrose_offer_desc': None, 'waitrose_url': 'https://www.waitrose.com/ecom/shop/browse/groceries/toiletries_health_and_beauty/hair_care/shampoo', 'waitrose_rating': '5', 'waitrose_unit_price': '(£3.20/100ml)', 'waitrose_new_flag': None, 'waitrose_prod_name': 'Umberto Giannini Violet Shampoo 250ml', 'images': []}
DEBUG: Scraped from <200 https://www.waitrose.com/ecom/shop/browse/groceries/toiletries_health_and_beauty/hair_care/shampoo>
{'client': 'Waitrose', 'time': datetime.datetime(2021, 3, 7, 11, 10, 47, 448270), 'category': 'Shampoo', 'id': 'tPp668778-741258-741259', 'prod_name': 'Hedrin All in One Shampoo', 'waitrose_Qty': '100ml', 'waitrose_discounted_price': '£10.00', 'waitrose_offer_desc': None, 'waitrose_url': 'https://www.waitrose.com/ecom/shop/browse/groceries/toiletries_health_and_beauty/hair_care/shampoo', 'waitrose_rating': None, 'waitrose_unit_price': '(£10/100ml)', 'waitrose_new_flag': None, 'waitrose_prod_name': 'Hedrin All in One Shampoo 100ml', 'images': []}
DEBUG: Scraped from <200 https://www.waitrose.com/ecom/shop/browse/groceries/toiletries_health_and_beauty/hair_care/shampoo>
{'client': 'Waitrose', 'time': datetime.datetime(2021, 3, 7, 11, 10, 47, 448270), 'category': 'Shampoo', 'id': 'tPp855732-695986-695987', 'prod_name': 'Hair Biology De-Frizz Shampoo', 'waitrose_Qty': '250ml', 'waitrose_discounted_price': '£4.50', 'waitrose_offer_desc': None, 'waitrose_url': 'https://www.waitrose.com/ecom/shop/browse/groceries/toiletries_health_and_beauty/hair_care/shampoo', 'waitrose_rating': None, 'waitrose_unit_price': '(£1.80/100ml)', 'waitrose_new_flag': None, 'waitrose_prod_name': 'Hair Biology De-Frizz Shampoo 250ml', 'images': []}
DEBUG: Scraped from <200 https://www.waitrose.com/ecom/shop/browse/groceries/toiletries_health_and_beauty/hair_care/shampoo>
{'client': 'Waitrose', 'time': datetime.datetime(2021, 3, 7, 11, 10, 47, 448270), 'category': 'Shampoo', 'id': 'tPp888765-695909-695910', 'prod_name': 'Umberto Giannini Curl Jelly Wash', 'waitrose_Qty': '250ml', 'waitrose_discounted_price': '£8.00', 'waitrose_offer_desc': None, 'waitrose_url': 'https://www.waitrose.com/ecom/shop/browse/groceries/toiletries_health_and_beauty/hair_care/shampoo', 'waitrose_rating': '3.3', 'waitrose_unit_price': '(£3.20/100ml)', 'waitrose_new_flag': None, 'waitrose_prod_name': 'Umberto Giannini Curl Jelly Wash 250ml', 'images': []}
DEBUG: Scraped from <200 https://www.waitrose.com/ecom/shop/browse/groceries/toiletries_health_and_beauty/hair_care/shampoo>
{'client': 'Waitrose', 'time': datetime.datetime(2021, 3, 7, 11, 10, 47, 448270), 'category': 'Shampoo', 'id': 'tPp567427-683666-683667', 'prod_name': 'Ogx Charcoal Detox Shampoo', 'waitrose_Qty': '385ml', 'waitrose_discounted_price': '£7.00', 'waitrose_offer_desc': None, 'waitrose_url': 'https://www.waitrose.com/ecom/shop/browse/groceries/toiletries_health_and_beauty/hair_care/shampoo', 'waitrose_rating': None, 'waitrose_unit_price': '(£1.82/100ml)', 'waitrose_new_flag': None, 'waitrose_prod_name': 'Ogx Charcoal Detox Shampoo 385ml', 'images': []}
DEBUG: Scraped from <200 https://www.waitrose.com/ecom/shop/browse/groceries/toiletries_health_and_beauty/hair_care/shampoo>
{'client': 'Waitrose', 'time': datetime.datetime(2021, 3, 7, 11, 10, 47, 448270), 'category': 'Shampoo', 'id': 'tPp480728-631267-631268', 'prod_name': 'Ogx Orchid Oil Shampoo', 'waitrose_Qty': '385ml', 'waitrose_discounted_price': '£7.00', 'waitrose_offer_desc': None, 'waitrose_url': 'https://www.waitrose.com/ecom/shop/browse/groceries/toiletries_health_and_beauty/hair_care/shampoo', 'waitrose_rating': '5', 'waitrose_unit_price': '(£1.82/100ml)', 'waitrose_new_flag': None, 'waitrose_prod_name': 'Ogx Orchid Oil Shampoo 385ml', 'images': []}
INFO: Closing spider (finished)
INFO: Stored json feed (135 items) in: waitrose_070321.json
INFO: Dumping Scrapy stats:
{'downloader/request_bytes': 2588,
 'downloader/request_count': 1,
 'downloader/request_method_count/POST': 1,
 'downloader/response_bytes': 1713389,
 'downloader/response_count': 1,
 'downloader/response_status_count/200': 1,
 'finish_reason': 'finished',
 'finish_time': datetime.datetime(2021, 3, 7, 5, 42, 6, 476964),
 'item_scraped_count': 135,
 'log_count/DEBUG': 136,
 'log_count/INFO': 11,
 'log_count/WARNING': 1,
 'response_received_count': 1,
 'scheduler/dequeued': 2,
 'scheduler/dequeued/memory': 2,
 'scheduler/enqueued': 2,
 'scheduler/enqueued/memory': 2,
 'splash/execute/request_count': 1,
 'splash/execute/response_count/200': 1,
 'start_time': datetime.datetime(2021, 3, 7, 5, 40, 47, 648306)}
INFO: Spider closed (finished)
