[
{"client": "Waitrose", "time": "2020-09-10 13:08:45", "category": "Shampoo", "id": "tPp096508-49364-49365", "prod_name": "Aussie Miracle Moist Shampoo", "waitrose_Qty": "300ml", "waitrose_discounted_price": "£2.05", "waitrose_offer_desc": "Half Price.", "waitrose_url": "https://www.waitrose.com/ecom/shop/browse/groceries/toiletries_health_and_beauty/hair_care/shampoo", "waitrose_rating": "3.7", "waitrose_unit_price": "(68.3p/100ml)", "waitrose_new_flag": null, "waitrose_prod_name": "Aussie Miracle Moist Shampoo 300ml", "images": []},
{"client": "Waitrose", "time": "2020-09-10 13:08:45", "category": "Shampoo", "id": "tPp059421-29947-29948", "prod_name": "Aussie Aussome Volume Shampoo", "waitrose_Qty": "300ml", "waitrose_discounted_price": "£2.00", "waitrose_offer_desc": "Half Price.", "waitrose_url": "https://www.waitrose.com/ecom/shop/browse/groceries/toiletries_health_and_beauty/hair_care/shampoo", "waitrose_rating": "5", "waitrose_unit_price": "(66.7p/100ml)", "waitrose_new_flag": null, "waitrose_prod_name": "Aussie Aussome Volume Shampoo 300ml", "images": []},
{"client": "Waitrose", "time": "2020-09-10 13:08:45", "category": "Shampoo", "id": "tPp096232-49248-49249", "prod_name": "Aussie Mega Shampoo", "waitrose_Qty": "300ml", "waitrose_discounted_price": "£2.05", "waitrose_offer_desc": "Half Price.", "waitrose_url": "https://www.waitrose.com/ecom/shop/browse/groceries/toiletries_health_and_beauty/hair_care/shampoo", "waitrose_rating": "2.5", "waitrose_unit_price": "(68.3p/100ml)", "waitrose_new_flag": null, "waitrose_prod_name": "Aussie Mega Shampoo 300ml", "images": []},
{"client": "Waitrose", "time": "2020-09-10 13:08:45", "category": "Shampoo", "id": "tPp092708-47659-47660", "prod_name": "Vosene Original Shampoo", "waitrose_Qty": "250ml", "waitrose_discounted_price": "£1.36", "waitrose_offer_desc": "Save 1/3.", "waitrose_url": "https://www.waitrose.com/ecom/shop/browse/groceries/toiletries_health_and_beauty/hair_care/shampoo", "waitrose_rating": "5", "waitrose_unit_price": "(54.4p/100ml)", "waitrose_new_flag": null, "waitrose_prod_name": "Vosene Original Shampoo 250ml", "images": []},
{"client": "Waitrose", "time": "2020-09-10 13:08:45", "category": "Shampoo", "id": "tPp092708-47659-47660", "prod_name": "Vosene Original Shampoo", "waitrose_Qty": "250ml", "waitrose_discounted_price": "£1.36", "waitrose_offer_desc": "Save 1/3.", "waitrose_url": "https://www.waitrose.com/ecom/shop/browse/groceries/toiletries_health_and_beauty/hair_care/shampoo", "waitrose_rating": "5", "waitrose_unit_price": "(54.4p/100ml)", "waitrose_new_flag": null, "waitrose_prod_name": "Vosene Original Shampoo 250ml", "images": []},
{"client": "Waitrose", "time": "2020-09-10 13:08:45", "category": "Shampoo", "id": "tPp639145-337007-337008", "prod_name": "Tresemmé Shampoo Deep Cleansing", "waitrose_Qty": "800ml", "waitrose_discounted_price": "£2.75", "waitrose_offer_desc": "Half Price.", "waitrose_url": "https://www.waitrose.com/ecom/shop/browse/groceries/toiletries_health_and_beauty/hair_care/shampoo", "waitrose_rating": "5", "waitrose_unit_price": "(34.4p/100ml)", "waitrose_new_flag": null, "waitrose_prod_name": "Tresemmé Shampoo Deep Cleansing 800ml", "images": []},
{"client": "Waitrose", "time": "2020-09-10 13:08:45", "category": "Shampoo", "id": "tPp083596-42439-42440", "prod_name": "Aussie Colour Mate Shampoo", "waitrose_Qty": "300ml", "waitrose_discounted_price": "£2.05", "waitrose_offer_desc": "Half Price.", "waitrose_url": "https://www.waitrose.com/ecom/shop/browse/groceries/toiletries_health_and_beauty/hair_care/shampoo", "waitrose_rating": "5", "waitrose_unit_price": "(68.3p/100ml)", "waitrose_new_flag": null, "waitrose_prod_name": "Aussie Colour Mate Shampoo 300ml", "images": []},
{"client": "Waitrose", "time": "2020-09-10 13:08:45", "category": "Shampoo", "id": "tPp819563-729788-729789", "prod_name": "Aussie Blonde Purple Shampoo", "waitrose_Qty": "290ml", "waitrose_discounted_price": "£2.99", "waitrose_offer_desc": "Half Price.", "waitrose_url": "https://www.waitrose.com/ecom/shop/browse/groceries/toiletries_health_and_beauty/hair_care/shampoo", "waitrose_rating": null, "waitrose_unit_price": "(£1.04/100ml)", "waitrose_new_flag": null, "waitrose_prod_name": "Aussie Blonde Purple Shampoo 290ml", "images": []},
{"client": "Waitrose", "time": "2020-09-10 13:08:45", "category": "Shampoo", "id": "tPp799806-683814-683815", "prod_name": "Tresemmé Shampoo Moisture Rich", "waitrose_Qty": "800ml", "waitrose_discounted_price": "£2.75", "waitrose_offer_desc": "Half Price.", "waitrose_url": "https://www.waitrose.com/ecom/shop/browse/groceries/toiletries_health_and_beauty/hair_care/shampoo", "waitrose_rating": null, "waitrose_unit_price": "(34.4p/100ml)", "waitrose_new_flag": null, "waitrose_prod_name": "Tresemmé Shampoo Moisture Rich 800ml", "images": []},
{"client": "Waitrose", "time": "2020-09-10 13:08:45", "category": "Shampoo", "id": "tPp364793-255761-255762", "prod_name": "Aussie Miracle Shine Shampoo", "waitrose_Qty": "300ml", "waitrose_discounted_price": "£2.00", "waitrose_offer_desc": "Half Price.", "waitrose_url": "https://www.waitrose.com/ecom/shop/browse/groceries/toiletries_health_and_beauty/hair_care/shampoo", "waitrose_rating": null, "waitrose_unit_price": "(66.7p/100ml)", "waitrose_new_flag": null, "waitrose_prod_name": "Aussie Miracle Shine Shampoo 300ml", "images": []},
{"client": "Waitrose", "time": "2020-09-10 13:08:45", "category": "Shampoo", "id": "tPp819340-720339-720340", "prod_name": "Head & Shoulders Supreme Shampoo", "waitrose_Qty": "400ml", "waitrose_discounted_price": "£3.33", "waitrose_offer_desc": "Save 1/3.", "waitrose_url": "https://www.waitrose.com/ecom/shop/browse/groceries/toiletries_health_and_beauty/hair_care/shampoo", "waitrose_rating": null, "waitrose_unit_price": "(83.3p/100ml)", "waitrose_new_flag": null, "waitrose_prod_name": "Head & Shoulders Supreme Shampoo 400ml", "images": []},
{"client": "Waitrose", "time": "2020-09-10 13:08:45", "category": "Shampoo", "id": "tPp011495-5706-5707", "prod_name": "John Frieda Shampoo Touchably Full", "waitrose_Qty": "250ml", "waitrose_discounted_price": "£3.99", "waitrose_offer_desc": "Save 1/3.", "waitrose_url": "https://www.waitrose.com/ecom/shop/browse/groceries/toiletries_health_and_beauty/hair_care/shampoo", "waitrose_rating": "4", "waitrose_unit_price": "(£1.60/100ml)", "waitrose_new_flag": null, "waitrose_prod_name": "John Frieda Shampoo Touchably Full 250ml", "images": []},
{"client": "Waitrose", "time": "2020-09-10 13:08:45", "category": "Shampoo", "id": "tPp610920-86669-86670", "prod_name": "Sheer Blonde Go Blonder Shampoo", "waitrose_Qty": "250ml", "waitrose_discounted_price": "£3.99", "waitrose_offer_desc": "Save 1/3.", "waitrose_url": "https://www.waitrose.com/ecom/shop/browse/groceries/toiletries_health_and_beauty/hair_care/shampoo", "waitrose_rating": "3.5", "waitrose_unit_price": "(£1.60/100ml)", "waitrose_new_flag": null, "waitrose_prod_name": "Sheer Blonde Go Blonder Shampoo 250ml", "images": []},
{"client": "Waitrose", "time": "2020-09-10 13:08:45", "category": "Shampoo", "id": "tPp433216-720111-720112", "prod_name": "John Frieda Hydrate & Recharge Shampoo", "waitrose_Qty": "250ml", "waitrose_discounted_price": "£3.99", "waitrose_offer_desc": "Save 1/3.", "waitrose_url": "https://www.waitrose.com/ecom/shop/browse/groceries/toiletries_health_and_beauty/hair_care/shampoo", "waitrose_rating": null, "waitrose_unit_price": "(£1.60/100ml)", "waitrose_new_flag": null, "waitrose_prod_name": "John Frieda Hydrate & Recharge Shampoo 250ml", "images": []},
{"client": "Waitrose", "time": "2020-09-10 13:08:45", "category": "Shampoo", "id": "tPp595050-720203-720204", "prod_name": "Herbal Essences Coconut Shampoo", "waitrose_Qty": "250ml", "waitrose_discounted_price": "£2.00", "waitrose_offer_desc": "Save 1/3.", "waitrose_url": "https://www.waitrose.com/ecom/shop/browse/groceries/toiletries_health_and_beauty/hair_care/shampoo", "waitrose_rating": null, "waitrose_unit_price": "(80p/100ml)", "waitrose_new_flag": null, "waitrose_prod_name": "Herbal Essences Coconut Shampoo 250ml", "images": []},
{"client": "Waitrose", "time": "2020-09-10 13:08:45", "category": "Shampoo", "id": "tPp494340-69860-69861", "prod_name": "Neal's Yard Rose Shampoo", "waitrose_Qty": "200ml", "waitrose_discounted_price": "£7.66", "waitrose_offer_desc": "Save 1/3.", "waitrose_url": "https://www.waitrose.com/ecom/shop/browse/groceries/toiletries_health_and_beauty/hair_care/shampoo", "waitrose_rating": "3.1", "waitrose_unit_price": "(£3.83/100ml)", "waitrose_new_flag": null, "waitrose_prod_name": "Neal's Yard Rose Shampoo 200ml", "images": []},
{"client": "Waitrose", "time": "2020-09-10 13:08:45", "category": "Shampoo", "id": "tPp775870-724036-724037", "prod_name": "Faith in Nature Wild Rose Shampoo", "waitrose_Qty": "400ml", "waitrose_discounted_price": "£3.86", "waitrose_offer_desc": "Save 1/3.", "waitrose_url": "https://www.waitrose.com/ecom/shop/browse/groceries/toiletries_health_and_beauty/hair_care/shampoo", "waitrose_rating": "5", "waitrose_unit_price": "(96.5p/100ml)", "waitrose_new_flag": null, "waitrose_prod_name": "Faith in Nature Wild Rose Shampoo 400ml", "images": []},
{"client": "Waitrose", "time": "2020-09-10 13:08:45", "category": "Shampoo", "id": "tPp747801-683764-683765", "prod_name": "Aussie Shampoo Scent-sational", "waitrose_Qty": "300ml", "waitrose_discounted_price": "£2.00", "waitrose_offer_desc": "Half Price.", "waitrose_url": "https://www.waitrose.com/ecom/shop/browse/groceries/toiletries_health_and_beauty/hair_care/shampoo", "waitrose_rating": "5", "waitrose_unit_price": "(66.7p/100ml)", "waitrose_new_flag": null, "waitrose_prod_name": "Aussie Shampoo Scent-sational 300ml", "images": []},
{"client": "Waitrose", "time": "2020-09-10 13:08:45", "category": "Shampoo", "id": "tPp538896-720173-720174", "prod_name": "Herbal Essences Argan Oil Shampoo", "waitrose_Qty": "250ml", "waitrose_discounted_price": "£2.00", "waitrose_offer_desc": "Save 1/3.", "waitrose_url": "https://www.waitrose.com/ecom/shop/browse/groceries/toiletries_health_and_beauty/hair_care/shampoo", "waitrose_rating": null, "waitrose_unit_price": "(80p/100ml)", "waitrose_new_flag": null, "waitrose_prod_name": "Herbal Essences Argan Oil Shampoo 250ml", "images": []},
{"client": "Waitrose", "time": "2020-09-10 13:08:45", "category": "Shampoo", "id": "tPp502437-720153-720154", "prod_name": "Aussie Calm The Frizz Shampoo", "waitrose_Qty": "300ml", "waitrose_discounted_price": "£2.00", "waitrose_offer_desc": "Half Price.", "waitrose_url": "https://www.waitrose.com/ecom/shop/browse/groceries/toiletries_health_and_beauty/hair_care/shampoo", "waitrose_rating": null, "waitrose_unit_price": "(66.7p/100ml)", "waitrose_new_flag": null, "waitrose_prod_name": "Aussie Calm The Frizz Shampoo 300ml", "images": []},
{"client": "Waitrose", "time": "2020-09-10 13:08:45", "category": "Shampoo", "id": "tPp833802-337290-337291", "prod_name": "Aussie Miracle Moist Spray", "waitrose_Qty": "250ml", "waitrose_discounted_price": "£2.57", "waitrose_offer_desc": "Half Price.", "waitrose_url": "https://www.waitrose.com/ecom/shop/browse/groceries/toiletries_health_and_beauty/hair_care/shampoo", "waitrose_rating": null, "waitrose_unit_price": "(£1.03/100ml)", "waitrose_new_flag": null, "waitrose_prod_name": "Aussie Miracle Moist Spray 250ml", "images": []},
{"client": "Waitrose", "time": "2020-09-10 13:08:45", "category": "Shampoo", "id": "tPp425163-526469-526470", "prod_name": "Frizz Ease Shampoo Miraculous Recovery", "waitrose_Qty": "250ml", "waitrose_discounted_price": "£3.99", "waitrose_offer_desc": "Save 1/3.", "waitrose_url": "https://www.waitrose.com/ecom/shop/browse/groceries/toiletries_health_and_beauty/hair_care/shampoo", "waitrose_rating": null, "waitrose_unit_price": "(£1.60/100ml)", "waitrose_new_flag": null, "waitrose_prod_name": "Frizz Ease Shampoo Miraculous Recovery 250ml", "images": []},
{"client": "Waitrose", "time": "2020-09-10 13:08:45", "category": "Shampoo", "id": "tPp847454-724141-724142", "prod_name": "Faith in Nature Grapefruit Shampoo", "waitrose_Qty": "400ml", "waitrose_discounted_price": "£3.86", "waitrose_offer_desc": "Save 1/3.", "waitrose_url": "https://www.waitrose.com/ecom/shop/browse/groceries/toiletries_health_and_beauty/hair_care/shampoo", "waitrose_rating": null, "waitrose_unit_price": "(96.5p/100ml)", "waitrose_new_flag": null, "waitrose_prod_name": "Faith in Nature Grapefruit Shampoo 400ml", "images": []},
{"client": "Waitrose", "time": "2020-09-10 13:08:45", "category": "Shampoo", "id": "tPp701301-99532-99533", "prod_name": "Essential Daily Care Shampoo", "waitrose_Qty": "300ml", "waitrose_discounted_price": "80p", "waitrose_offer_desc": null, "waitrose_url": "https://www.waitrose.com/ecom/shop/browse/groceries/toiletries_health_and_beauty/hair_care/shampoo", "waitrose_rating": "4.1", "waitrose_unit_price": "(26.7p/100ml)", "waitrose_new_flag": null, "waitrose_prod_name": "Essential Daily Care Shampoo 300ml", "images": []},
{"client": "Waitrose", "time": "2020-09-10 13:08:45", "category": "Shampoo", "id": "tPp702159-494964-494965", "prod_name": "DGJ Argan Oil Shampoo", "waitrose_Qty": "250ml", "waitrose_discounted_price": "£2.50", "waitrose_offer_desc": "Half Price.", "waitrose_url": "https://www.waitrose.com/ecom/shop/browse/groceries/toiletries_health_and_beauty/hair_care/shampoo", "waitrose_rating": null, "waitrose_unit_price": "(£1/100ml)", "waitrose_new_flag": null, "waitrose_prod_name": "DGJ Argan Oil Shampoo 250ml", "images": []},
{"client": "Waitrose", "time": "2020-09-10 13:08:45", "category": "Shampoo", "id": "tPp583946-82773-82774", "prod_name": "Neal's Yard Lavender Shampoo", "waitrose_Qty": "200ml", "waitrose_discounted_price": "£7.66", "waitrose_offer_desc": "Save 1/3.", "waitrose_url": "https://www.waitrose.com/ecom/shop/browse/groceries/toiletries_health_and_beauty/hair_care/shampoo", "waitrose_rating": "2.3", "waitrose_unit_price": "(£3.83/100ml)", "waitrose_new_flag": null, "waitrose_prod_name": "Neal's Yard Lavender Shampoo 200ml", "images": []},
{"client": "Waitrose", "time": "2020-09-10 13:08:45", "category": "Shampoo", "id": "tPp745828-495012-495013", "prod_name": "DGJ Kids Lice Repel Shampoo", "waitrose_Qty": "250ml", "waitrose_discounted_price": "£1.75", "waitrose_offer_desc": "Half Price.", "waitrose_url": "https://www.waitrose.com/ecom/shop/browse/groceries/toiletries_health_and_beauty/hair_care/shampoo", "waitrose_rating": null, "waitrose_unit_price": "(70p/100ml)", "waitrose_new_flag": null, "waitrose_prod_name": "DGJ Kids Lice Repel Shampoo 250ml", "images": []},
{"client": "Waitrose", "time": "2020-09-10 13:08:45", "category": "Shampoo", "id": "tPp065299-33095-33096", "prod_name": "Frizz Ease Dream Curls Shampoo", "waitrose_Qty": "250ml", "waitrose_discounted_price": "£3.99", "waitrose_offer_desc": "Save 1/3.", "waitrose_url": "https://www.waitrose.com/ecom/shop/browse/groceries/toiletries_health_and_beauty/hair_care/shampoo", "waitrose_rating": "5", "waitrose_unit_price": "(£1.60/100ml)", "waitrose_new_flag": null, "waitrose_prod_name": "Frizz Ease Dream Curls Shampoo 250ml", "images": []},
{"client": "Waitrose", "time": "2020-09-10 13:08:45", "category": "Shampoo", "id": "tPp535961-75786-75787", "prod_name": "essential Waitrose Nourishing Shampoo", "waitrose_Qty": "300ml", "waitrose_discounted_price": "80p", "waitrose_offer_desc": null, "waitrose_url": "https://www.waitrose.com/ecom/shop/browse/groceries/toiletries_health_and_beauty/hair_care/shampoo", "waitrose_rating": "4.3", "waitrose_unit_price": "(26.7p/100ml)", "waitrose_new_flag": null, "waitrose_prod_name": "essential Waitrose Nourishing Shampoo 300ml", "images": []},
{"client": "Waitrose", "time": "2020-09-10 13:08:45", "category": "Shampoo", "id": "tPp725068-723986-723987", "prod_name": "Faith in Nature Lavender Shampoo", "waitrose_Qty": "400ml", "waitrose_discounted_price": "£3.86", "waitrose_offer_desc": "Save 1/3.", "waitrose_url": "https://www.waitrose.com/ecom/shop/browse/groceries/toiletries_health_and_beauty/hair_care/shampoo", "waitrose_rating": null, "waitrose_unit_price": "(96.5p/100ml)", "waitrose_new_flag": null, "waitrose_prod_name": "Faith in Nature Lavender Shampoo 400ml", "images": []},
{"client": "Waitrose", "time": "2020-09-10 13:08:45", "category": "Shampoo", "id": "tPp425124-59787-59788", "prod_name": "Brilliant Brunette Protecting Shampoo", "waitrose_Qty": "250ml", "waitrose_discounted_price": "£3.99", "waitrose_offer_desc": "Save 1/3.", "waitrose_url": "https://www.waitrose.com/ecom/shop/browse/groceries/toiletries_health_and_beauty/hair_care/shampoo", "waitrose_rating": null, "waitrose_unit_price": "(£1.60/100ml)", "waitrose_new_flag": null, "waitrose_prod_name": "Brilliant Brunette Protecting Shampoo 250ml", "images": []},
{"client": "Waitrose", "time": "2020-09-10 13:08:45", "category": "Shampoo", "id": "tPp563832-295347-295348", "prod_name": "Argan + Argan Oil 5Oil Miracle Shampoo", "waitrose_Qty": "300ml", "waitrose_discounted_price": "£4.00", "waitrose_offer_desc": "Save 1/3.", "waitrose_url": "https://www.waitrose.com/ecom/shop/browse/groceries/toiletries_health_and_beauty/hair_care/shampoo", "waitrose_rating": "5", "waitrose_unit_price": "(£1.34/100ml)", "waitrose_new_flag": null, "waitrose_prod_name": "Argan + Argan Oil 5Oil Miracle Shampoo 300ml", "images": []},
{"client": "Waitrose", "time": "2020-09-10 13:08:45", "category": "Shampoo", "id": "tPp414862-695397-695398", "prod_name": "Noughty Wave Hello Shampoo", "waitrose_Qty": "250ml", "waitrose_discounted_price": "£4.66", "waitrose_offer_desc": "Save 1/3.", "waitrose_url": "https://www.waitrose.com/ecom/shop/browse/groceries/toiletries_health_and_beauty/hair_care/shampoo", "waitrose_rating": null, "waitrose_unit_price": "(£1.87/100ml)", "waitrose_new_flag": null, "waitrose_prod_name": "Noughty Wave Hello Shampoo 250ml", "images": []},
{"client": "Waitrose", "time": "2020-09-10 13:08:45", "category": "Shampoo", "id": "tPp455905-591789-591790", "prod_name": "Herbal Essences clean Shampoo", "waitrose_Qty": "400ml", "waitrose_discounted_price": "£4.50", "waitrose_offer_desc": null, "waitrose_url": "https://www.waitrose.com/ecom/shop/browse/groceries/toiletries_health_and_beauty/hair_care/shampoo", "waitrose_rating": null, "waitrose_unit_price": "(£1.13/100ml)", "waitrose_new_flag": null, "waitrose_prod_name": "Herbal Essences clean Shampoo 400ml", "images": []},
{"client": "Waitrose", "time": "2020-09-10 13:08:45", "category": "Shampoo", "id": "tPp755349-720291-720292", "prod_name": "Herbal Essences Aloe & Mango Shampoo", "waitrose_Qty": "380ml", "waitrose_discounted_price": "£4.50", "waitrose_offer_desc": null, "waitrose_url": "https://www.waitrose.com/ecom/shop/browse/groceries/toiletries_health_and_beauty/hair_care/shampoo", "waitrose_rating": null, "waitrose_unit_price": "(£1.19/100ml)", "waitrose_new_flag": null, "waitrose_prod_name": "Herbal Essences Aloe & Mango Shampoo 380ml", "images": []},
{"client": "Waitrose", "time": "2020-09-10 13:08:45", "category": "Shampoo", "id": "tPp755186-495024-495025", "prod_name": "DGJ Colour Save Shampoo", "waitrose_Qty": "250ml", "waitrose_discounted_price": "£2.50", "waitrose_offer_desc": "Half Price.", "waitrose_url": "https://www.waitrose.com/ecom/shop/browse/groceries/toiletries_health_and_beauty/hair_care/shampoo", "waitrose_rating": null, "waitrose_unit_price": "(£1/100ml)", "waitrose_new_flag": null, "waitrose_prod_name": "DGJ Colour Save Shampoo 250ml", "images": []},
{"client": "Waitrose", "time": "2020-09-10 13:08:45", "category": "Shampoo", "id": "tPp735040-695707-695708", "prod_name": "Vosene Kids 3in1 Tea Tree Shampoo", "waitrose_Qty": "250ml", "waitrose_discounted_price": "£1.66", "waitrose_offer_desc": "Save 1/3.", "waitrose_url": "https://www.waitrose.com/ecom/shop/browse/groceries/toiletries_health_and_beauty/hair_care/shampoo", "waitrose_rating": null, "waitrose_unit_price": "(66.4p/100ml)", "waitrose_new_flag": null, "waitrose_prod_name": "Vosene Kids 3in1 Tea Tree Shampoo 250ml", "images": []},
{"client": "Waitrose", "time": "2020-09-10 13:08:45", "category": "Shampoo", "id": "tPp639366-90822-90823", "prod_name": "Head & Shoulders Shampoo Classic", "waitrose_Qty": "500ml", "waitrose_discounted_price": "£5.15", "waitrose_offer_desc": null, "waitrose_url": "https://www.waitrose.com/ecom/shop/browse/groceries/toiletries_health_and_beauty/hair_care/shampoo", "waitrose_rating": "3.5", "waitrose_unit_price": "(£1.03/100ml)", "waitrose_new_flag": null, "waitrose_prod_name": "Head & Shoulders Shampoo Classic 500ml", "images": []},
{"client": "Waitrose", "time": "2020-09-10 13:08:45", "category": "Shampoo", "id": "tPp810201-352482-352483", "prod_name": "Essential Daily Care 2 in 1", "waitrose_Qty": "300ml", "waitrose_discounted_price": "80p", "waitrose_offer_desc": null, "waitrose_url": "https://www.waitrose.com/ecom/shop/browse/groceries/toiletries_health_and_beauty/hair_care/shampoo", "waitrose_rating": "4.3", "waitrose_unit_price": "(26.7p/100ml)", "waitrose_new_flag": null, "waitrose_prod_name": "Essential Daily Care 2 in 1 300ml", "images": []},
{"client": "Waitrose", "time": "2020-09-10 13:08:45", "category": "Shampoo", "id": "tPp687186-337057-337058", "prod_name": "Argan + Argan Oil Rejuvenating Shampoo", "waitrose_Qty": "300ml", "waitrose_discounted_price": "£4.00", "waitrose_offer_desc": "Save 1/3.", "waitrose_url": "https://www.waitrose.com/ecom/shop/browse/groceries/toiletries_health_and_beauty/hair_care/shampoo", "waitrose_rating": "5", "waitrose_unit_price": "(£1.34/100ml)", "waitrose_new_flag": null, "waitrose_prod_name": "Argan + Argan Oil Rejuvenating Shampoo 300ml", "images": []},
{"client": "Waitrose", "time": "2020-09-10 13:08:45", "category": "Shampoo", "id": "tPp865734-216867-216868", "prod_name": "Ogx Argan Oil of Morocco Shampoo", "waitrose_Qty": "385ml", "waitrose_discounted_price": "£7.00", "waitrose_offer_desc": null, "waitrose_url": "https://www.waitrose.com/ecom/shop/browse/groceries/toiletries_health_and_beauty/hair_care/shampoo", "waitrose_rating": "3.4", "waitrose_unit_price": "(£1.82/100ml)", "waitrose_new_flag": null, "waitrose_prod_name": "Ogx Argan Oil of Morocco Shampoo 385ml", "images": []},
{"client": "Waitrose", "time": "2020-09-10 13:08:45", "category": "Shampoo", "id": "tPp402915-526384-526385", "prod_name": "John Frieda Violet Crush Shampoo", "waitrose_Qty": "250ml", "waitrose_discounted_price": "£3.99", "waitrose_offer_desc": "Save 1/3.", "waitrose_url": "https://www.waitrose.com/ecom/shop/browse/groceries/toiletries_health_and_beauty/hair_care/shampoo", "waitrose_rating": "5", "waitrose_unit_price": "(£1.60/100ml)", "waitrose_new_flag": null, "waitrose_prod_name": "John Frieda Violet Crush Shampoo 250ml", "images": []},
{"client": "Waitrose", "time": "2020-09-10 13:08:45", "category": "Shampoo", "id": "tPp051100-25409-25410", "prod_name": "Sheer Blonde Moisturising Shampoo", "waitrose_Qty": "250ml", "waitrose_discounted_price": "£3.99", "waitrose_offer_desc": "Save 1/3.", "waitrose_url": "https://www.waitrose.com/ecom/shop/browse/groceries/toiletries_health_and_beauty/hair_care/shampoo", "waitrose_rating": "3", "waitrose_unit_price": "(£1.60/100ml)", "waitrose_new_flag": null, "waitrose_prod_name": "Sheer Blonde Moisturising Shampoo 250ml", "images": []},
{"client": "Waitrose", "time": "2020-09-10 13:08:45", "category": "Shampoo", "id": "tPp725372-631511-631512", "prod_name": "Hask Moni Coconut Oil Shampoo", "waitrose_Qty": "355ml", "waitrose_discounted_price": "£4.66", "waitrose_offer_desc": "Save 1/3.", "waitrose_url": "https://www.waitrose.com/ecom/shop/browse/groceries/toiletries_health_and_beauty/hair_care/shampoo", "waitrose_rating": null, "waitrose_unit_price": "(£1.32/100ml)", "waitrose_new_flag": null, "waitrose_prod_name": "Hask Moni Coconut Oil Shampoo 355ml", "images": []},
{"client": "Waitrose", "time": "2020-09-10 13:08:45", "category": "Shampoo", "id": "tPp472240-591833-591834", "prod_name": "Herbal Essences Repair Shampoo", "waitrose_Qty": "400ml", "waitrose_discounted_price": "£4.50", "waitrose_offer_desc": null, "waitrose_url": "https://www.waitrose.com/ecom/shop/browse/groceries/toiletries_health_and_beauty/hair_care/shampoo", "waitrose_rating": "5", "waitrose_unit_price": "(£1.13/100ml)", "waitrose_new_flag": null, "waitrose_prod_name": "Herbal Essences Repair Shampoo 400ml", "images": []},
{"client": "Waitrose", "time": "2020-09-10 13:08:45", "category": "Shampoo", "id": "tPp582132-472091-472092", "prod_name": "Ogx Argan Oil Morocco Shampoo", "waitrose_Qty": "385ml", "waitrose_discounted_price": "£7.00", "waitrose_offer_desc": null, "waitrose_url": "https://www.waitrose.com/ecom/shop/browse/groceries/toiletries_health_and_beauty/hair_care/shampoo", "waitrose_rating": "4", "waitrose_unit_price": "(£1.82/100ml)", "waitrose_new_flag": null, "waitrose_prod_name": "Ogx Argan Oil Morocco Shampoo 385ml", "images": []},
{"client": "Waitrose", "time": "2020-09-10 13:08:45", "category": "Shampoo", "id": "tPp844892-695845-695846", "prod_name": "Head & Shoulders Colour Protect", "waitrose_Qty": "400ml", "waitrose_discounted_price": "£3.33", "waitrose_offer_desc": "Save 1/3.", "waitrose_url": "https://www.waitrose.com/ecom/shop/browse/groceries/toiletries_health_and_beauty/hair_care/shampoo", "waitrose_rating": null, "waitrose_unit_price": "(83.3p/100ml)", "waitrose_new_flag": null, "waitrose_prod_name": "Head & Shoulders Colour Protect 400ml", "images": []},
{"client": "Waitrose", "time": "2020-09-10 13:08:45", "category": "Shampoo", "id": "tPp490113-591883-591884", "prod_name": "Herbal Essences Volume Shampoo", "waitrose_Qty": "400ml", "waitrose_discounted_price": "£4.50", "waitrose_offer_desc": null, "waitrose_url": "https://www.waitrose.com/ecom/shop/browse/groceries/toiletries_health_and_beauty/hair_care/shampoo", "waitrose_rating": "5", "waitrose_unit_price": "(£1.13/100ml)", "waitrose_new_flag": null, "waitrose_prod_name": "Herbal Essences Volume Shampoo 400ml", "images": []},
{"client": "Waitrose", "time": "2020-09-10 13:08:45", "category": "Shampoo", "id": "tPp657721-694179-694180", "prod_name": "Pantene 3 in 1 Classic Clean", "waitrose_Qty": "450ml", "waitrose_discounted_price": "£3.75", "waitrose_offer_desc": null, "waitrose_url": "https://www.waitrose.com/ecom/shop/browse/groceries/toiletries_health_and_beauty/hair_care/shampoo", "waitrose_rating": null, "waitrose_unit_price": "(83.3p/100ml)", "waitrose_new_flag": null, "waitrose_prod_name": "Pantene 3 in 1 Classic Clean 450ml", "images": []},
{"client": "Waitrose", "time": "2020-09-10 13:08:45", "category": "Shampoo", "id": "tPp855140-216863-216864", "prod_name": "Ogx Coconut Milk Shampoo", "waitrose_Qty": "385ml", "waitrose_discounted_price": "£7.00", "waitrose_offer_desc": null, "waitrose_url": "https://www.waitrose.com/ecom/shop/browse/groceries/toiletries_health_and_beauty/hair_care/shampoo", "waitrose_rating": "5", "waitrose_unit_price": "(£1.82/100ml)", "waitrose_new_flag": null, "waitrose_prod_name": "Ogx Coconut Milk Shampoo 385ml", "images": []},
{"client": "Waitrose", "time": "2020-09-10 13:08:45", "category": "Shampoo", "id": "tPp757780-107799-107800", "prod_name": "Head & Shoulders 2in1 Classic Clean", "waitrose_Qty": "450ml", "waitrose_discounted_price": "£5.15", "waitrose_offer_desc": null, "waitrose_url": "https://www.waitrose.com/ecom/shop/browse/groceries/toiletries_health_and_beauty/hair_care/shampoo", "waitrose_rating": "4", "waitrose_unit_price": "(£1.15/100ml)", "waitrose_new_flag": null, "waitrose_prod_name": "Head & Shoulders 2in1 Classic Clean 450ml", "images": []},
{"client": "Waitrose", "time": "2020-09-10 13:08:45", "category": "Shampoo", "id": "tPp547359-720175-720176", "prod_name": "Maui Moisture Bamboo Shampoo", "waitrose_Qty": "385ml", "waitrose_discounted_price": "£6.00", "waitrose_offer_desc": "Save 1/3.", "waitrose_url": "https://www.waitrose.com/ecom/shop/browse/groceries/toiletries_health_and_beauty/hair_care/shampoo", "waitrose_rating": "5", "waitrose_unit_price": "(£1.56/100ml)", "waitrose_new_flag": null, "waitrose_prod_name": "Maui Moisture Bamboo Shampoo 385ml", "images": []},
{"client": "Waitrose", "time": "2020-09-10 13:08:45", "category": "Shampoo", "id": "tPp703131-695681-695682", "prod_name": "Head & Shoulders Repair Shampoo", "waitrose_Qty": "400ml", "waitrose_discounted_price": "£3.33", "waitrose_offer_desc": "Save 1/3.", "waitrose_url": "https://www.waitrose.com/ecom/shop/browse/groceries/toiletries_health_and_beauty/hair_care/shampoo", "waitrose_rating": "4", "waitrose_unit_price": "(83.3p/100ml)", "waitrose_new_flag": null, "waitrose_prod_name": "Head & Shoulders Repair Shampoo 400ml", "images": []},
{"client": "Waitrose", "time": "2020-09-10 13:08:45", "category": "Shampoo", "id": "tPp657930-695639-695640", "prod_name": "Noughty Pumped Up Shampoo", "waitrose_Qty": "250ml", "waitrose_discounted_price": "£4.66", "waitrose_offer_desc": "Save 1/3.", "waitrose_url": "https://www.waitrose.com/ecom/shop/browse/groceries/toiletries_health_and_beauty/hair_care/shampoo", "waitrose_rating": "5", "waitrose_unit_price": "(£1.87/100ml)", "waitrose_new_flag": null, "waitrose_prod_name": "Noughty Pumped Up Shampoo 250ml", "images": []},
{"client": "Waitrose", "time": "2020-09-10 13:08:45", "category": "Shampoo", "id": "tPp711086-652694-652695", "prod_name": "Head & Shoulders Supreme Moisture", "waitrose_Qty": "400ml", "waitrose_discounted_price": "£3.43", "waitrose_offer_desc": "Save 1/3.", "waitrose_url": "https://www.waitrose.com/ecom/shop/browse/groceries/toiletries_health_and_beauty/hair_care/shampoo", "waitrose_rating": null, "waitrose_unit_price": "(85.8p/100ml)", "waitrose_new_flag": null, "waitrose_prod_name": "Head & Shoulders Supreme Moisture 400ml", "images": []},
{"client": "Waitrose", "time": "2020-09-10 13:08:45", "category": "Shampoo", "id": "tPp407453-471203-471204", "prod_name": "Ogx Biotin & Collagen Shampoo", "waitrose_Qty": "385ml", "waitrose_discounted_price": "£7.00", "waitrose_offer_desc": null, "waitrose_url": "https://www.waitrose.com/ecom/shop/browse/groceries/toiletries_health_and_beauty/hair_care/shampoo", "waitrose_rating": null, "waitrose_unit_price": "(£1.82/100ml)", "waitrose_new_flag": null, "waitrose_prod_name": "Ogx Biotin & Collagen Shampoo 385ml", "images": []},
{"client": "Waitrose", "time": "2020-09-10 13:08:45", "category": "Shampoo", "id": "tPp435635-694165-694166", "prod_name": "Pantene Classic Clean Shampoo", "waitrose_Qty": "500ml", "waitrose_discounted_price": "£5.15", "waitrose_offer_desc": null, "waitrose_url": "https://www.waitrose.com/ecom/shop/browse/groceries/toiletries_health_and_beauty/hair_care/shampoo", "waitrose_rating": null, "waitrose_unit_price": "(£1.03/100ml)", "waitrose_new_flag": null, "waitrose_prod_name": "Pantene Classic Clean Shampoo 500ml", "images": []},
{"client": "Waitrose", "time": "2020-09-10 13:08:45", "category": "Shampoo", "id": "tPp740653-352034-352035", "prod_name": "essential Waitrose Anti-Dandruff 2 in 1", "waitrose_Qty": "300ml", "waitrose_discounted_price": "£1.00", "waitrose_offer_desc": "Featured Product", "waitrose_url": "https://www.waitrose.com/ecom/shop/browse/groceries/toiletries_health_and_beauty/hair_care/shampoo", "waitrose_rating": "4", "waitrose_unit_price": "(33.3p/100ml)", "waitrose_new_flag": null, "waitrose_prod_name": "essential Waitrose Anti-Dandruff 2 in 1 300ml", "images": []},
{"client": "Waitrose", "time": "2020-09-10 13:08:45", "category": "Shampoo", "id": "tPp755068-720289-720290", "prod_name": "Herbal Essences Aloe Hemp Shampoo", "waitrose_Qty": "380ml", "waitrose_discounted_price": "£4.50", "waitrose_offer_desc": null, "waitrose_url": "https://www.waitrose.com/ecom/shop/browse/groceries/toiletries_health_and_beauty/hair_care/shampoo", "waitrose_rating": null, "waitrose_unit_price": "(£1.19/100ml)", "waitrose_new_flag": null, "waitrose_prod_name": "Herbal Essences Aloe Hemp Shampoo 380ml", "images": []},
{"client": "Waitrose", "time": "2020-09-10 13:08:45", "category": "Shampoo", "id": "tPp464815-154487-154488", "prod_name": "Batiste original dry shampoo", "waitrose_Qty": "200ml", "waitrose_discounted_price": "£3.00", "waitrose_offer_desc": null, "waitrose_url": "https://www.waitrose.com/ecom/shop/browse/groceries/toiletries_health_and_beauty/hair_care/shampoo", "waitrose_rating": "5", "waitrose_unit_price": "(£1.50/100ml)", "waitrose_new_flag": null, "waitrose_prod_name": "Batiste original dry shampoo 200ml", "images": []},
{"client": "Waitrose", "time": "2020-09-10 13:08:45", "category": "Shampoo", "id": "tPp062495-31737-31738", "prod_name": "Neutrogena T/Gel shampoo dry hair", "waitrose_Qty": "125ml", "waitrose_discounted_price": "£5.15", "waitrose_offer_desc": null, "waitrose_url": "https://www.waitrose.com/ecom/shop/browse/groceries/toiletries_health_and_beauty/hair_care/shampoo", "waitrose_rating": null, "waitrose_unit_price": "(£4.12/100ml)", "waitrose_new_flag": null, "waitrose_prod_name": "Neutrogena T/Gel shampoo dry hair 125ml", "images": []},
{"client": "Waitrose", "time": "2020-09-10 13:08:45", "category": "Shampoo", "id": "tPp884562-720413-720414", "prod_name": "Maui Moisture Shea Butter Shampoo", "waitrose_Qty": "385ml", "waitrose_discounted_price": "£6.00", "waitrose_offer_desc": "Save 1/3.", "waitrose_url": "https://www.waitrose.com/ecom/shop/browse/groceries/toiletries_health_and_beauty/hair_care/shampoo", "waitrose_rating": null, "waitrose_unit_price": "(£1.56/100ml)", "waitrose_new_flag": null, "waitrose_prod_name": "Maui Moisture Shea Butter Shampoo 385ml", "images": []},
{"client": "Waitrose", "time": "2020-09-10 13:08:45", "category": "Shampoo", "id": "tPp808436-720325-720326", "prod_name": "Hask Biotin Boost Shampoo", "waitrose_Qty": "355ml", "waitrose_discounted_price": "£4.66", "waitrose_offer_desc": "Save 1/3.", "waitrose_url": "https://www.waitrose.com/ecom/shop/browse/groceries/toiletries_health_and_beauty/hair_care/shampoo", "waitrose_rating": null, "waitrose_unit_price": "(£1.32/100ml)", "waitrose_new_flag": null, "waitrose_prod_name": "Hask Biotin Boost Shampoo 355ml", "images": []},
{"client": "Waitrose", "time": "2020-09-10 13:08:45", "category": "Shampoo", "id": "tPp645178-695617-695618", "prod_name": "John Frieda Shampoo Weightless Wonder", "waitrose_Qty": "250ml", "waitrose_discounted_price": "£3.99", "waitrose_offer_desc": "Save 1/3.", "waitrose_url": "https://www.waitrose.com/ecom/shop/browse/groceries/toiletries_health_and_beauty/hair_care/shampoo", "waitrose_rating": "4.6", "waitrose_unit_price": "(£1.60/100ml)", "waitrose_new_flag": null, "waitrose_prod_name": "John Frieda Shampoo Weightless Wonder 250ml", "images": []},
{"client": "Waitrose", "time": "2020-09-10 13:08:45", "category": "Shampoo", "id": "tPp530991-695493-695494", "prod_name": "John Frieda Shampoo Detox & Repair", "waitrose_Qty": "250ml", "waitrose_discounted_price": "£3.99", "waitrose_offer_desc": "Save 1/3.", "waitrose_url": "https://www.waitrose.com/ecom/shop/browse/groceries/toiletries_health_and_beauty/hair_care/shampoo", "waitrose_rating": null, "waitrose_unit_price": "(£1.60/100ml)", "waitrose_new_flag": null, "waitrose_prod_name": "John Frieda Shampoo Detox & Repair 250ml", "images": []},
{"client": "Waitrose", "time": "2020-09-10 13:08:45", "category": "Shampoo", "id": "tPp836753-694201-694202", "prod_name": "Pantene Volume & Body Shampoo", "waitrose_Qty": "500ml", "waitrose_discounted_price": "£5.15", "waitrose_offer_desc": null, "waitrose_url": "https://www.waitrose.com/ecom/shop/browse/groceries/toiletries_health_and_beauty/hair_care/shampoo", "waitrose_rating": null, "waitrose_unit_price": "(£1.03/100ml)", "waitrose_new_flag": null, "waitrose_prod_name": "Pantene Volume & Body Shampoo 500ml", "images": []},
{"client": "Waitrose", "time": "2020-09-10 13:08:45", "category": "Shampoo", "id": "tPp649492-695625-695626", "prod_name": "Vosene Kids 2in1 Melon Shampoo", "waitrose_Qty": "250ml", "waitrose_discounted_price": "£1.33", "waitrose_offer_desc": "Save 1/3.", "waitrose_url": "https://www.waitrose.com/ecom/shop/browse/groceries/toiletries_health_and_beauty/hair_care/shampoo", "waitrose_rating": null, "waitrose_unit_price": "(53.2p/100ml)", "waitrose_new_flag": null, "waitrose_prod_name": "Vosene Kids 2in1 Melon Shampoo 250ml", "images": []},
{"client": "Waitrose", "time": "2020-09-10 13:08:45", "category": "Shampoo", "id": "tPp631829-695597-695598", "prod_name": "Noughty Detox Dynamo Shampoo", "waitrose_Qty": "250ml", "waitrose_discounted_price": "£4.66", "waitrose_offer_desc": "Save 1/3.", "waitrose_url": "https://www.waitrose.com/ecom/shop/browse/groceries/toiletries_health_and_beauty/hair_care/shampoo", "waitrose_rating": null, "waitrose_unit_price": "(£1.87/100ml)", "waitrose_new_flag": null, "waitrose_prod_name": "Noughty Detox Dynamo Shampoo 250ml", "images": []},
{"client": "Waitrose", "time": "2020-09-10 13:08:45", "category": "Shampoo", "id": "tPp839781-154875-154876", "prod_name": "Aussie miracle moist shampoo", "waitrose_Qty": "500ml", "waitrose_discounted_price": "£6.15", "waitrose_offer_desc": null, "waitrose_url": "https://www.waitrose.com/ecom/shop/browse/groceries/toiletries_health_and_beauty/hair_care/shampoo", "waitrose_rating": null, "waitrose_unit_price": "(£1.23/100ml)", "waitrose_new_flag": null, "waitrose_prod_name": "Aussie miracle moist shampoo 500ml", "images": []},
{"client": "Waitrose", "time": "2020-09-10 13:08:45", "category": "Shampoo", "id": "tPp824583-694195-694196", "prod_name": "Pantene Repair & Protect Shampoo", "waitrose_Qty": "500ml", "waitrose_discounted_price": "£3.75", "waitrose_offer_desc": null, "waitrose_url": "https://www.waitrose.com/ecom/shop/browse/groceries/toiletries_health_and_beauty/hair_care/shampoo", "waitrose_rating": null, "waitrose_unit_price": "(75p/100ml)", "waitrose_new_flag": null, "waitrose_prod_name": "Pantene Repair & Protect Shampoo 500ml", "images": []},
{"client": "Waitrose", "time": "2020-09-10 13:08:45", "category": "Shampoo", "id": "tPp581617-694173-694174", "prod_name": "Pantene Colour Protect Shampoo", "waitrose_Qty": "500ml", "waitrose_discounted_price": "£5.15", "waitrose_offer_desc": null, "waitrose_url": "https://www.waitrose.com/ecom/shop/browse/groceries/toiletries_health_and_beauty/hair_care/shampoo", "waitrose_rating": null, "waitrose_unit_price": "(£1.03/100ml)", "waitrose_new_flag": null, "waitrose_prod_name": "Pantene Colour Protect Shampoo 500ml", "images": []},
{"client": "Waitrose", "time": "2020-09-10 13:08:45", "category": "Shampoo", "id": "tPp047805-23664-23665", "prod_name": "Avalon Organics tea tree shampoo", "waitrose_Qty": "325ml", "waitrose_discounted_price": "£7.00", "waitrose_offer_desc": null, "waitrose_url": "https://www.waitrose.com/ecom/shop/browse/groceries/toiletries_health_and_beauty/hair_care/shampoo", "waitrose_rating": "4.9", "waitrose_unit_price": "(£2.16/100ml)", "waitrose_new_flag": null, "waitrose_prod_name": "Avalon Organics tea tree shampoo 325ml", "images": []},
{"client": "Waitrose", "time": "2020-09-10 13:08:45", "category": "Shampoo", "id": "tPp492466-631281-631282", "prod_name": "Hask Keratin Protein Smoothing Shampoo", "waitrose_Qty": "355ml", "waitrose_discounted_price": "£4.66", "waitrose_offer_desc": "Save 1/3.", "waitrose_url": "https://www.waitrose.com/ecom/shop/browse/groceries/toiletries_health_and_beauty/hair_care/shampoo", "waitrose_rating": null, "waitrose_unit_price": "(£1.32/100ml)", "waitrose_new_flag": null, "waitrose_prod_name": "Hask Keratin Protein Smoothing Shampoo 355ml", "images": []},
{"client": "Waitrose", "time": "2020-09-10 13:08:45", "category": "Shampoo", "id": "tPp807825-473364-473365", "prod_name": "SenSpa Deep Cleanse Shampoo", "waitrose_Qty": "250ml", "waitrose_discounted_price": "£4.00", "waitrose_offer_desc": "Save 1/3.", "waitrose_url": "https://www.waitrose.com/ecom/shop/browse/groceries/toiletries_health_and_beauty/hair_care/shampoo", "waitrose_rating": "3.7", "waitrose_unit_price": "(£1.60/100ml)", "waitrose_new_flag": null, "waitrose_prod_name": "SenSpa Deep Cleanse Shampoo 250ml", "images": []},
{"client": "Waitrose", "time": "2020-09-10 13:08:45", "category": "Shampoo", "id": "tPp791725-375655-375656", "prod_name": "Ogx Kukuí Oil Shampoo", "waitrose_Qty": "385ml", "waitrose_discounted_price": "£7.00", "waitrose_offer_desc": null, "waitrose_url": "https://www.waitrose.com/ecom/shop/browse/groceries/toiletries_health_and_beauty/hair_care/shampoo", "waitrose_rating": "5", "waitrose_unit_price": "(£1.82/100ml)", "waitrose_new_flag": null, "waitrose_prod_name": "Ogx Kukuí Oil Shampoo 385ml", "images": []},
{"client": "Waitrose", "time": "2020-09-10 13:08:45", "category": "Shampoo", "id": "tPp711843-717497-717498", "prod_name": "L'Oreal Elvive Colour Shampoo", "waitrose_Qty": "400ml", "waitrose_discounted_price": "£3.75", "waitrose_offer_desc": null, "waitrose_url": "https://www.waitrose.com/ecom/shop/browse/groceries/toiletries_health_and_beauty/hair_care/shampoo", "waitrose_rating": null, "waitrose_unit_price": "(93.8p/100ml)", "waitrose_new_flag": null, "waitrose_prod_name": "L'Oreal Elvive Colour Shampoo 400ml", "images": []},
{"client": "Waitrose", "time": "2020-09-10 13:08:45", "category": "Shampoo", "id": "tPp853982-154925-154926", "prod_name": "Batiste blush dry shampoo", "waitrose_Qty": "200ml", "waitrose_discounted_price": "£3.00", "waitrose_offer_desc": null, "waitrose_url": "https://www.waitrose.com/ecom/shop/browse/groceries/toiletries_health_and_beauty/hair_care/shampoo", "waitrose_rating": "4", "waitrose_unit_price": "(£1.50/100ml)", "waitrose_new_flag": null, "waitrose_prod_name": "Batiste blush dry shampoo 200ml", "images": []},
{"client": "Waitrose", "time": "2020-09-10 13:08:45", "category": "Shampoo", "id": "tPp453160-695433-695434", "prod_name": "Argan+ Long & Strong Shampoo", "waitrose_Qty": "300ml", "waitrose_discounted_price": "£4.00", "waitrose_offer_desc": "Save 1/3.", "waitrose_url": "https://www.waitrose.com/ecom/shop/browse/groceries/toiletries_health_and_beauty/hair_care/shampoo", "waitrose_rating": null, "waitrose_unit_price": "(£1.34/100ml)", "waitrose_new_flag": null, "waitrose_prod_name": "Argan+ Long & Strong Shampoo 300ml", "images": []},
{"client": "Waitrose", "time": "2020-09-10 13:08:45", "category": "Shampoo", "id": "tPp752186-631541-631542", "prod_name": "Ogx Coconut OIl Shampoo", "waitrose_Qty": "385ml", "waitrose_discounted_price": "£7.00", "waitrose_offer_desc": null, "waitrose_url": "https://www.waitrose.com/ecom/shop/browse/groceries/toiletries_health_and_beauty/hair_care/shampoo", "waitrose_rating": null, "waitrose_unit_price": "(£1.82/100ml)", "waitrose_new_flag": null, "waitrose_prod_name": "Ogx Coconut OIl Shampoo 385ml", "images": []},
{"client": "Waitrose", "time": "2020-09-10 13:08:45", "category": "Shampoo", "id": "tPp427668-591713-591714", "prod_name": "Herbal Essences Hydrate Shampoo", "waitrose_Qty": "400ml", "waitrose_discounted_price": "£4.50", "waitrose_offer_desc": null, "waitrose_url": "https://www.waitrose.com/ecom/shop/browse/groceries/toiletries_health_and_beauty/hair_care/shampoo", "waitrose_rating": "5", "waitrose_unit_price": "(£1.13/100ml)", "waitrose_new_flag": null, "waitrose_prod_name": "Herbal Essences Hydrate Shampoo 400ml", "images": []},
{"client": "Waitrose", "time": "2020-09-10 13:08:45", "category": "Shampoo", "id": "tPp662395-154665-154666", "prod_name": "Aussie colour mate shampoo", "waitrose_Qty": "500ml", "waitrose_discounted_price": "£6.15", "waitrose_offer_desc": null, "waitrose_url": "https://www.waitrose.com/ecom/shop/browse/groceries/toiletries_health_and_beauty/hair_care/shampoo", "waitrose_rating": null, "waitrose_unit_price": "(£1.23/100ml)", "waitrose_new_flag": null, "waitrose_prod_name": "Aussie colour mate shampoo 500ml", "images": []},
{"client": "Waitrose", "time": "2020-09-10 13:08:45", "category": "Shampoo", "id": "tPp686838-346630-346631", "prod_name": "Richard Ward argan antiageing shampoo", "waitrose_Qty": "250ml", "waitrose_discounted_price": "£6.00", "waitrose_offer_desc": null, "waitrose_url": "https://www.waitrose.com/ecom/shop/browse/groceries/toiletries_health_and_beauty/hair_care/shampoo", "waitrose_rating": "4.1", "waitrose_unit_price": "(£2.40/100ml)", "waitrose_new_flag": null, "waitrose_prod_name": "Richard Ward argan antiageing shampoo 250ml", "images": []},
{"client": "Waitrose", "time": "2020-09-10 13:08:45", "category": "Shampoo", "id": "tPp486943-68769-68770", "prod_name": "Head & Shoulders 2in1 classic clean", "waitrose_Qty": "225ml", "waitrose_discounted_price": "£3.00", "waitrose_offer_desc": null, "waitrose_url": "https://www.waitrose.com/ecom/shop/browse/groceries/toiletries_health_and_beauty/hair_care/shampoo", "waitrose_rating": "4", "waitrose_unit_price": "(£1.34/100ml)", "waitrose_new_flag": null, "waitrose_prod_name": "Head & Shoulders 2in1 classic clean 225ml", "images": []},
{"client": "Waitrose", "time": "2020-09-10 13:08:45", "category": "Shampoo", "id": "tPp432893-216691-216692", "prod_name": "Head & Shoulders Shampoo Apple Fresh", "waitrose_Qty": "500ml", "waitrose_discounted_price": "£5.15", "waitrose_offer_desc": null, "waitrose_url": "https://www.waitrose.com/ecom/shop/browse/groceries/toiletries_health_and_beauty/hair_care/shampoo", "waitrose_rating": null, "waitrose_unit_price": "(£1.03/100ml)", "waitrose_new_flag": null, "waitrose_prod_name": "Head & Shoulders Shampoo Apple Fresh 500ml", "images": []},
{"client": "Waitrose", "time": "2020-09-10 13:08:45", "category": "Shampoo", "id": "tPp882824-154983-154984", "prod_name": "Head & Shoulders itchy scalp shampoo", "waitrose_Qty": "500ml", "waitrose_discounted_price": "£5.15", "waitrose_offer_desc": null, "waitrose_url": "https://www.waitrose.com/ecom/shop/browse/groceries/toiletries_health_and_beauty/hair_care/shampoo", "waitrose_rating": "5", "waitrose_unit_price": "(£1.03/100ml)", "waitrose_new_flag": null, "waitrose_prod_name": "Head & Shoulders itchy scalp shampoo 500ml", "images": []},
{"client": "Waitrose", "time": "2020-09-10 13:08:45", "category": "Shampoo", "id": "tPp603087-695555-695556", "prod_name": "Noughty Colour Bomb Shampoo", "waitrose_Qty": "250ml", "waitrose_discounted_price": "£4.66", "waitrose_offer_desc": "Save 1/3.", "waitrose_url": "https://www.waitrose.com/ecom/shop/browse/groceries/toiletries_health_and_beauty/hair_care/shampoo", "waitrose_rating": "3", "waitrose_unit_price": "(£1.87/100ml)", "waitrose_new_flag": null, "waitrose_prod_name": "Noughty Colour Bomb Shampoo 250ml", "images": []},
{"client": "Waitrose", "time": "2020-09-10 13:08:45", "category": "Shampoo", "id": "tPp735751-154731-154732", "prod_name": "Aussie aussome volume shampoo", "waitrose_Qty": "500ml", "waitrose_discounted_price": "£6.10", "waitrose_offer_desc": null, "waitrose_url": "https://www.waitrose.com/ecom/shop/browse/groceries/toiletries_health_and_beauty/hair_care/shampoo", "waitrose_rating": null, "waitrose_unit_price": "(£1.22/100ml)", "waitrose_new_flag": null, "waitrose_prod_name": "Aussie aussome volume shampoo 500ml", "images": []},
{"client": "Waitrose", "time": "2020-09-10 13:08:45", "category": "Shampoo", "id": "tPp821139-694191-694192", "prod_name": "Pantene Smooth & Sleek Shampoo", "waitrose_Qty": "500ml", "waitrose_discounted_price": "£5.15", "waitrose_offer_desc": null, "waitrose_url": "https://www.waitrose.com/ecom/shop/browse/groceries/toiletries_health_and_beauty/hair_care/shampoo", "waitrose_rating": null, "waitrose_unit_price": "(£1.03/100ml)", "waitrose_new_flag": null, "waitrose_prod_name": "Pantene Smooth & Sleek Shampoo 500ml", "images": []},
{"client": "Waitrose", "time": "2020-09-10 13:08:45", "category": "Shampoo", "id": "tPp756229-563906-563907", "prod_name": "Head & Shoulders 2 in 1 Total Care", "waitrose_Qty": "225ml", "waitrose_discounted_price": "£3.00", "waitrose_offer_desc": null, "waitrose_url": "https://www.waitrose.com/ecom/shop/browse/groceries/toiletries_health_and_beauty/hair_care/shampoo", "waitrose_rating": null, "waitrose_unit_price": "(£1.34/100ml)", "waitrose_new_flag": null, "waitrose_prod_name": "Head & Shoulders 2 in 1 Total Care 225ml", "images": []},
{"client": "Waitrose", "time": "2020-09-10 13:08:45", "category": "Shampoo", "id": "tPp527154-720165-720166", "prod_name": "Maui Moisture Hibiscus Water", "waitrose_Qty": "385ml", "waitrose_discounted_price": "£6.00", "waitrose_offer_desc": "Save 1/3.", "waitrose_url": "https://www.waitrose.com/ecom/shop/browse/groceries/toiletries_health_and_beauty/hair_care/shampoo", "waitrose_rating": null, "waitrose_unit_price": "(£1.56/100ml)", "waitrose_new_flag": null, "waitrose_prod_name": "Maui Moisture Hibiscus Water 385ml", "images": []},
{"client": "Waitrose", "time": "2020-09-10 13:08:45", "category": "Shampoo", "id": "tPp810302-683828-683829", "prod_name": "Herbal Essences Deep Repair Shampoo", "waitrose_Qty": "400ml", "waitrose_discounted_price": "£4.50", "waitrose_offer_desc": null, "waitrose_url": "https://www.waitrose.com/ecom/shop/browse/groceries/toiletries_health_and_beauty/hair_care/shampoo", "waitrose_rating": null, "waitrose_unit_price": "(£1.13/100ml)", "waitrose_new_flag": null, "waitrose_prod_name": "Herbal Essences Deep Repair Shampoo 400ml", "images": []},
{"client": "Waitrose", "time": "2020-09-10 13:08:45", "category": "Shampoo", "id": "tPp816738-442231-442232", "prod_name": "SensSpa Nourishing Shampoo", "waitrose_Qty": "250ml", "waitrose_discounted_price": "£4.00", "waitrose_offer_desc": "Save 1/3.", "waitrose_url": "https://www.waitrose.com/ecom/shop/browse/groceries/toiletries_health_and_beauty/hair_care/shampoo", "waitrose_rating": "2.6", "waitrose_unit_price": "(£1.60/100ml)", "waitrose_new_flag": null, "waitrose_prod_name": "SensSpa Nourishing Shampoo 250ml", "images": []},
{"client": "Waitrose", "time": "2020-09-10 13:08:45", "category": "Shampoo", "id": "tPp586765-735804-735805", "prod_name": "L'Oreal Elvive Restoring Shampoo", "waitrose_Qty": "400ml", "waitrose_discounted_price": "£3.75", "waitrose_offer_desc": null, "waitrose_url": "https://www.waitrose.com/ecom/shop/browse/groceries/toiletries_health_and_beauty/hair_care/shampoo", "waitrose_rating": null, "waitrose_unit_price": "(93.8p/100ml)", "waitrose_new_flag": "NEW", "waitrose_prod_name": "L'Oreal Elvive Restoring Shampoo 400ml", "images": []},
{"client": "Waitrose", "time": "2020-09-10 13:08:45", "category": "Shampoo", "id": "tPp027940-13599-13600", "prod_name": "Avalon Organics lemon shampoo", "waitrose_Qty": "325ml", "waitrose_discounted_price": "£7.00", "waitrose_offer_desc": null, "waitrose_url": "https://www.waitrose.com/ecom/shop/browse/groceries/toiletries_health_and_beauty/hair_care/shampoo", "waitrose_rating": "3.6", "waitrose_unit_price": "(£2.16/100ml)", "waitrose_new_flag": null, "waitrose_prod_name": "Avalon Organics lemon shampoo 325ml", "images": []},
{"client": "Waitrose", "time": "2020-09-10 13:08:45", "category": "Shampoo", "id": "tPp626001-88825-88826", "prod_name": "Head & Shoulders Shampoo Citrus Fresh", "waitrose_Qty": "500ml", "waitrose_discounted_price": "£5.15", "waitrose_offer_desc": null, "waitrose_url": "https://www.waitrose.com/ecom/shop/browse/groceries/toiletries_health_and_beauty/hair_care/shampoo", "waitrose_rating": null, "waitrose_unit_price": "(£1.03/100ml)", "waitrose_new_flag": null, "waitrose_prod_name": "Head & Shoulders Shampoo Citrus Fresh 500ml", "images": []},
{"client": "Waitrose", "time": "2020-09-10 13:08:45", "category": "Shampoo", "id": "tPp852396-695857-695858", "prod_name": "BECO. Honey Blossom Shampoo Bar", "waitrose_Qty": "90g", "waitrose_discounted_price": "£4.00", "waitrose_offer_desc": null, "waitrose_url": "https://www.waitrose.com/ecom/shop/browse/groceries/toiletries_health_and_beauty/hair_care/shampoo", "waitrose_rating": "4.9", "waitrose_unit_price": "(£4.45/100g)", "waitrose_new_flag": null, "waitrose_prod_name": "BECO. Honey Blossom Shampoo Bar 90g", "images": []},
{"client": "Waitrose", "time": "2020-09-10 13:08:45", "category": "Shampoo", "id": "tPp829437-695831-695832", "prod_name": "Umberto Giannini Grow Long Shampoo", "waitrose_Qty": "250ml", "waitrose_discounted_price": "£8.00", "waitrose_offer_desc": "Mix & Match Add 3 for 2 Cheapest Item Free", "waitrose_url": "https://www.waitrose.com/ecom/shop/browse/groceries/toiletries_health_and_beauty/hair_care/shampoo", "waitrose_rating": "5", "waitrose_unit_price": "(£3.20/100ml)", "waitrose_new_flag": null, "waitrose_prod_name": "Umberto Giannini Grow Long Shampoo 250ml", "images": []},
{"client": "Waitrose", "time": "2020-09-10 13:08:45", "category": "Shampoo", "id": "tPp886458-216893-216894", "prod_name": "Ogx Brazilian Keratin Shampoo", "waitrose_Qty": "385ml", "waitrose_discounted_price": "£7.00", "waitrose_offer_desc": null, "waitrose_url": "https://www.waitrose.com/ecom/shop/browse/groceries/toiletries_health_and_beauty/hair_care/shampoo", "waitrose_rating": "5", "waitrose_unit_price": "(£1.82/100ml)", "waitrose_new_flag": null, "waitrose_prod_name": "Ogx Brazilian Keratin Shampoo 385ml", "images": []},
{"client": "Waitrose", "time": "2020-09-10 13:08:45", "category": "Shampoo", "id": "tPp627460-154629-154630", "prod_name": "Aussie mega shampoo", "waitrose_Qty": "500ml", "waitrose_discounted_price": "£6.15", "waitrose_offer_desc": null, "waitrose_url": "https://www.waitrose.com/ecom/shop/browse/groceries/toiletries_health_and_beauty/hair_care/shampoo", "waitrose_rating": "3.8", "waitrose_unit_price": "(£1.23/100ml)", "waitrose_new_flag": null, "waitrose_prod_name": "Aussie mega shampoo 500ml", "images": []},
{"client": "Waitrose", "time": "2020-09-10 13:08:45", "category": "Shampoo", "id": "tPp867514-720387-720388", "prod_name": "Head & Shoulders Coconut Shampoo", "waitrose_Qty": "500ml", "waitrose_discounted_price": "£5.00", "waitrose_offer_desc": null, "waitrose_url": "https://www.waitrose.com/ecom/shop/browse/groceries/toiletries_health_and_beauty/hair_care/shampoo", "waitrose_rating": null, "waitrose_unit_price": "(£1/100ml)", "waitrose_new_flag": null, "waitrose_prod_name": "Head & Shoulders Coconut Shampoo 500ml", "images": []},
{"client": "Waitrose", "time": "2020-09-10 13:08:45", "category": "Shampoo", "id": "tPp484035-715885-715886", "prod_name": "L'Oreal Elvive Oil Nourishing Shampoo", "waitrose_Qty": "400ml", "waitrose_discounted_price": "£3.75", "waitrose_offer_desc": null, "waitrose_url": "https://www.waitrose.com/ecom/shop/browse/groceries/toiletries_health_and_beauty/hair_care/shampoo", "waitrose_rating": null, "waitrose_unit_price": "(93.8p/100ml)", "waitrose_new_flag": null, "waitrose_prod_name": "L'Oreal Elvive Oil Nourishing Shampoo 400ml", "images": []},
{"client": "Waitrose", "time": "2020-09-10 13:08:45", "category": "Shampoo", "id": "tPp868154-695990-695991", "prod_name": "Hair Biology Purple Shampoo", "waitrose_Qty": "250ml", "waitrose_discounted_price": "£4.50", "waitrose_offer_desc": null, "waitrose_url": "https://www.waitrose.com/ecom/shop/browse/groceries/toiletries_health_and_beauty/hair_care/shampoo", "waitrose_rating": null, "waitrose_unit_price": "(£1.80/100ml)", "waitrose_new_flag": null, "waitrose_prod_name": "Hair Biology Purple Shampoo 250ml", "images": []},
{"client": "Waitrose", "time": "2020-09-10 13:08:45", "category": "Shampoo", "id": "tPp032765-16025-16026", "prod_name": "L'Oréal kids shampoo berry strawberry", "waitrose_Qty": "250ml", "waitrose_discounted_price": "£2.00", "waitrose_offer_desc": null, "waitrose_url": "https://www.waitrose.com/ecom/shop/browse/groceries/toiletries_health_and_beauty/hair_care/shampoo", "waitrose_rating": null, "waitrose_unit_price": "(80p/100ml)", "waitrose_new_flag": null, "waitrose_prod_name": "L'Oréal kids shampoo berry strawberry 250ml", "images": []},
{"client": "Waitrose", "time": "2020-09-10 13:08:45", "category": "Shampoo", "id": "tPp778297-720309-720310", "prod_name": "Pantene Grow Strong Shampoo", "waitrose_Qty": "400ml", "waitrose_discounted_price": "£3.75", "waitrose_offer_desc": null, "waitrose_url": "https://www.waitrose.com/ecom/shop/browse/groceries/toiletries_health_and_beauty/hair_care/shampoo", "waitrose_rating": null, "waitrose_unit_price": "(93.8p/100ml)", "waitrose_new_flag": null, "waitrose_prod_name": "Pantene Grow Strong Shampoo 400ml", "images": []},
{"client": "Waitrose", "time": "2020-09-10 13:08:45", "category": "Shampoo", "id": "tPp790782-694215-694216", "prod_name": "Pantene 3in1 Smooth & Sleek", "waitrose_Qty": "450ml", "waitrose_discounted_price": "£3.75", "waitrose_offer_desc": null, "waitrose_url": "https://www.waitrose.com/ecom/shop/browse/groceries/toiletries_health_and_beauty/hair_care/shampoo", "waitrose_rating": null, "waitrose_unit_price": "(83.3p/100ml)", "waitrose_new_flag": null, "waitrose_prod_name": "Pantene 3in1 Smooth & Sleek 450ml", "images": []},
{"client": "Waitrose", "time": "2020-09-10 13:08:45", "category": "Shampoo", "id": "tPp554742-695503-695504", "prod_name": "Umberto Giannini Violet Shampoo", "waitrose_Qty": "250ml", "waitrose_discounted_price": "£8.00", "waitrose_offer_desc": "Mix & Match Add 3 for 2 Cheapest Item Free", "waitrose_url": "https://www.waitrose.com/ecom/shop/browse/groceries/toiletries_health_and_beauty/hair_care/shampoo", "waitrose_rating": null, "waitrose_unit_price": "(£3.20/100ml)", "waitrose_new_flag": null, "waitrose_prod_name": "Umberto Giannini Violet Shampoo 250ml", "images": []},
{"client": "Waitrose", "time": "2020-09-10 13:08:45", "category": "Shampoo", "id": "tPp567427-683666-683667", "prod_name": "Ogx Charcoal Detox Shampoo", "waitrose_Qty": "385ml", "waitrose_discounted_price": "£7.00", "waitrose_offer_desc": null, "waitrose_url": "https://www.waitrose.com/ecom/shop/browse/groceries/toiletries_health_and_beauty/hair_care/shampoo", "waitrose_rating": null, "waitrose_unit_price": "(£1.82/100ml)", "waitrose_new_flag": null, "waitrose_prod_name": "Ogx Charcoal Detox Shampoo 385ml", "images": []},
{"client": "Waitrose", "time": "2020-09-10 13:08:45", "category": "Shampoo", "id": "tPp480728-631267-631268", "prod_name": "Ogx Orchid Oil Shampoo", "waitrose_Qty": "385ml", "waitrose_discounted_price": "£7.00", "waitrose_offer_desc": null, "waitrose_url": "https://www.waitrose.com/ecom/shop/browse/groceries/toiletries_health_and_beauty/hair_care/shampoo", "waitrose_rating": "5", "waitrose_unit_price": "(£1.82/100ml)", "waitrose_new_flag": null, "waitrose_prod_name": "Ogx Orchid Oil Shampoo 385ml", "images": []},
{"client": "Waitrose", "time": "2020-09-10 13:08:45", "category": "Shampoo", "id": "tPp076232-38732-38733", "prod_name": "AOrganic Lavender Shampoo", "waitrose_Qty": "325ml", "waitrose_discounted_price": "£7.00", "waitrose_offer_desc": null, "waitrose_url": "https://www.waitrose.com/ecom/shop/browse/groceries/toiletries_health_and_beauty/hair_care/shampoo", "waitrose_rating": "3.8", "waitrose_unit_price": "(£2.16/100ml)", "waitrose_new_flag": null, "waitrose_prod_name": "AOrganic Lavender Shampoo 325ml", "images": []},
{"client": "Waitrose", "time": "2020-09-10 13:08:45", "category": "Shampoo", "id": "tPp724972-694185-694186", "prod_name": "Pantene 3in1 Repair & Protect", "waitrose_Qty": "450ml", "waitrose_discounted_price": "£3.75", "waitrose_offer_desc": null, "waitrose_url": "https://www.waitrose.com/ecom/shop/browse/groceries/toiletries_health_and_beauty/hair_care/shampoo", "waitrose_rating": null, "waitrose_unit_price": "(83.3p/100ml)", "waitrose_new_flag": null, "waitrose_prod_name": "Pantene 3in1 Repair & Protect 450ml", "images": []},
{"client": "Waitrose", "time": "2020-09-10 13:08:45", "category": "Shampoo", "id": "tPp698673-735854-735855", "prod_name": "Pantene Pro V Rose Water Shampoo", "waitrose_Qty": "225ml", "waitrose_discounted_price": "£3.75", "waitrose_offer_desc": null, "waitrose_url": "https://www.waitrose.com/ecom/shop/browse/groceries/toiletries_health_and_beauty/hair_care/shampoo", "waitrose_rating": null, "waitrose_unit_price": "(£1.67/100ml)", "waitrose_new_flag": "NEW", "waitrose_prod_name": "Pantene Pro V Rose Water Shampoo 225ml", "images": []},
{"client": "Waitrose", "time": "2020-09-10 13:08:45", "category": "Shampoo", "id": "tPp405353-729640-729641", "prod_name": "Percy & Reed No-Fuss Dry Shampoo", "waitrose_Qty": "200ml", "waitrose_discounted_price": "£15.00", "waitrose_offer_desc": null, "waitrose_url": "https://www.waitrose.com/ecom/shop/browse/groceries/toiletries_health_and_beauty/hair_care/shampoo", "waitrose_rating": "3.8", "waitrose_unit_price": "(£7.50/100ml)", "waitrose_new_flag": null, "waitrose_prod_name": "Percy & Reed No-Fuss Dry Shampoo 200ml", "images": []},
{"client": "Waitrose", "time": "2020-09-10 13:08:45", "category": "Shampoo", "id": "tPp820157-724089-724090", "prod_name": "Eco Warrior Shampoo Bar", "waitrose_Qty": "100g", "waitrose_discounted_price": "£4.50", "waitrose_offer_desc": null, "waitrose_url": "https://www.waitrose.com/ecom/shop/browse/groceries/toiletries_health_and_beauty/hair_care/shampoo", "waitrose_rating": null, "waitrose_unit_price": "(£4.50/100g)", "waitrose_new_flag": null, "waitrose_prod_name": "Eco Warrior Shampoo Bar 100g", "images": []},
{"client": "Waitrose", "time": "2020-09-10 13:08:45", "category": "Shampoo", "id": "tPp812614-707138-707139", "prod_name": "Beco Spring Meadow Shampoo Bar", "waitrose_Qty": "90g", "waitrose_discounted_price": "£4.00", "waitrose_offer_desc": null, "waitrose_url": "https://www.waitrose.com/ecom/shop/browse/groceries/toiletries_health_and_beauty/hair_care/shampoo", "waitrose_rating": "3.3", "waitrose_unit_price": "(£4.45/100g)", "waitrose_new_flag": null, "waitrose_prod_name": "Beco Spring Meadow Shampoo Bar 90g", "images": []},
{"client": "Waitrose", "time": "2020-09-10 13:08:45", "category": "Shampoo", "id": "tPp426973-298983-298984", "prod_name": "Head & Shoulders 2in1 Apple Fresh", "waitrose_Qty": "450ml", "waitrose_discounted_price": "£5.00", "waitrose_offer_desc": null, "waitrose_url": "https://www.waitrose.com/ecom/shop/browse/groceries/toiletries_health_and_beauty/hair_care/shampoo", "waitrose_rating": null, "waitrose_unit_price": "(£1.12/100ml)", "waitrose_new_flag": null, "waitrose_prod_name": "Head & Shoulders 2in1 Apple Fresh 450ml", "images": []},
{"client": "Waitrose", "time": "2020-09-10 13:08:45", "category": "Shampoo", "id": "tPp714629-729752-729753", "prod_name": "OGX Keratin Oil Shampoo", "waitrose_Qty": "385ml", "waitrose_discounted_price": "£7.00", "waitrose_offer_desc": null, "waitrose_url": "https://www.waitrose.com/ecom/shop/browse/groceries/toiletries_health_and_beauty/hair_care/shampoo", "waitrose_rating": null, "waitrose_unit_price": "(£1.82/100ml)", "waitrose_new_flag": null, "waitrose_prod_name": "OGX Keratin Oil Shampoo 385ml", "images": []},
{"client": "Waitrose", "time": "2020-09-10 13:08:45", "category": "Shampoo", "id": "tPp567481-719558-719559", "prod_name": "Fit Kit Gentle Shampoo &Conditioner", "waitrose_Qty": "200ml", "waitrose_discounted_price": "£4.00", "waitrose_offer_desc": null, "waitrose_url": "https://www.waitrose.com/ecom/shop/browse/groceries/toiletries_health_and_beauty/hair_care/shampoo", "waitrose_rating": "5", "waitrose_unit_price": "(£2/100ml)", "waitrose_new_flag": null, "waitrose_prod_name": "Fit Kit Gentle Shampoo &Conditioner 200ml", "images": []},
{"client": "Waitrose", "time": "2020-09-10 13:08:45", "category": "Shampoo", "id": "tPp888765-695909-695910", "prod_name": "Umberto Giannini Curl Jelly Wash", "waitrose_Qty": "250ml", "waitrose_discounted_price": "£8.00", "waitrose_offer_desc": "Mix & Match Add 3 for 2 Cheapest Item Free", "waitrose_url": "https://www.waitrose.com/ecom/shop/browse/groceries/toiletries_health_and_beauty/hair_care/shampoo", "waitrose_rating": "2.5", "waitrose_unit_price": "(£3.20/100ml)", "waitrose_new_flag": null, "waitrose_prod_name": "Umberto Giannini Curl Jelly Wash 250ml", "images": []},
{"client": "Waitrose", "time": "2020-09-10 13:08:45", "category": "Shampoo", "id": "tPp721134-337091-337092", "prod_name": "Aussie miracle shine shampoo", "waitrose_Qty": "500ml", "waitrose_discounted_price": "£6.00", "waitrose_offer_desc": null, "waitrose_url": "https://www.waitrose.com/ecom/shop/browse/groceries/toiletries_health_and_beauty/hair_care/shampoo", "waitrose_rating": null, "waitrose_unit_price": "(£1.20/100ml)", "waitrose_new_flag": null, "waitrose_prod_name": "Aussie miracle shine shampoo 500ml", "images": []},
{"client": "Waitrose", "time": "2020-09-10 13:08:45", "category": "Shampoo", "id": "tPp492090-729670-729671", "prod_name": "Percy & Reed Volumising Shampoo", "waitrose_Qty": "250ml", "waitrose_discounted_price": "£18.00", "waitrose_offer_desc": null, "waitrose_url": "https://www.waitrose.com/ecom/shop/browse/groceries/toiletries_health_and_beauty/hair_care/shampoo", "waitrose_rating": null, "waitrose_unit_price": "(£7.20/100ml)", "waitrose_new_flag": null, "waitrose_prod_name": "Percy & Reed Volumising Shampoo 250ml", "images": []},
{"client": "Waitrose", "time": "2020-09-10 13:08:45", "category": "Shampoo", "id": "tPp889100-330444-330445", "prod_name": "AOrganic Rosemary Shampoo", "waitrose_Qty": "325ml", "waitrose_discounted_price": "£7.00", "waitrose_offer_desc": null, "waitrose_url": "https://www.waitrose.com/ecom/shop/browse/groceries/toiletries_health_and_beauty/hair_care/shampoo", "waitrose_rating": "2.5", "waitrose_unit_price": "(£2.16/100ml)", "waitrose_new_flag": null, "waitrose_prod_name": "AOrganic Rosemary Shampoo 325ml", "images": []},
{"client": "Waitrose", "time": "2020-09-10 13:08:45", "category": "Shampoo", "id": "tPp407272-440973-440974", "prod_name": "Richard Ward Chelsea Cleanse & Condition", "waitrose_Qty": "250ml", "waitrose_discounted_price": "£6.00", "waitrose_offer_desc": null, "waitrose_url": "https://www.waitrose.com/ecom/shop/browse/groceries/toiletries_health_and_beauty/hair_care/shampoo", "waitrose_rating": "3.9", "waitrose_unit_price": "(£2.40/100ml)", "waitrose_new_flag": null, "waitrose_prod_name": "Richard Ward Chelsea Cleanse & Condition 250ml", "images": []},
{"client": "Waitrose", "time": "2020-09-10 13:08:45", "category": "Shampoo", "id": "tPp836383-271490-271491", "prod_name": "Head & Shoulders 2in1 citrus care", "waitrose_Qty": "450ml", "waitrose_discounted_price": "£5.15", "waitrose_offer_desc": null, "waitrose_url": "https://www.waitrose.com/ecom/shop/browse/groceries/toiletries_health_and_beauty/hair_care/shampoo", "waitrose_rating": null, "waitrose_unit_price": "(£1.15/100ml)", "waitrose_new_flag": null, "waitrose_prod_name": "Head & Shoulders 2in1 citrus care 450ml", "images": []},
{"client": "Waitrose", "time": "2020-09-10 13:08:45", "category": "Shampoo", "id": "tPp567431-729696-729697", "prod_name": "Batiste Dry Shampoo for Blondes", "waitrose_Qty": "200ml", "waitrose_discounted_price": "£4.00", "waitrose_offer_desc": null, "waitrose_url": "https://www.waitrose.com/ecom/shop/browse/groceries/toiletries_health_and_beauty/hair_care/shampoo", "waitrose_rating": null, "waitrose_unit_price": "(£2/100ml)", "waitrose_new_flag": null, "waitrose_prod_name": "Batiste Dry Shampoo for Blondes 200ml", "images": []},
{"client": "Waitrose", "time": "2020-09-10 13:08:45", "category": "Shampoo", "id": "tPp809690-337194-337195", "prod_name": "Head & Shoulders 2in1 Itchy Scalp", "waitrose_Qty": "450ml", "waitrose_discounted_price": "£5.15", "waitrose_offer_desc": null, "waitrose_url": "https://www.waitrose.com/ecom/shop/browse/groceries/toiletries_health_and_beauty/hair_care/shampoo", "waitrose_rating": "5", "waitrose_unit_price": "(£1.15/100ml)", "waitrose_new_flag": null, "waitrose_prod_name": "Head & Shoulders 2in1 Itchy Scalp 450ml", "images": []},
{"client": "Waitrose", "time": "2020-09-10 13:08:45", "category": "Shampoo", "id": "tPp803275-329016-329017", "prod_name": "AOrganic Peppermint Shampoo", "waitrose_Qty": "325ml", "waitrose_discounted_price": "£7.00", "waitrose_offer_desc": null, "waitrose_url": "https://www.waitrose.com/ecom/shop/browse/groceries/toiletries_health_and_beauty/hair_care/shampoo", "waitrose_rating": "4", "waitrose_unit_price": "(£2.16/100ml)", "waitrose_new_flag": null, "waitrose_prod_name": "AOrganic Peppermint Shampoo 325ml", "images": []},
{"client": "Waitrose", "time": "2020-09-10 13:08:45", "category": "Shampoo", "id": "tPp861587-154949-154950", "prod_name": "Batiste dark & deep brown dry shampoo", "waitrose_Qty": "200ml", "waitrose_discounted_price": "£4.00", "waitrose_offer_desc": null, "waitrose_url": "https://www.waitrose.com/ecom/shop/browse/groceries/toiletries_health_and_beauty/hair_care/shampoo", "waitrose_rating": null, "waitrose_unit_price": "(£2/100ml)", "waitrose_new_flag": null, "waitrose_prod_name": "Batiste dark & deep brown dry shampoo 200ml", "images": []},
{"client": "Waitrose", "time": "2020-09-10 13:08:45", "category": "Shampoo", "id": "tPp694392-98595-98596", "prod_name": "Head & Shoulders Shampoo Cool Menthol", "waitrose_Qty": "500ml", "waitrose_discounted_price": "£5.15", "waitrose_offer_desc": null, "waitrose_url": "https://www.waitrose.com/ecom/shop/browse/groceries/toiletries_health_and_beauty/hair_care/shampoo", "waitrose_rating": null, "waitrose_unit_price": "(£1.03/100ml)", "waitrose_new_flag": null, "waitrose_prod_name": "Head & Shoulders Shampoo Cool Menthol 500ml", "images": []},
{"client": "Waitrose", "time": "2020-09-10 13:08:45", "category": "Shampoo", "id": "tPp863078-695988-695989", "prod_name": "Pantene Hair Biology Full & Vibrant", "waitrose_Qty": "250ml", "waitrose_discounted_price": "£4.50", "waitrose_offer_desc": null, "waitrose_url": "https://www.waitrose.com/ecom/shop/browse/groceries/toiletries_health_and_beauty/hair_care/shampoo", "waitrose_rating": null, "waitrose_unit_price": "(£1.80/100ml)", "waitrose_new_flag": null, "waitrose_prod_name": "Pantene Hair Biology Full & Vibrant 250ml", "images": []},
{"client": "Waitrose", "time": "2020-09-10 13:08:45", "category": "Shampoo", "id": "tPp584599-695531-695532", "prod_name": "Batiste Dry Shampoo Volume", "waitrose_Qty": "200ml", "waitrose_discounted_price": "£4.25", "waitrose_offer_desc": null, "waitrose_url": "https://www.waitrose.com/ecom/shop/browse/groceries/toiletries_health_and_beauty/hair_care/shampoo", "waitrose_rating": null, "waitrose_unit_price": "(£2.13/100ml)", "waitrose_new_flag": null, "waitrose_prod_name": "Batiste Dry Shampoo Volume 200ml", "images": []},
{"client": "Waitrose", "time": "2020-09-10 13:08:45", "category": "Shampoo", "id": "tPp401660-588303-588304", "prod_name": "Richard Ward Brunette Shampoo", "waitrose_Qty": "250ml", "waitrose_discounted_price": "£6.00", "waitrose_offer_desc": null, "waitrose_url": "https://www.waitrose.com/ecom/shop/browse/groceries/toiletries_health_and_beauty/hair_care/shampoo", "waitrose_rating": "5", "waitrose_unit_price": "(£2.40/100ml)", "waitrose_new_flag": null, "waitrose_prod_name": "Richard Ward Brunette Shampoo 250ml", "images": []},
{"client": "Waitrose", "time": "2020-09-10 13:08:45", "category": "Shampoo", "id": "tPp834106-299691-299692", "prod_name": "Head & Shoulders 2in1 smooth & silky", "waitrose_Qty": "450ml", "waitrose_discounted_price": "£5.00", "waitrose_offer_desc": null, "waitrose_url": "https://www.waitrose.com/ecom/shop/browse/groceries/toiletries_health_and_beauty/hair_care/shampoo", "waitrose_rating": null, "waitrose_unit_price": "(£1.12/100ml)", "waitrose_new_flag": null, "waitrose_prod_name": "Head & Shoulders 2in1 smooth & silky 450ml", "images": []},
{"client": "Waitrose", "time": "2020-09-10 13:08:45", "category": "Shampoo", "id": "tPp480888-154495-154496", "prod_name": "Head & Shoulders Smooth Shampoo", "waitrose_Qty": "500ml", "waitrose_discounted_price": "£5.15", "waitrose_offer_desc": null, "waitrose_url": "https://www.waitrose.com/ecom/shop/browse/groceries/toiletries_health_and_beauty/hair_care/shampoo", "waitrose_rating": "5", "waitrose_unit_price": "(£1.03/100ml)", "waitrose_new_flag": null, "waitrose_prod_name": "Head & Shoulders Smooth Shampoo 500ml", "images": []},
{"client": "Waitrose", "time": "2020-09-10 13:08:45", "category": "Shampoo", "id": "tPp581644-729702-729703", "prod_name": "Percy & Reed Hydrating Shampoo", "waitrose_Qty": "250ml", "waitrose_discounted_price": "£18.00", "waitrose_offer_desc": null, "waitrose_url": "https://www.waitrose.com/ecom/shop/browse/groceries/toiletries_health_and_beauty/hair_care/shampoo", "waitrose_rating": null, "waitrose_unit_price": "(£7.20/100ml)", "waitrose_new_flag": null, "waitrose_prod_name": "Percy & Reed Hydrating Shampoo 250ml", "images": []},
{"client": "Waitrose", "time": "2020-09-10 13:08:45", "category": "Shampoo", "id": "tPp855732-695986-695987", "prod_name": "Hair Biology De-Frizz Shampoo", "waitrose_Qty": "250ml", "waitrose_discounted_price": "£4.50", "waitrose_offer_desc": null, "waitrose_url": "https://www.waitrose.com/ecom/shop/browse/groceries/toiletries_health_and_beauty/hair_care/shampoo", "waitrose_rating": null, "waitrose_unit_price": "(£1.80/100ml)", "waitrose_new_flag": null, "waitrose_prod_name": "Hair Biology De-Frizz Shampoo 250ml", "images": []},
{"client": "Waitrose", "time": "2020-09-10 13:08:45", "category": "Shampoo", "id": "tPp734002-695705-695706", "prod_name": "Percy & Reed Wonder Wash Shampoo", "waitrose_Qty": "250ml", "waitrose_discounted_price": "£18.00", "waitrose_offer_desc": null, "waitrose_url": "https://www.waitrose.com/ecom/shop/browse/groceries/toiletries_health_and_beauty/hair_care/shampoo", "waitrose_rating": "4.1", "waitrose_unit_price": "(£7.20/100ml)", "waitrose_new_flag": null, "waitrose_prod_name": "Percy & Reed Wonder Wash Shampoo 250ml", "images": []},
{"client": "Waitrose", "time": "2020-09-10 13:08:45", "category": "Shampoo", "id": "tPp591666-681031-681032", "prod_name": "Pure Grace Shower Gel", "waitrose_Qty": "480ml", "waitrose_discounted_price": "£19.50", "waitrose_offer_desc": null, "waitrose_url": "https://www.waitrose.com/ecom/shop/browse/groceries/toiletries_health_and_beauty/hair_care/shampoo", "waitrose_rating": null, "waitrose_unit_price": "(£4.07/100ml)", "waitrose_new_flag": null, "waitrose_prod_name": "Pure Grace Shower Gel 480ml", "images": []}
]