[
{"client": "Waitrose", "time": "2020-08-07 00:08:09", "category": "Shampoo", "id": "tPp639366-90822-90823", "prod_name": "Head & Shoulders Shampoo Classic", "waitrose_Qty": "500ml", "waitrose_discounted_price": "£3.43", "waitrose_offer_desc": "Save 1/3.", "waitrose_url": "https://www.waitrose.com/ecom/shop/browse/groceries/toiletries_health_and_beauty/hair_care/shampoo", "waitrose_rating": "3.5", "waitrose_unit_price": "(68.6p/100ml)", "waitrose_new_flag": null, "waitrose_prod_name": "Head & Shoulders Shampoo Classic 500ml", "images": []},
{"client": "Waitrose", "time": "2020-08-07 00:08:09", "category": "Shampoo", "id": "tPp485884-539933-539934", "prod_name": "Waitrose Pure Purifying Shampoo", "waitrose_Qty": "250ml", "waitrose_discounted_price": "£2.00", "waitrose_offer_desc": "Save 1/3.", "waitrose_url": "https://www.waitrose.com/ecom/shop/browse/groceries/toiletries_health_and_beauty/hair_care/shampoo", "waitrose_rating": "4.4", "waitrose_unit_price": "(80p/100ml)", "waitrose_new_flag": null, "waitrose_prod_name": "Waitrose Pure Purifying Shampoo 250ml", "images": []},
{"client": "Waitrose", "time": "2020-08-07 00:08:09", "category": "Shampoo", "id": "tPp435635-694165-694166", "prod_name": "Pantene Classic Clean Shampoo", "waitrose_Qty": "500ml", "waitrose_discounted_price": "£5.15", "waitrose_offer_desc": "Add 2 for £5", "waitrose_url": "https://www.waitrose.com/ecom/shop/browse/groceries/toiletries_health_and_beauty/hair_care/shampoo", "waitrose_rating": null, "waitrose_unit_price": "(£1.03/100ml)", "waitrose_new_flag": null, "waitrose_prod_name": "Pantene Classic Clean Shampoo 500ml", "images": []},
{"client": "Waitrose", "time": "2020-08-07 00:08:09", "category": "Shampoo", "id": "tPp865734-216867-216868", "prod_name": "Ogx Argan Oil of Morocco Shampoo", "waitrose_Qty": "385ml", "waitrose_discounted_price": "£7.00", "waitrose_offer_desc": "Add 2 for £10", "waitrose_url": "https://www.waitrose.com/ecom/shop/browse/groceries/toiletries_health_and_beauty/hair_care/shampoo", "waitrose_rating": "3.4", "waitrose_unit_price": "(£1.82/100ml)", "waitrose_new_flag": null, "waitrose_prod_name": "Ogx Argan Oil of Morocco Shampoo 385ml", "images": []},
{"client": "Waitrose", "time": "2020-08-07 00:08:09", "category": "Shampoo", "id": "tPp472240-591833-591834", "prod_name": "Herbal Essences Repair Shampoo", "waitrose_Qty": "400ml", "waitrose_discounted_price": "£4.50", "waitrose_offer_desc": "Add 2 for £6", "waitrose_url": "https://www.waitrose.com/ecom/shop/browse/groceries/toiletries_health_and_beauty/hair_care/shampoo", "waitrose_rating": "5", "waitrose_unit_price": "(£1.13/100ml)", "waitrose_new_flag": null, "waitrose_prod_name": "Herbal Essences Repair Shampoo 400ml", "images": []},
{"client": "Waitrose", "time": "2020-08-07 00:08:09", "category": "Shampoo", "id": "tPp757780-107799-107800", "prod_name": "Head & Shoulders 2in1 Classic Clean", "waitrose_Qty": "450ml", "waitrose_discounted_price": "£3.43", "waitrose_offer_desc": "Save 1/3.", "waitrose_url": "https://www.waitrose.com/ecom/shop/browse/groceries/toiletries_health_and_beauty/hair_care/shampoo", "waitrose_rating": "4", "waitrose_unit_price": "(76.2p/100ml)", "waitrose_new_flag": null, "waitrose_prod_name": "Head & Shoulders 2in1 Classic Clean 450ml", "images": []},
{"client": "Waitrose", "time": "2020-08-07 00:08:09", "category": "Shampoo", "id": "tPp455905-591789-591790", "prod_name": "Herbal Essences clean Shampoo", "waitrose_Qty": "400ml", "waitrose_discounted_price": "£4.50", "waitrose_offer_desc": "Add 2 for £6", "waitrose_url": "https://www.waitrose.com/ecom/shop/browse/groceries/toiletries_health_and_beauty/hair_care/shampoo", "waitrose_rating": null, "waitrose_unit_price": "(£1.13/100ml)", "waitrose_new_flag": null, "waitrose_prod_name": "Herbal Essences clean Shampoo 400ml", "images": []},
{"client": "Waitrose", "time": "2020-08-07 00:08:09", "category": "Shampoo", "id": "tPp882824-154983-154984", "prod_name": "Head & Shoulders itchy scalp shampoo", "waitrose_Qty": "500ml", "waitrose_discounted_price": "£3.43", "waitrose_offer_desc": "Save 1/3.", "waitrose_url": "https://www.waitrose.com/ecom/shop/browse/groceries/toiletries_health_and_beauty/hair_care/shampoo", "waitrose_rating": "5", "waitrose_unit_price": "(68.6p/100ml)", "waitrose_new_flag": null, "waitrose_prod_name": "Head & Shoulders itchy scalp shampoo 500ml", "images": []},
{"client": "Waitrose", "time": "2020-08-07 00:08:09", "category": "Shampoo", "id": "tPp836753-694201-694202", "prod_name": "Pantene Volume & Body Shampoo", "waitrose_Qty": "500ml", "waitrose_discounted_price": "£5.15", "waitrose_offer_desc": "Add 2 for £5", "waitrose_url": "https://www.waitrose.com/ecom/shop/browse/groceries/toiletries_health_and_beauty/hair_care/shampoo", "waitrose_rating": null, "waitrose_unit_price": "(£1.03/100ml)", "waitrose_new_flag": null, "waitrose_prod_name": "Pantene Volume & Body Shampoo 500ml", "images": []},
{"client": "Waitrose", "time": "2020-08-07 00:08:09", "category": "Shampoo", "id": "tPp657721-694179-694180", "prod_name": "Pantene 3 in 1 Classic Clean", "waitrose_Qty": "450ml", "waitrose_discounted_price": "£3.75", "waitrose_offer_desc": "Add 2 for £5", "waitrose_url": "https://www.waitrose.com/ecom/shop/browse/groceries/toiletries_health_and_beauty/hair_care/shampoo", "waitrose_rating": null, "waitrose_unit_price": "(83.3p/100ml)", "waitrose_new_flag": null, "waitrose_prod_name": "Pantene 3 in 1 Classic Clean 450ml", "images": []},
{"client": "Waitrose", "time": "2020-08-07 00:08:09", "category": "Shampoo", "id": "tPp824583-694195-694196", "prod_name": "Pantene Repair & Protect Shampoo", "waitrose_Qty": "500ml", "waitrose_discounted_price": "£3.75", "waitrose_offer_desc": "Add 2 for £5", "waitrose_url": "https://www.waitrose.com/ecom/shop/browse/groceries/toiletries_health_and_beauty/hair_care/shampoo", "waitrose_rating": null, "waitrose_unit_price": "(75p/100ml)", "waitrose_new_flag": null, "waitrose_prod_name": "Pantene Repair & Protect Shampoo 500ml", "images": []},
{"client": "Waitrose", "time": "2020-08-07 00:08:09", "category": "Shampoo", "id": "tPp839781-154875-154876", "prod_name": "Aussie miracle moist shampoo", "waitrose_Qty": "500ml", "waitrose_discounted_price": "£6.15", "waitrose_offer_desc": "Add 2 for £9", "waitrose_url": "https://www.waitrose.com/ecom/shop/browse/groceries/toiletries_health_and_beauty/hair_care/shampoo", "waitrose_rating": null, "waitrose_unit_price": "(£1.23/100ml)", "waitrose_new_flag": null, "waitrose_prod_name": "Aussie miracle moist shampoo 500ml", "images": []},
{"client": "Waitrose", "time": "2020-08-07 00:08:09", "category": "Shampoo", "id": "tPp427668-591713-591714", "prod_name": "Herbal Essences Hydrate Shampoo", "waitrose_Qty": "400ml", "waitrose_discounted_price": "£4.50", "waitrose_offer_desc": "Add 2 for £6", "waitrose_url": "https://www.waitrose.com/ecom/shop/browse/groceries/toiletries_health_and_beauty/hair_care/shampoo", "waitrose_rating": "5", "waitrose_unit_price": "(£1.13/100ml)", "waitrose_new_flag": null, "waitrose_prod_name": "Herbal Essences Hydrate Shampoo 400ml", "images": []},
{"client": "Waitrose", "time": "2020-08-07 00:08:09", "category": "Shampoo", "id": "tPp821139-694191-694192", "prod_name": "Pantene Smooth & Sleek Shampoo", "waitrose_Qty": "500ml", "waitrose_discounted_price": "£5.15", "waitrose_offer_desc": "Add 2 for £5", "waitrose_url": "https://www.waitrose.com/ecom/shop/browse/groceries/toiletries_health_and_beauty/hair_care/shampoo", "waitrose_rating": null, "waitrose_unit_price": "(£1.03/100ml)", "waitrose_new_flag": null, "waitrose_prod_name": "Pantene Smooth & Sleek Shampoo 500ml", "images": []},
{"client": "Waitrose", "time": "2020-08-07 00:08:09", "category": "Shampoo", "id": "tPp581617-694173-694174", "prod_name": "Pantene Colour Protect Shampoo", "waitrose_Qty": "500ml", "waitrose_discounted_price": "£5.15", "waitrose_offer_desc": "Add 2 for £5", "waitrose_url": "https://www.waitrose.com/ecom/shop/browse/groceries/toiletries_health_and_beauty/hair_care/shampoo", "waitrose_rating": null, "waitrose_unit_price": "(£1.03/100ml)", "waitrose_new_flag": null, "waitrose_prod_name": "Pantene Colour Protect Shampoo 500ml", "images": []},
{"client": "Waitrose", "time": "2020-08-07 00:08:09", "category": "Shampoo", "id": "tPp047805-23664-23665", "prod_name": "Avalon Organics tea tree shampoo", "waitrose_Qty": "325ml", "waitrose_discounted_price": "£7.00", "waitrose_offer_desc": "Add 2 for £11", "waitrose_url": "https://www.waitrose.com/ecom/shop/browse/groceries/toiletries_health_and_beauty/hair_care/shampoo", "waitrose_rating": "4.9", "waitrose_unit_price": "(£2.16/100ml)", "waitrose_new_flag": null, "waitrose_prod_name": "Avalon Organics tea tree shampoo 325ml", "images": []},
{"client": "Waitrose", "time": "2020-08-07 00:08:09", "category": "Shampoo", "id": "tPp627460-154629-154630", "prod_name": "Aussie mega shampoo", "waitrose_Qty": "500ml", "waitrose_discounted_price": "£6.15", "waitrose_offer_desc": "Add 2 for £9", "waitrose_url": "https://www.waitrose.com/ecom/shop/browse/groceries/toiletries_health_and_beauty/hair_care/shampoo", "waitrose_rating": "3.8", "waitrose_unit_price": "(£1.23/100ml)", "waitrose_new_flag": null, "waitrose_prod_name": "Aussie mega shampoo 500ml", "images": []},
{"client": "Waitrose", "time": "2020-08-07 00:08:09", "category": "Shampoo", "id": "tPp855140-216863-216864", "prod_name": "Ogx Coconut Milk Shampoo", "waitrose_Qty": "385ml", "waitrose_discounted_price": "£7.00", "waitrose_offer_desc": "Add 2 for £10", "waitrose_url": "https://www.waitrose.com/ecom/shop/browse/groceries/toiletries_health_and_beauty/hair_care/shampoo", "waitrose_rating": "5", "waitrose_unit_price": "(£1.82/100ml)", "waitrose_new_flag": null, "waitrose_prod_name": "Ogx Coconut Milk Shampoo 385ml", "images": []},
{"client": "Waitrose", "time": "2020-08-07 00:08:09", "category": "Shampoo", "id": "tPp490113-591883-591884", "prod_name": "Herbal Essences Volume Shampoo", "waitrose_Qty": "400ml", "waitrose_discounted_price": "£4.50", "waitrose_offer_desc": "Add 2 for £6", "waitrose_url": "https://www.waitrose.com/ecom/shop/browse/groceries/toiletries_health_and_beauty/hair_care/shampoo", "waitrose_rating": "5", "waitrose_unit_price": "(£1.13/100ml)", "waitrose_new_flag": null, "waitrose_prod_name": "Herbal Essences Volume Shampoo 400ml", "images": []},
{"client": "Waitrose", "time": "2020-08-07 00:08:09", "category": "Shampoo", "id": "tPp407453-471203-471204", "prod_name": "Ogx Biotin & Collagen Shampoo", "waitrose_Qty": "385ml", "waitrose_discounted_price": "£7.00", "waitrose_offer_desc": "Add 2 for £10", "waitrose_url": "https://www.waitrose.com/ecom/shop/browse/groceries/toiletries_health_and_beauty/hair_care/shampoo", "waitrose_rating": null, "waitrose_unit_price": "(£1.82/100ml)", "waitrose_new_flag": null, "waitrose_prod_name": "Ogx Biotin & Collagen Shampoo 385ml", "images": []},
{"client": "Waitrose", "time": "2020-08-07 00:08:09", "category": "Shampoo", "id": "tPp535961-75786-75787", "prod_name": "essential Waitrose Nourishing Shampoo", "waitrose_Qty": "300ml", "waitrose_discounted_price": "80p", "waitrose_offer_desc": null, "waitrose_url": "https://www.waitrose.com/ecom/shop/browse/groceries/toiletries_health_and_beauty/hair_care/shampoo", "waitrose_rating": "4.4", "waitrose_unit_price": "(26.7p/100ml)", "waitrose_new_flag": null, "waitrose_prod_name": "essential Waitrose Nourishing Shampoo 300ml", "images": []},
{"client": "Waitrose", "time": "2020-08-07 00:08:09", "category": "Shampoo", "id": "tPp755349-720291-720292", "prod_name": "Herbal Essences Aloe & Mango Shampoo", "waitrose_Qty": "380ml", "waitrose_discounted_price": "£4.50", "waitrose_offer_desc": "Add 2 for £6", "waitrose_url": "https://www.waitrose.com/ecom/shop/browse/groceries/toiletries_health_and_beauty/hair_care/shampoo", "waitrose_rating": null, "waitrose_unit_price": "(£1.19/100ml)", "waitrose_new_flag": null, "waitrose_prod_name": "Herbal Essences Aloe & Mango Shampoo 380ml", "images": []},
{"client": "Waitrose", "time": "2020-08-07 00:08:09", "category": "Shampoo", "id": "tPp432893-216691-216692", "prod_name": "Head & Shoulders Shampoo Apple Fresh", "waitrose_Qty": "500ml", "waitrose_discounted_price": "£3.43", "waitrose_offer_desc": "Save 1/3.", "waitrose_url": "https://www.waitrose.com/ecom/shop/browse/groceries/toiletries_health_and_beauty/hair_care/shampoo", "waitrose_rating": null, "waitrose_unit_price": "(68.6p/100ml)", "waitrose_new_flag": null, "waitrose_prod_name": "Head & Shoulders Shampoo Apple Fresh 500ml", "images": []},
{"client": "Waitrose", "time": "2020-08-07 00:08:09", "category": "Shampoo", "id": "tPp867514-720387-720388", "prod_name": "Head & Shoulders Coconut Shampoo", "waitrose_Qty": "500ml", "waitrose_discounted_price": "£3.33", "waitrose_offer_desc": "Save 1/3.", "waitrose_url": "https://www.waitrose.com/ecom/shop/browse/groceries/toiletries_health_and_beauty/hair_care/shampoo", "waitrose_rating": null, "waitrose_unit_price": "(66.6p/100ml)", "waitrose_new_flag": null, "waitrose_prod_name": "Head & Shoulders Coconut Shampoo 500ml", "images": []},
{"client": "Waitrose", "time": "2020-08-07 00:08:09", "category": "Shampoo", "id": "tPp791725-375655-375656", "prod_name": "Ogx Kukuí Oil Shampoo", "waitrose_Qty": "385ml", "waitrose_discounted_price": "£7.00", "waitrose_offer_desc": "Add 2 for £10", "waitrose_url": "https://www.waitrose.com/ecom/shop/browse/groceries/toiletries_health_and_beauty/hair_care/shampoo", "waitrose_rating": "5", "waitrose_unit_price": "(£1.82/100ml)", "waitrose_new_flag": null, "waitrose_prod_name": "Ogx Kukuí Oil Shampoo 385ml", "images": []},
{"client": "Waitrose", "time": "2020-08-07 00:08:09", "category": "Shampoo", "id": "tPp886458-216893-216894", "prod_name": "Ogx Brazilian Keratin Shampoo", "waitrose_Qty": "385ml", "waitrose_discounted_price": "£7.00", "waitrose_offer_desc": "Add 2 for £10", "waitrose_url": "https://www.waitrose.com/ecom/shop/browse/groceries/toiletries_health_and_beauty/hair_care/shampoo", "waitrose_rating": "5", "waitrose_unit_price": "(£1.82/100ml)", "waitrose_new_flag": null, "waitrose_prod_name": "Ogx Brazilian Keratin Shampoo 385ml", "images": []},
{"client": "Waitrose", "time": "2020-08-07 00:08:09", "category": "Shampoo", "id": "tPp868154-695990-695991", "prod_name": "Hair Biology Purple Shampoo", "waitrose_Qty": "250ml", "waitrose_discounted_price": "£2.99", "waitrose_offer_desc": "Save 1/3.", "waitrose_url": "https://www.waitrose.com/ecom/shop/browse/groceries/toiletries_health_and_beauty/hair_care/shampoo", "waitrose_rating": null, "waitrose_unit_price": "(£1.20/100ml)", "waitrose_new_flag": null, "waitrose_prod_name": "Hair Biology Purple Shampoo 250ml", "images": []},
{"client": "Waitrose", "time": "2020-08-07 00:08:09", "category": "Shampoo", "id": "tPp626001-88825-88826", "prod_name": "Head & Shoulders Shampoo Citrus Fresh", "waitrose_Qty": "500ml", "waitrose_discounted_price": "£3.43", "waitrose_offer_desc": "Save 1/3.", "waitrose_url": "https://www.waitrose.com/ecom/shop/browse/groceries/toiletries_health_and_beauty/hair_care/shampoo", "waitrose_rating": null, "waitrose_unit_price": "(68.6p/100ml)", "waitrose_new_flag": null, "waitrose_prod_name": "Head & Shoulders Shampoo Citrus Fresh 500ml", "images": []},
{"client": "Waitrose", "time": "2020-08-07 00:08:09", "category": "Shampoo", "id": "tPp752186-631541-631542", "prod_name": "Ogx Coconut OIl Shampoo", "waitrose_Qty": "385ml", "waitrose_discounted_price": "£7.00", "waitrose_offer_desc": "Add 2 for £10", "waitrose_url": "https://www.waitrose.com/ecom/shop/browse/groceries/toiletries_health_and_beauty/hair_care/shampoo", "waitrose_rating": null, "waitrose_unit_price": "(£1.82/100ml)", "waitrose_new_flag": null, "waitrose_prod_name": "Ogx Coconut OIl Shampoo 385ml", "images": []},
{"client": "Waitrose", "time": "2020-08-07 00:08:09", "category": "Shampoo", "id": "tPp810302-683828-683829", "prod_name": "Herbal Essences Deep Repair Shampoo", "waitrose_Qty": "400ml", "waitrose_discounted_price": "£4.50", "waitrose_offer_desc": "Add 2 for £6", "waitrose_url": "https://www.waitrose.com/ecom/shop/browse/groceries/toiletries_health_and_beauty/hair_care/shampoo", "waitrose_rating": null, "waitrose_unit_price": "(£1.13/100ml)", "waitrose_new_flag": null, "waitrose_prod_name": "Herbal Essences Deep Repair Shampoo 400ml", "images": []},
{"client": "Waitrose", "time": "2020-08-07 00:08:09", "category": "Shampoo", "id": "tPp810201-352482-352483", "prod_name": "Essential Daily Care 2 in 1", "waitrose_Qty": "300ml", "waitrose_discounted_price": "80p", "waitrose_offer_desc": null, "waitrose_url": "https://www.waitrose.com/ecom/shop/browse/groceries/toiletries_health_and_beauty/hair_care/shampoo", "waitrose_rating": "4.2", "waitrose_unit_price": "(26.7p/100ml)", "waitrose_new_flag": null, "waitrose_prod_name": "Essential Daily Care 2 in 1 300ml", "images": []},
{"client": "Waitrose", "time": "2020-08-07 00:08:09", "category": "Shampoo", "id": "tPp755068-720289-720290", "prod_name": "Herbal Essences Aloe Hemp Shampoo", "waitrose_Qty": "380ml", "waitrose_discounted_price": "£4.50", "waitrose_offer_desc": "Add 2 for £6", "waitrose_url": "https://www.waitrose.com/ecom/shop/browse/groceries/toiletries_health_and_beauty/hair_care/shampoo", "waitrose_rating": null, "waitrose_unit_price": "(£1.19/100ml)", "waitrose_new_flag": null, "waitrose_prod_name": "Herbal Essences Aloe Hemp Shampoo 380ml", "images": []},
{"client": "Waitrose", "time": "2020-08-07 00:08:09", "category": "Shampoo", "id": "tPp027940-13599-13600", "prod_name": "Avalon Organics lemon shampoo", "waitrose_Qty": "325ml", "waitrose_discounted_price": "£7.00", "waitrose_offer_desc": "Add 2 for £11", "waitrose_url": "https://www.waitrose.com/ecom/shop/browse/groceries/toiletries_health_and_beauty/hair_care/shampoo", "waitrose_rating": "3.6", "waitrose_unit_price": "(£2.16/100ml)", "waitrose_new_flag": null, "waitrose_prod_name": "Avalon Organics lemon shampoo 325ml", "images": []},
{"client": "Waitrose", "time": "2020-08-07 00:08:09", "category": "Shampoo", "id": "tPp092708-47659-47660", "prod_name": "Vosene Original Shampoo", "waitrose_Qty": "250ml", "waitrose_discounted_price": "£2.05", "waitrose_offer_desc": null, "waitrose_url": "https://www.waitrose.com/ecom/shop/browse/groceries/toiletries_health_and_beauty/hair_care/shampoo", "waitrose_rating": "5", "waitrose_unit_price": "(82p/100ml)", "waitrose_new_flag": null, "waitrose_prod_name": "Vosene Original Shampoo 250ml", "images": []},
{"client": "Waitrose", "time": "2020-08-07 00:08:09", "category": "Shampoo", "id": "tPp740653-352034-352035", "prod_name": "essential Waitrose Anti-Dandruff 2 in 1", "waitrose_Qty": "300ml", "waitrose_discounted_price": "£1.00", "waitrose_offer_desc": null, "waitrose_url": "https://www.waitrose.com/ecom/shop/browse/groceries/toiletries_health_and_beauty/hair_care/shampoo", "waitrose_rating": "4", "waitrose_unit_price": "(33.3p/100ml)", "waitrose_new_flag": null, "waitrose_prod_name": "essential Waitrose Anti-Dandruff 2 in 1 300ml", "images": []},
{"client": "Waitrose", "time": "2020-08-07 00:08:09", "category": "Shampoo", "id": "tPp820157-724089-724090", "prod_name": "Eco Warrior Shampoo Bar", "waitrose_Qty": "100g", "waitrose_discounted_price": "£3.00", "waitrose_offer_desc": "Save 1/3.", "waitrose_url": "https://www.waitrose.com/ecom/shop/browse/groceries/toiletries_health_and_beauty/hair_care/shampoo", "waitrose_rating": null, "waitrose_unit_price": "(£3/100g)", "waitrose_new_flag": null, "waitrose_prod_name": "Eco Warrior Shampoo Bar 100g", "images": []},
{"client": "Waitrose", "time": "2020-08-07 00:08:09", "category": "Shampoo", "id": "tPp778297-720309-720310", "prod_name": "Pantene Grow Strong Shampoo", "waitrose_Qty": "400ml", "waitrose_discounted_price": "£3.75", "waitrose_offer_desc": "Add 2 for £5", "waitrose_url": "https://www.waitrose.com/ecom/shop/browse/groceries/toiletries_health_and_beauty/hair_care/shampoo", "waitrose_rating": null, "waitrose_unit_price": "(93.8p/100ml)", "waitrose_new_flag": null, "waitrose_prod_name": "Pantene Grow Strong Shampoo 400ml", "images": []},
{"client": "Waitrose", "time": "2020-08-07 00:08:09", "category": "Shampoo", "id": "tPp735751-154731-154732", "prod_name": "Aussie aussome volume shampoo", "waitrose_Qty": "500ml", "waitrose_discounted_price": "£6.10", "waitrose_offer_desc": "Add 2 for £9", "waitrose_url": "https://www.waitrose.com/ecom/shop/browse/groceries/toiletries_health_and_beauty/hair_care/shampoo", "waitrose_rating": null, "waitrose_unit_price": "(£1.22/100ml)", "waitrose_new_flag": null, "waitrose_prod_name": "Aussie aussome volume shampoo 500ml", "images": []},
{"client": "Waitrose", "time": "2020-08-07 00:08:09", "category": "Shampoo", "id": "tPp550161-729688-729689", "prod_name": "Neutrogena T Gel Therapeutic Shampoo", "waitrose_Qty": "250ml", "waitrose_discounted_price": "£7.50", "waitrose_offer_desc": null, "waitrose_url": "https://www.waitrose.com/ecom/shop/browse/groceries/toiletries_health_and_beauty/hair_care/shampoo", "waitrose_rating": null, "waitrose_unit_price": "(£3/100ml)", "waitrose_new_flag": "NEW", "waitrose_prod_name": "Neutrogena T Gel Therapeutic Shampoo 250ml", "images": []},
{"client": "Waitrose", "time": "2020-08-07 00:08:09", "category": "Shampoo", "id": "tPp076232-38732-38733", "prod_name": "AOrganic Lavender Shampoo", "waitrose_Qty": "325ml", "waitrose_discounted_price": "£7.00", "waitrose_offer_desc": "Add 2 for £11", "waitrose_url": "https://www.waitrose.com/ecom/shop/browse/groceries/toiletries_health_and_beauty/hair_care/shampoo", "waitrose_rating": "3.8", "waitrose_unit_price": "(£2.16/100ml)", "waitrose_new_flag": null, "waitrose_prod_name": "AOrganic Lavender Shampoo 325ml", "images": []},
{"client": "Waitrose", "time": "2020-08-07 00:08:09", "category": "Shampoo", "id": "tPp809690-337194-337195", "prod_name": "Head & Shoulders 2in1 Itchy Scalp", "waitrose_Qty": "450ml", "waitrose_discounted_price": "£3.43", "waitrose_offer_desc": "Save 1/3.", "waitrose_url": "https://www.waitrose.com/ecom/shop/browse/groceries/toiletries_health_and_beauty/hair_care/shampoo", "waitrose_rating": "5", "waitrose_unit_price": "(76.2p/100ml)", "waitrose_new_flag": null, "waitrose_prod_name": "Head & Shoulders 2in1 Itchy Scalp 450ml", "images": []},
{"client": "Waitrose", "time": "2020-08-07 00:08:09", "category": "Shampoo", "id": "tPp662395-154665-154666", "prod_name": "Aussie colour mate shampoo", "waitrose_Qty": "500ml", "waitrose_discounted_price": "£6.15", "waitrose_offer_desc": "Add 2 for £9", "waitrose_url": "https://www.waitrose.com/ecom/shop/browse/groceries/toiletries_health_and_beauty/hair_care/shampoo", "waitrose_rating": null, "waitrose_unit_price": "(£1.23/100ml)", "waitrose_new_flag": null, "waitrose_prod_name": "Aussie colour mate shampoo 500ml", "images": []},
{"client": "Waitrose", "time": "2020-08-07 00:08:09", "category": "Shampoo", "id": "tPp790782-694215-694216", "prod_name": "Pantene 3in1 Smooth & Sleek", "waitrose_Qty": "450ml", "waitrose_discounted_price": "£3.75", "waitrose_offer_desc": "Add 2 for £5", "waitrose_url": "https://www.waitrose.com/ecom/shop/browse/groceries/toiletries_health_and_beauty/hair_care/shampoo", "waitrose_rating": null, "waitrose_unit_price": "(83.3p/100ml)", "waitrose_new_flag": null, "waitrose_prod_name": "Pantene 3in1 Smooth & Sleek 450ml", "images": []},
{"client": "Waitrose", "time": "2020-08-07 00:08:09", "category": "Shampoo", "id": "tPp096508-49364-49365", "prod_name": "Aussie Miracle Moist Shampoo", "waitrose_Qty": "300ml", "waitrose_discounted_price": "£4.10", "waitrose_offer_desc": null, "waitrose_url": "https://www.waitrose.com/ecom/shop/browse/groceries/toiletries_health_and_beauty/hair_care/shampoo", "waitrose_rating": "3.7", "waitrose_unit_price": "(£1.37/100ml)", "waitrose_new_flag": null, "waitrose_prod_name": "Aussie Miracle Moist Shampoo 300ml", "images": []},
{"client": "Waitrose", "time": "2020-08-07 00:08:09", "category": "Shampoo", "id": "tPp582132-472091-472092", "prod_name": "Ogx Argan Oil Morocco Shampoo", "waitrose_Qty": "385ml", "waitrose_discounted_price": "£7.00", "waitrose_offer_desc": "Add 2 for £10", "waitrose_url": "https://www.waitrose.com/ecom/shop/browse/groceries/toiletries_health_and_beauty/hair_care/shampoo", "waitrose_rating": "4", "waitrose_unit_price": "(£1.82/100ml)", "waitrose_new_flag": null, "waitrose_prod_name": "Ogx Argan Oil Morocco Shampoo 385ml", "images": []},
{"client": "Waitrose", "time": "2020-08-07 00:08:09", "category": "Shampoo", "id": "tPp059421-29947-29948", "prod_name": "Aussie Aussome Volume Shampoo", "waitrose_Qty": "300ml", "waitrose_discounted_price": "£4.00", "waitrose_offer_desc": null, "waitrose_url": "https://www.waitrose.com/ecom/shop/browse/groceries/toiletries_health_and_beauty/hair_care/shampoo", "waitrose_rating": "5", "waitrose_unit_price": "(£1.34/100ml)", "waitrose_new_flag": null, "waitrose_prod_name": "Aussie Aussome Volume Shampoo 300ml", "images": []},
{"client": "Waitrose", "time": "2020-08-07 00:08:09", "category": "Shampoo", "id": "tPp464815-154487-154488", "prod_name": "Batiste original dry shampoo", "waitrose_Qty": "200ml", "waitrose_discounted_price": "£3.00", "waitrose_offer_desc": null, "waitrose_url": "https://www.waitrose.com/ecom/shop/browse/groceries/toiletries_health_and_beauty/hair_care/shampoo", "waitrose_rating": "5", "waitrose_unit_price": "(£1.50/100ml)", "waitrose_new_flag": null, "waitrose_prod_name": "Batiste original dry shampoo 200ml", "images": []},
{"client": "Waitrose", "time": "2020-08-07 00:08:09", "category": "Shampoo", "id": "tPp426973-298983-298984", "prod_name": "Head & Shoulders 2in1 Apple Fresh", "waitrose_Qty": "450ml", "waitrose_discounted_price": "£3.33", "waitrose_offer_desc": "Save 1/3.", "waitrose_url": "https://www.waitrose.com/ecom/shop/browse/groceries/toiletries_health_and_beauty/hair_care/shampoo", "waitrose_rating": null, "waitrose_unit_price": "(74p/100ml)", "waitrose_new_flag": null, "waitrose_prod_name": "Head & Shoulders 2in1 Apple Fresh 450ml", "images": []}
]