[
{"client": "Sainsburys", "time": "2020-08-05 12:54:33", "category": "Shampoo", "id": "3600520433424", "sainsburys_prod_name": "L'Oreal Elvive Colour Protect Coloured Hair Shampoo 400ml", "sainsburys_discounted_price": "£2.50", "sainsburys_offer_desc": "Only £2.50: Save £1.00", "sainsburys_url": "https://www.sainsburys.co.uk/shop/gb/groceries/product/details/shampoo-247823-44/elvive-colour-protect-shampoo-400ml", "sainsburys_rating": "4.6992", "sainsburys_unit_price": "63p", "sainsburys_availability": null, "images": []},
{"client": "Sainsburys", "time": "2020-08-05 12:54:33", "category": "Shampoo", "id": "5013965601057|5410076230068", "sainsburys_prod_name": "Head & Shoulders Classic Clean Anti-Dandruff Shampoo 500ml", "sainsburys_discounted_price": "£4.50", "sainsburys_offer_desc": null, "sainsburys_url": "https://www.sainsburys.co.uk/shop/gb/groceries/product/details/shampoo-247823-44/head---shoulders-classic-clean-anti-dandruff-shampoo-500ml", "sainsburys_rating": "4.483", "sainsburys_unit_price": "90p", "sainsburys_availability": null, "images": []},
{"client": "Sainsburys", "time": "2020-08-05 12:54:33", "category": "Shampoo", "id": "5011321594470", "sainsburys_prod_name": "Herbal Essences Dazzling Shine Shampoo 400ml", "sainsburys_discounted_price": "£2.00", "sainsburys_offer_desc": null, "sainsburys_url": "https://www.sainsburys.co.uk/shop/gb/groceries/product/details/shampoo-247823-44/herbal-essences-dazzling-shine-shampoo-400ml", "sainsburys_rating": "4.4971", "sainsburys_unit_price": "50p", "sainsburys_availability": null, "images": []},
{"client": "Sainsburys", "time": "2020-08-05 12:54:33", "category": "Shampoo", "id": "8717163902936|5012254061176", "sainsburys_prod_name": "TRESemmé Moisture Rich, Luxurious Moisture Hair Shampoo 900ml", "sainsburys_discounted_price": "£2.95", "sainsburys_offer_desc": null, "sainsburys_url": "https://www.sainsburys.co.uk/shop/gb/groceries/product/details/shampoo-247823-44/tresemm%C3%A9-moisture-rich-luxurious-moisture-hair-shampoo-900ml", "sainsburys_rating": "4.3519", "sainsburys_unit_price": "33p", "sainsburys_availability": null, "images": []},
{"client": "Sainsburys", "time": "2020-08-05 12:54:33", "category": "Shampoo", "id": "5410076390830|0038785355107", "sainsburys_prod_name": "Aussie Miracle Moist Shampoo 300ml", "sainsburys_discounted_price": "£4.00", "sainsburys_offer_desc": null, "sainsburys_url": "https://www.sainsburys.co.uk/shop/gb/groceries/product/details/shampoo-247823-44/aussie-shampoo--miracle-moist-300ml", "sainsburys_rating": "4.8358", "sainsburys_unit_price": "£1.33", "sainsburys_availability": null, "images": []},
{"client": "Sainsburys", "time": "2020-08-05 12:54:33", "category": "Shampoo", "id": "5011321594296", "sainsburys_prod_name": "Herbal Essences Hello Hydration Shampoo 400ml", "sainsburys_discounted_price": "£2.00", "sainsburys_offer_desc": null, "sainsburys_url": "https://www.sainsburys.co.uk/shop/gb/groceries/product/details/shampoo-247823-44/herbal-essences-hello-hydration-shampoo-400ml", "sainsburys_rating": null, "sainsburys_unit_price": "50p", "sainsburys_availability": null, "images": []},
{"client": "Sainsburys", "time": "2020-08-05 12:54:33", "category": "Shampoo", "id": "5410076229994|5011321431171", "sainsburys_prod_name": "Head & Shoulders Classic Clean Anti-Dandruff Shampoo 250ml", "sainsburys_discounted_price": "£2.00", "sainsburys_offer_desc": "Only £2.00: Save 75p", "sainsburys_url": "https://www.sainsburys.co.uk/shop/gb/groceries/product/details/shampoo-247823-44/head---shoulders-classic-clean-anti-dandruff-shampoo-250ml", "sainsburys_rating": "4.2995", "sainsburys_unit_price": "80p", "sainsburys_availability": null, "images": []},
{"client": "Sainsburys", "time": "2020-08-05 12:54:33", "category": "Shampoo", "id": "3600522497233", "sainsburys_prod_name": "L'Oreal Elvive Fibrology Fine Hair Thickening Shampoo 400ml", "sainsburys_discounted_price": "£2.50", "sainsburys_offer_desc": "Only £2.50: Save £1.00", "sainsburys_url": "https://www.sainsburys.co.uk/shop/gb/groceries/product/details/shampoo-247823-44/elvive-fibrology-shampoo-400ml", "sainsburys_rating": "4.35", "sainsburys_unit_price": "63p", "sainsburys_availability": null, "images": []},
{"client": "Sainsburys", "time": "2020-08-05 12:54:33", "category": "Shampoo", "id": "5011321595200", "sainsburys_prod_name": "Herbal Essences Ignite My Colour Shampoo 400ml", "sainsburys_discounted_price": "£2.00", "sainsburys_offer_desc": null, "sainsburys_url": "https://www.sainsburys.co.uk/shop/gb/groceries/product/details/shampoo-247823-44/herbal-essences-ignite-my-colour-shampoo-400ml", "sainsburys_rating": "4.6995", "sainsburys_unit_price": "50p", "sainsburys_availability": null, "images": []},
{"client": "Sainsburys", "time": "2020-08-05 12:54:33", "category": "Shampoo", "id": "8717163907085|5012254061251", "sainsburys_prod_name": "TRESemmé Cleanse & Renew, Deep Cleansing Hair Shampoo 900ml", "sainsburys_discounted_price": "£2.95", "sainsburys_offer_desc": null, "sainsburys_url": "https://www.sainsburys.co.uk/shop/gb/groceries/product/details/shampoo-247823-44/tresemm%C3%A9-cleanse-renew-deep-cleansing-hair-shampoo-900ml", "sainsburys_rating": "4.3243", "sainsburys_unit_price": "33p", "sainsburys_availability": null, "images": []},
{"client": "Sainsburys", "time": "2020-08-05 12:54:33", "category": "Shampoo", "id": "0000000203494", "sainsburys_prod_name": "Sainsbury's Apple Shampoo 500ml", "sainsburys_discounted_price": "75p", "sainsburys_offer_desc": null, "sainsburys_url": "https://www.sainsburys.co.uk/shop/gb/groceries/product/details/shampoo-247823-44/sainsburys-apple-shampoo-500ml", "sainsburys_rating": "2.5833", "sainsburys_unit_price": "15p", "sainsburys_availability": null, "images": []},
{"client": "Sainsburys", "time": "2020-08-05 12:54:33", "category": "Shampoo", "id": "8712561384841", "sainsburys_prod_name": "Dove Daily Moisture Shampoo 400ml", "sainsburys_discounted_price": "£2.00", "sainsburys_offer_desc": null, "sainsburys_url": "https://www.sainsburys.co.uk/shop/gb/groceries/product/details/shampoo-247823-44/dove-daily-moisture-shampoo-400ml", "sainsburys_rating": "4.5659", "sainsburys_unit_price": "50p", "sainsburys_availability": null, "images": []},
{"client": "Sainsburys", "time": "2020-08-05 12:54:33", "category": "Shampoo", "id": "8710908180811", "sainsburys_prod_name": "Alberto Balsam Hair Shampoo, Sunkissed Raspberry 350ml", "sainsburys_discounted_price": "£1.00", "sainsburys_offer_desc": null, "sainsburys_url": "https://www.sainsburys.co.uk/shop/gb/groceries/product/details/shampoo-247823-44/alberto-balsam-sun-kissed-raspberry-shampoo-350ml", "sainsburys_rating": "4.3009", "sainsburys_unit_price": "29p", "sainsburys_availability": null, "images": []},
{"client": "Sainsburys", "time": "2020-08-05 12:54:33", "category": "Shampoo", "id": "0000001877588", "sainsburys_prod_name": "Sainsbury's Classic Clean Anti-Dandruff Shampoo 300ml", "sainsburys_discounted_price": "£1.00", "sainsburys_offer_desc": null, "sainsburys_url": "https://www.sainsburys.co.uk/shop/gb/groceries/product/details/shampoo-247823-44/sainsburys-classic-clean-anti-dandruff-s-p-300ml", "sainsburys_rating": "4.2", "sainsburys_unit_price": "33p", "sainsburys_availability": null, "images": []},
{"client": "Sainsburys", "time": "2020-08-05 12:54:33", "category": "Shampoo", "id": "3600520432724", "sainsburys_prod_name": "L'Oreal Elvive Colour Protect Coloured Hair Shampoo 250ml", "sainsburys_discounted_price": "£3.00", "sainsburys_offer_desc": null, "sainsburys_url": "https://www.sainsburys.co.uk/shop/gb/groceries/product/details/shampoo-247823-44/loreal-elvive-colour-protect-coloured-hair-shampoo-250ml", "sainsburys_rating": "5.0", "sainsburys_unit_price": "£1.20", "sainsburys_availability": null, "images": []},
{"client": "Sainsburys", "time": "2020-08-05 12:54:33", "category": "Shampoo", "id": "5410076390427|0038785307106|0038785307007", "sainsburys_prod_name": "Aussie Mega Instant Shampoo 300ml", "sainsburys_discounted_price": "£4.00", "sainsburys_offer_desc": null, "sainsburys_url": "https://www.sainsburys.co.uk/shop/gb/groceries/product/details/shampoo-247823-44/aussie-shampoo--mega-300ml", "sainsburys_rating": "4.6833", "sainsburys_unit_price": "£1.33", "sainsburys_availability": null, "images": []},
{"client": "Sainsburys", "time": "2020-08-05 12:54:33", "category": "Shampoo", "id": "0000001877571", "sainsburys_prod_name": "Sainsbury's Classic Clean Anti-Dandruff 2 in 1 Shampoo 300ml", "sainsburys_discounted_price": "£1.00", "sainsburys_offer_desc": null, "sainsburys_url": "https://www.sainsburys.co.uk/shop/gb/groceries/product/details/shampoo-247823-44/sainsburys-classic-clean-2in1-anti-dandruff300ml", "sainsburys_rating": "4.75", "sainsburys_unit_price": "33p", "sainsburys_availability": null, "images": []},
{"client": "Sainsburys", "time": "2020-08-05 12:54:33", "category": "Shampoo", "id": "0000000203524|0000000286442", "sainsburys_prod_name": "Sainsbury's Coconut Shampoo 500ml", "sainsburys_discounted_price": "75p", "sainsburys_offer_desc": null, "sainsburys_url": "https://www.sainsburys.co.uk/shop/gb/groceries/product/details/shampoo-247823-44/sainsburys-coconut-shampoo-500ml", "sainsburys_rating": "3.4545", "sainsburys_unit_price": "15p", "sainsburys_availability": null, "images": []},
{"client": "Sainsburys", "time": "2020-08-05 12:54:33", "category": "Shampoo", "id": "8717163902998|5012254060711", "sainsburys_prod_name": "TRESemmé Colour Revitalise Colour, Fade Protection Hair Shampoo 900ml", "sainsburys_discounted_price": "£2.95", "sainsburys_offer_desc": null, "sainsburys_url": "https://www.sainsburys.co.uk/shop/gb/groceries/product/details/shampoo-247823-44/tresemm%C3%A9-colour-revitalise-colour-fade-protection-hair-shampoo-900ml", "sainsburys_rating": "4.529", "sainsburys_unit_price": "33p", "sainsburys_availability": null, "images": []},
{"client": "Sainsburys", "time": "2020-08-05 12:54:33", "category": "Shampoo", "id": "8710908177071", "sainsburys_prod_name": "Alberto Balsam Coconut & Lychee Hair Shampoo 350ml", "sainsburys_discounted_price": "£1.00", "sainsburys_offer_desc": null, "sainsburys_url": "https://www.sainsburys.co.uk/shop/gb/groceries/product/details/shampoo-247823-44/alberto-balsam-coconut---lychee-shampoo-350ml", "sainsburys_rating": "4.1757", "sainsburys_unit_price": "29p", "sainsburys_availability": null, "images": []},
{"client": "Sainsburys", "time": "2020-08-05 12:54:33", "category": "Shampoo", "id": "8710908181092", "sainsburys_prod_name": "Alberto Balsam Tea Tree Tingle Shampoo 350ml", "sainsburys_discounted_price": "£1.00", "sainsburys_offer_desc": null, "sainsburys_url": "https://www.sainsburys.co.uk/shop/gb/groceries/product/details/shampoo-247823-44/alberto-balsam-tea-tree-tingle-shampoo-350ml", "sainsburys_rating": "4.2683", "sainsburys_unit_price": "29p", "sainsburys_availability": null, "images": []},
{"client": "Sainsburys", "time": "2020-08-05 12:54:33", "category": "Shampoo", "id": "8710908178399", "sainsburys_prod_name": "Alberto Balsam Juicy Green Apple Hair Shampoo 350ml", "sainsburys_discounted_price": "£1.00", "sainsburys_offer_desc": null, "sainsburys_url": "https://www.sainsburys.co.uk/shop/gb/groceries/product/details/shampoo-247823-44/alberto-balsam-juicy-green-apple-shampoo-350ml", "sainsburys_rating": "4.3197", "sainsburys_unit_price": "29p", "sainsburys_availability": null, "images": []},
{"client": "Sainsburys", "time": "2020-08-05 12:54:33", "category": "Shampoo", "id": "5410076498994|5013965602160", "sainsburys_prod_name": "Head & Shoulders Itchy Scalp & Anti-Dandruff Shampoo 500ml", "sainsburys_discounted_price": "£4.50", "sainsburys_offer_desc": null, "sainsburys_url": "https://www.sainsburys.co.uk/shop/gb/groceries/product/details/shampoo-247823-44/head---shoulders-itchy-scalp---anti-dandruff-shampoo-500ml", "sainsburys_rating": "4.4679", "sainsburys_unit_price": "90p", "sainsburys_availability": null, "images": []},
{"client": "Sainsburys", "time": "2020-08-05 12:54:33", "category": "Shampoo", "id": "0038785685136|5410076390717", "sainsburys_prod_name": "Aussie Aussome Volume Shampoo 300ml", "sainsburys_discounted_price": "£4.00", "sainsburys_offer_desc": null, "sainsburys_url": "https://www.sainsburys.co.uk/shop/gb/groceries/product/details/shampoo-247823-44/aussie-aussome-volume-shampoo-300ml", "sainsburys_rating": "4.3012", "sainsburys_unit_price": "£1.33", "sainsburys_availability": null, "images": []},
{"client": "Sainsburys", "time": "2020-08-05 12:54:33", "category": "Shampoo", "id": "5013965601088|5410076230020", "sainsburys_prod_name": "Head & Shoulders Citrus Fresh Anti-Dandruff Shampoo 500ml", "sainsburys_discounted_price": "£4.50", "sainsburys_offer_desc": null, "sainsburys_url": "https://www.sainsburys.co.uk/shop/gb/groceries/product/details/shampoo-247823-44/head---shoulders-citrus-fresh-shampoo-500ml", "sainsburys_rating": "4.328", "sainsburys_unit_price": "90p", "sainsburys_availability": null, "images": []},
{"client": "Sainsburys", "time": "2020-08-05 12:54:33", "category": "Shampoo", "id": "3600520753454", "sainsburys_prod_name": "L'Oreal Elvive Nutri Gloss Shine Dull Hair Shampoo 400ml", "sainsburys_discounted_price": "£2.50", "sainsburys_offer_desc": "Only £2.50: Save £1.00", "sainsburys_url": "https://www.sainsburys.co.uk/shop/gb/groceries/product/details/shampoo-247823-44/loreal-elvive-nutri-gloss-shine-dull-hair-shampoo-400ml", "sainsburys_rating": "3.5", "sainsburys_unit_price": "63p", "sainsburys_availability": null, "images": []},
{"client": "Sainsburys", "time": "2020-08-05 12:54:33", "category": "Shampoo", "id": "5410076230280", "sainsburys_prod_name": "Head & Shoulders Apple Anti-Dandruff Shampoo 500ml", "sainsburys_discounted_price": "£4.50", "sainsburys_offer_desc": null, "sainsburys_url": "https://www.sainsburys.co.uk/shop/gb/groceries/product/details/shampoo-247823-44/h-s-apple-shampoo-500ml", "sainsburys_rating": "4.7079", "sainsburys_unit_price": "90p", "sainsburys_availability": null, "images": []},
{"client": "Sainsburys", "time": "2020-08-05 12:54:33", "category": "Shampoo", "id": "3600521705674", "sainsburys_prod_name": "L'Oreal Elvive Full Restore 5 Damaged Hair Shampoo 400ml", "sainsburys_discounted_price": "£2.50", "sainsburys_offer_desc": "Only £2.50: Save £1.00", "sainsburys_url": "https://www.sainsburys.co.uk/shop/gb/groceries/product/details/shampoo-247823-44/elvive-full-restore-5-shampoo-400ml", "sainsburys_rating": "4.7121", "sainsburys_unit_price": "63p", "sainsburys_availability": null, "images": []},
{"client": "Sainsburys", "time": "2020-08-05 12:54:33", "category": "Shampoo", "id": "5012716192004", "sainsburys_prod_name": "Neutrogena T/Gel Therapeutic Shampoo 250ml", "sainsburys_discounted_price": "", "sainsburys_offer_desc": null, "sainsburys_url": "https://www.sainsburys.co.uk/shop/gb/groceries/product/details/shampoo-247823-44/neutrogena-t-gel-therapeutic-shampoo-250ml", "sainsburys_rating": null, "sainsburys_unit_price": null, "sainsburys_availability": "Product not available", "images": []},
{"client": "Sainsburys", "time": "2020-08-05 12:54:33", "category": "Shampoo", "id": "3600522713203", "sainsburys_prod_name": "L'Oreal Elvive Extraordinary Oil Dry Hair Shampoo 400ml", "sainsburys_discounted_price": "£2.50", "sainsburys_offer_desc": "Only £2.50: Save £1.00", "sainsburys_url": "https://www.sainsburys.co.uk/shop/gb/groceries/product/details/shampoo-247823-44/elvive-extraordinary-oil-shampoo--dry-hair-400ml", "sainsburys_rating": "4.6868", "sainsburys_unit_price": "63p", "sainsburys_availability": null, "images": []},
{"client": "Sainsburys", "time": "2020-08-05 12:54:33", "category": "Shampoo", "id": "5017634091033|5017634090043|5037156227567", "sainsburys_prod_name": "John Frieda Brilliant Brunette Moisturising Shampoo 250ml", "sainsburys_discounted_price": "£6.00", "sainsburys_offer_desc": null, "sainsburys_url": "https://www.sainsburys.co.uk/shop/gb/groceries/product/details/shampoo-247823-44/john-frieda-brilliant-brunette-moisturising-shampoo-250ml", "sainsburys_rating": "4.5086", "sainsburys_unit_price": "£2.40", "sainsburys_availability": null, "images": []},
{"client": "Sainsburys", "time": "2020-08-05 12:54:33", "category": "Shampoo", "id": "5410076896301", "sainsburys_prod_name": "Herbal Essences Bee Strong Shampoo 400ml", "sainsburys_discounted_price": "£2.00", "sainsburys_offer_desc": null, "sainsburys_url": "https://www.sainsburys.co.uk/shop/gb/groceries/product/details/shampoo-247823-44/herbal-essences-bee-strong-shampoo-400ml", "sainsburys_rating": "4.6049", "sainsburys_unit_price": "50p", "sainsburys_availability": null, "images": []},
{"client": "Sainsburys", "time": "2020-08-05 12:54:33", "category": "Shampoo", "id": "8001090222848", "sainsburys_prod_name": "Herbal Essences Bio:Renew Shampoo 400ml Argan Oil of Morocco", "sainsburys_discounted_price": "£4.50", "sainsburys_offer_desc": null, "sainsburys_url": "https://www.sainsburys.co.uk/shop/gb/groceries/product/details/shampoo-247823-44/herbal-bio-renew-argan-oil-shampoo-400ml", "sainsburys_rating": "4.7739", "sainsburys_unit_price": "£1.13", "sainsburys_availability": null, "images": []},
{"client": "Sainsburys", "time": "2020-08-05 12:54:33", "category": "Shampoo", "id": "5410076514366", "sainsburys_prod_name": "Aussie Miracle Moist Shampoo 500ml", "sainsburys_discounted_price": "£4.50", "sainsburys_offer_desc": "Only £4.50: Save £1.00", "sainsburys_url": "https://www.sainsburys.co.uk/shop/gb/groceries/product/details/shampoo-247823-44/aussie-miracle-moist-shampoo-500ml", "sainsburys_rating": "4.8344", "sainsburys_unit_price": "90p", "sainsburys_availability": null, "images": []},
{"client": "Sainsburys", "time": "2020-08-05 12:54:33", "category": "Shampoo", "id": "5017634030797|5017634119706", "sainsburys_prod_name": "John Frieda Luxurious Volume Thickening Shampoo 250ml", "sainsburys_discounted_price": "£6.00", "sainsburys_offer_desc": null, "sainsburys_url": "https://www.sainsburys.co.uk/shop/gb/groceries/product/details/shampoo-247823-44/john-frieda-luxurious-volume-thickening-shampoo-250ml", "sainsburys_rating": "4.3146", "sainsburys_unit_price": "£2.40", "sainsburys_availability": null, "images": []},
{"client": "Sainsburys", "time": "2020-08-05 12:54:33", "category": "Shampoo", "id": "5013965601309|5410076498888", "sainsburys_prod_name": "Head & Shoulders Smooth & Silky Anti-Dandruff Shampoo 500ml", "sainsburys_discounted_price": "£4.50", "sainsburys_offer_desc": null, "sainsburys_url": "https://www.sainsburys.co.uk/shop/gb/groceries/product/details/shampoo-247823-44/head---shoulders-smooth---silky-anti-dandruff-shampoo-500ml", "sainsburys_rating": "4.6175", "sainsburys_unit_price": "90p", "sainsburys_availability": null, "images": []},
{"client": "Sainsburys", "time": "2020-08-05 12:54:33", "category": "Shampoo", "id": "8712561488280", "sainsburys_prod_name": "Dove Intensive Repair Shampoo 400ml", "sainsburys_discounted_price": "£2.00", "sainsburys_offer_desc": null, "sainsburys_url": "https://www.sainsburys.co.uk/shop/gb/groceries/product/details/shampoo-247823-44/dove-intensive-repair-shampoo-400ml", "sainsburys_rating": "4.6623", "sainsburys_unit_price": "50p", "sainsburys_availability": null, "images": []},
{"client": "Sainsburys", "time": "2020-08-05 12:54:33", "category": "Shampoo", "id": "3600521196441|3600522992592", "sainsburys_prod_name": "L'Oreal Paris Elvive Nutri-Gloss Light Shampoo 400ml", "sainsburys_discounted_price": "£2.50", "sainsburys_offer_desc": "Only £2.50: Save £1.00", "sainsburys_url": "https://www.sainsburys.co.uk/shop/gb/groceries/product/details/shampoo-247823-44/loreal-paris-elvive-nutri-gloss-light-shampoo-400ml", "sainsburys_rating": "5.0", "sainsburys_unit_price": "63p", "sainsburys_availability": null, "images": []},
{"client": "Sainsburys", "time": "2020-08-05 12:54:33", "category": "Shampoo", "id": "5011321879980", "sainsburys_prod_name": "Herbal Essences Beautiful Ends Shampoo 400ml", "sainsburys_discounted_price": "£2.00", "sainsburys_offer_desc": null, "sainsburys_url": "https://www.sainsburys.co.uk/shop/gb/groceries/product/details/shampoo-247823-44/herbal-essences-beautiful-ends-shampoo-400ml", "sainsburys_rating": "4.715", "sainsburys_unit_price": "50p", "sainsburys_availability": null, "images": []},
{"client": "Sainsburys", "time": "2020-08-05 12:54:33", "category": "Shampoo", "id": "3600522496038", "sainsburys_prod_name": "L'Oreal Elvive Fibrology Fine Hair Thickening Shampoo 250ml", "sainsburys_discounted_price": "£3.00", "sainsburys_offer_desc": null, "sainsburys_url": "https://www.sainsburys.co.uk/shop/gb/groceries/product/details/shampoo-247823-44/elvive-fibrology-shampoo-250ml", "sainsburys_rating": "3.75", "sainsburys_unit_price": "£1.20", "sainsburys_availability": null, "images": []},
{"client": "Sainsburys", "time": "2020-08-05 12:54:33", "category": "Shampoo", "id": "5037156140514|5037156227352", "sainsburys_prod_name": "John Frieda Sheer Blonde Go Blonder Shampoo 250ml", "sainsburys_discounted_price": "£7.00", "sainsburys_offer_desc": null, "sainsburys_url": "https://www.sainsburys.co.uk/shop/gb/groceries/product/details/shampoo-247823-44/john-frieda-sheer-blonde-go-blonder-shampoo-250ml", "sainsburys_rating": "4.3309", "sainsburys_unit_price": "£2.80", "sainsburys_availability": null, "images": []},
{"client": "Sainsburys", "time": "2020-08-05 12:54:33", "category": "Shampoo", "id": "5011321431140|5410076229468", "sainsburys_prod_name": "Head & Shoulders Citrus Fresh Anti-Dandruff Shampoo 250ml", "sainsburys_discounted_price": "£2.00", "sainsburys_offer_desc": "Only £2.00: Save 75p", "sainsburys_url": "https://www.sainsburys.co.uk/shop/gb/groceries/product/details/shampoo-247823-44/head---shoulders-citrus-fresh-anti-dandruff-shampoo-250ml", "sainsburys_rating": "4.328", "sainsburys_unit_price": "80p", "sainsburys_availability": null, "images": []},
{"client": "Sainsburys", "time": "2020-08-05 12:54:33", "category": "Shampoo", "id": "4084500910119", "sainsburys_prod_name": "Herbal Detox Clean Golden Raspberry & Mint Shampoo 400ml", "sainsburys_discounted_price": "£2.00", "sainsburys_offer_desc": null, "sainsburys_url": "https://www.sainsburys.co.uk/shop/gb/groceries/product/details/shampoo-247823-44/herbal-essences-clearly-naked-daily-clean-shampoo-400ml", "sainsburys_rating": "4.6636", "sainsburys_unit_price": "50p", "sainsburys_availability": null, "images": []},
{"client": "Sainsburys", "time": "2020-08-05 12:54:33", "category": "Shampoo", "id": "4015600729509", "sainsburys_prod_name": "Head & Shoulders Apple Anti-Dandruff 2 in 1 Shampoo 450ml", "sainsburys_discounted_price": "£3.50", "sainsburys_offer_desc": "Only £3.50: Save £1.00", "sainsburys_url": "https://www.sainsburys.co.uk/shop/gb/groceries/product/details/shampoo-247823-44/head---shoulder-apple-2-in-1-450ml", "sainsburys_rating": "4.7212", "sainsburys_unit_price": "78p", "sainsburys_availability": null, "images": []},
{"client": "Sainsburys", "time": "2020-08-05 12:54:33", "category": "Shampoo", "id": "5017634012557", "sainsburys_prod_name": "John Frieda Frizz Ease Flawlessly Straight Shampoo 250ml", "sainsburys_discounted_price": "£6.00", "sainsburys_offer_desc": null, "sainsburys_url": "https://www.sainsburys.co.uk/shop/gb/groceries/product/details/shampoo-247823-44/john-frieda-frizz-ease-straight-ahead-shampoo-250ml", "sainsburys_rating": "4.5897", "sainsburys_unit_price": "£2.40", "sainsburys_availability": null, "images": []},
{"client": "Sainsburys", "time": "2020-08-05 12:54:33", "category": "Shampoo", "id": "3600541607101|3600542134590", "sainsburys_prod_name": "Garnier Ultimate Blends Honey Strengthening Shampoo 360ml", "sainsburys_discounted_price": "£2.00", "sainsburys_offer_desc": null, "sainsburys_url": "https://www.sainsburys.co.uk/shop/gb/groceries/product/details/shampoo-247823-44/ultimate-blends-strength-rest-sham-400ml", "sainsburys_rating": "4.3571", "sainsburys_unit_price": "56p", "sainsburys_availability": null, "images": []},
{"client": "Sainsburys", "time": "2020-08-05 12:54:33", "category": "Shampoo", "id": "5410076230181", "sainsburys_prod_name": "Head & Shoulders Apple Anti-Dandruff Shampoo 250ml", "sainsburys_discounted_price": "£2.00", "sainsburys_offer_desc": "Only £2.00: Save 75p", "sainsburys_url": "https://www.sainsburys.co.uk/shop/gb/groceries/product/details/shampoo-247823-44/h-s-apple-shampoo-250ml", "sainsburys_rating": "4.7069", "sainsburys_unit_price": "80p", "sainsburys_availability": null, "images": []},
{"client": "Sainsburys", "time": "2020-08-05 12:54:33", "category": "Shampoo", "id": "5410076514397", "sainsburys_prod_name": "Aussie Mega Instant Shampoo 500ml", "sainsburys_discounted_price": "£4.50", "sainsburys_offer_desc": "Only £4.50: Save £1.00", "sainsburys_url": "https://www.sainsburys.co.uk/shop/gb/groceries/product/details/shampoo-247823-44/aussie-mega-shampoo-500ml", "sainsburys_rating": "4.6358", "sainsburys_unit_price": "90p", "sainsburys_availability": null, "images": []},
{"client": "Sainsburys", "time": "2020-08-05 12:54:33", "category": "Shampoo", "id": "5037156060713|5037156051858|5037156227314", "sainsburys_prod_name": "John Frieda Sheer Light Blondes Highlight Activating Shampoo 250ml", "sainsburys_discounted_price": "£6.00", "sainsburys_offer_desc": null, "sainsburys_url": "https://www.sainsburys.co.uk/shop/gb/groceries/product/details/shampoo-247823-44/john-frieda-sheer-blonde-moisturizing-shampoo--lighter-blonde-250ml", "sainsburys_rating": "4.6139", "sainsburys_unit_price": "£2.40", "sainsburys_availability": null, "images": []},
{"client": "Sainsburys", "time": "2020-08-05 12:54:33", "category": "Shampoo", "id": "3600523214730", "sainsburys_prod_name": "L'Oreal Elvive Clay Oily Roots Shampoo 400ml", "sainsburys_discounted_price": "£2.50", "sainsburys_offer_desc": "Only £2.50: Save £1.00", "sainsburys_url": "https://www.sainsburys.co.uk/shop/gb/groceries/product/details/shampoo-247823-44/elvive-extraordinary-clay-shampoo-400ml", "sainsburys_rating": "5.0", "sainsburys_unit_price": "63p", "sainsburys_availability": null, "images": []},
{"client": "Sainsburys", "time": "2020-08-05 12:54:33", "category": "Shampoo", "id": "5017634119010", "sainsburys_prod_name": "John Frieda Frizz Ease Moisture Barrier Firm Hold Hairspray 250ml", "sainsburys_discounted_price": "£6.00", "sainsburys_offer_desc": null, "sainsburys_url": "https://www.sainsburys.co.uk/shop/gb/groceries/product/details/shampoo-247823-44/john-frieda-frizz-ease-moisture-barrier-firm-hold-hair-spray-250ml", "sainsburys_rating": "4.1875", "sainsburys_unit_price": "£2.40", "sainsburys_availability": null, "images": []},
{"client": "Sainsburys", "time": "2020-08-05 12:54:33", "category": "Shampoo", "id": "0000050398997", "sainsburys_prod_name": "TRESemmé Moisture Rich, Luxurious Moisture Shampoo 100ml", "sainsburys_discounted_price": "£1.55", "sainsburys_offer_desc": null, "sainsburys_url": "https://www.sainsburys.co.uk/shop/gb/groceries/product/details/shampoo-247823-44/tresemm%C3%A9-moisture-rich-luxurious-moisture-shampoo-100ml", "sainsburys_rating": "4.3905", "sainsburys_unit_price": "£1.55", "sainsburys_availability": null, "images": []},
{"client": "Sainsburys", "time": "2020-08-05 12:54:33", "category": "Shampoo", "id": "0022796976116", "sainsburys_prod_name": "Ogx Renew Argan Oil Of Morocco Shampoo 385ml", "sainsburys_discounted_price": "£4.70", "sainsburys_offer_desc": "Only £4.70: Save £2.30", "sainsburys_url": "https://www.sainsburys.co.uk/shop/gb/groceries/product/details/shampoo-247823-44/ogx-renew-argan-oil-of-morocco-s-p-385ml-7735459-p-44", "sainsburys_rating": "5.0", "sainsburys_unit_price": "£1.22", "sainsburys_availability": null, "images": []},
{"client": "Sainsburys", "time": "2020-08-05 12:54:33", "category": "Shampoo", "id": "3600523586370", "sainsburys_prod_name": "L'Oreal Elvive Dream Lengths Long Hair Shampoo 400ml", "sainsburys_discounted_price": "£2.50", "sainsburys_offer_desc": "Only £2.50: Save £1.00", "sainsburys_url": "https://www.sainsburys.co.uk/shop/gb/groceries/product/details/shampoo-247823-44/loreal-elvive-dream-lengths-long-hair-shampoo-400ml", "sainsburys_rating": "4.7312", "sainsburys_unit_price": "63p", "sainsburys_availability": null, "images": []},
{"client": "Sainsburys", "time": "2020-08-05 12:54:33", "category": "Shampoo", "id": "8001090222428", "sainsburys_prod_name": "Herbal Essences Bio:Renew Shampoo 400ml Coconut Milk Hydrate", "sainsburys_discounted_price": "£4.50", "sainsburys_offer_desc": null, "sainsburys_url": "https://www.sainsburys.co.uk/shop/gb/groceries/product/details/shampoo-247823-44/herbal-bio-renew-coconut-milk-sham-400ml", "sainsburys_rating": "4.7483", "sainsburys_unit_price": "£1.13", "sainsburys_availability": null, "images": []},
{"client": "Sainsburys", "time": "2020-08-05 12:54:33", "category": "Shampoo", "id": "5060152792654", "sainsburys_prod_name": "Phil Smith Be Gorgeous Shampoo, Bombshell Blonde 350ml", "sainsburys_discounted_price": "£3.50", "sainsburys_offer_desc": null, "sainsburys_url": "https://www.sainsburys.co.uk/shop/gb/groceries/product/details/shampoo-247823-44/phil-smith-be-gorg-bomb-shell-s-p-350ml", "sainsburys_rating": "5.0", "sainsburys_unit_price": "£1.00", "sainsburys_availability": null, "images": []},
{"client": "Sainsburys", "time": "2020-08-05 12:54:33", "category": "Shampoo", "id": "8001841271880", "sainsburys_prod_name": "Pantene Pro-V Classic Clean Shampoo For Normal To Mixed Hair 500ml", "sainsburys_discounted_price": "£2.50", "sainsburys_offer_desc": "Only £2.50: Save £1.00", "sainsburys_url": "https://www.sainsburys.co.uk/shop/gb/groceries/product/details/shampoo-247823-44/pantene-pro-v-classic-clean-shampoo-for-normal-to-mixed-hair-500ml", "sainsburys_rating": "2.0", "sainsburys_unit_price": "50p", "sainsburys_availability": null, "images": []},
{"client": "Sainsburys", "time": "2020-08-05 12:54:33", "category": "Shampoo", "id": "5060152792814", "sainsburys_prod_name": "Phil Smith Be Gorgeous Shampoo, Cocolicious 350ml", "sainsburys_discounted_price": "£3.50", "sainsburys_offer_desc": null, "sainsburys_url": "https://www.sainsburys.co.uk/shop/gb/groceries/product/details/shampoo-247823-44/phil-smith-be-gorg-cocolicious-s-p-350ml", "sainsburys_rating": "5.0", "sainsburys_unit_price": "£1.00", "sainsburys_availability": null, "images": []},
{"client": "Sainsburys", "time": "2020-08-05 12:54:33", "category": "Shampoo", "id": "8001841274423", "sainsburys_prod_name": "Pantene Pro-V Classic Clean 3in1 Shampoo Conditioner Treatment For Normal To Mixed Hair 450ml", "sainsburys_discounted_price": "£2.50", "sainsburys_offer_desc": "Only £2.50: Save £1.00", "sainsburys_url": "https://www.sainsburys.co.uk/shop/gb/groceries/product/details/shampoo-247823-44/pantene-pro-v-classic-clean-3in1-shampoo-conditioner-treatment-for-normal-to-mixed-hair-450ml", "sainsburys_rating": "4.75", "sainsburys_unit_price": "56p", "sainsburys_availability": null, "images": []},
{"client": "Sainsburys", "time": "2020-08-05 12:54:33", "category": "Shampoo", "id": "0022796970053", "sainsburys_prod_name": "Ogx Nourish Coconut Milk Shampoo 385ml", "sainsburys_discounted_price": "£4.70", "sainsburys_offer_desc": "Only £4.70: Save £2.30", "sainsburys_url": "https://www.sainsburys.co.uk/shop/gb/groceries/product/details/shampoo-247823-44/ogx-nourish-coconut-milk-shampoo-385ml-7735579-p-44", "sainsburys_rating": "5.0", "sainsburys_unit_price": "£1.22", "sainsburys_availability": null, "images": []},
{"client": "Sainsburys", "time": "2020-08-05 12:54:33", "category": "Shampoo", "id": "3600542133531|3600541367678", "sainsburys_prod_name": "Garnier Ultimate Blends Coconut Oil Frizzy Vegan Hair Shampoo 360ml", "sainsburys_discounted_price": "£2.00", "sainsburys_offer_desc": null, "sainsburys_url": "https://www.sainsburys.co.uk/shop/gb/groceries/product/details/shampoo-247823-44/garnier-ultimate-blends-coconut-oil-frizzy-hair-shampoo-400ml", "sainsburys_rating": "3.7333", "sainsburys_unit_price": "56p", "sainsburys_availability": null, "images": []},
{"client": "Sainsburys", "time": "2020-08-05 12:54:33", "category": "Shampoo", "id": "3574661450773|3574661106540", "sainsburys_prod_name": "Neutrogena T/Gel 2in1 Shampoo & Conditioner 250ml", "sainsburys_discounted_price": "£7.00", "sainsburys_offer_desc": null, "sainsburys_url": "https://www.sainsburys.co.uk/shop/gb/groceries/product/details/shampoo-247823-44/neutrogena-t-gel--2in1-shampoo---conditioner-250ml", "sainsburys_rating": "5.0", "sainsburys_unit_price": "£2.80", "sainsburys_availability": null, "images": []},
{"client": "Sainsburys", "time": "2020-08-05 12:54:33", "category": "Shampoo", "id": "3600522448518", "sainsburys_prod_name": "L'Oreal Elvive Extraordinary Oil Dry Hair Shampoo 250ml", "sainsburys_discounted_price": "£3.00", "sainsburys_offer_desc": null, "sainsburys_url": "https://www.sainsburys.co.uk/shop/gb/groceries/product/details/shampoo-247823-44/elvive-extraordinary-oil-shampoo--dry-hair-250ml", "sainsburys_rating": "3.5", "sainsburys_unit_price": "£1.20", "sainsburys_availability": null, "images": []},
{"client": "Sainsburys", "time": "2020-08-05 12:54:33", "category": "Shampoo", "id": "5012008469401", "sainsburys_prod_name": "PRO:VOKE Touch Of Silver Colour Care Shampoo 400ml", "sainsburys_discounted_price": "£4.00", "sainsburys_offer_desc": null, "sainsburys_url": "https://www.sainsburys.co.uk/shop/gb/groceries/product/details/shampoo-247823-44/touch-of-silver-daily-maint-shampoo400ml", "sainsburys_rating": "4.3333", "sainsburys_unit_price": "£1.00", "sainsburys_availability": null, "images": []},
{"client": "Sainsburys", "time": "2020-08-05 12:54:33", "category": "Shampoo", "id": "5410076764754", "sainsburys_prod_name": "Aussie Shine Shampoo 300ml", "sainsburys_discounted_price": "£4.00", "sainsburys_offer_desc": null, "sainsburys_url": "https://www.sainsburys.co.uk/shop/gb/groceries/product/details/shampoo-247823-44/aussie-shine-shampoo-300ml", "sainsburys_rating": "4.5", "sainsburys_unit_price": "£1.33", "sainsburys_availability": null, "images": []},
{"client": "Sainsburys", "time": "2020-08-05 12:54:33", "category": "Shampoo", "id": "5410076229901|5011321369757|8001090098023", "sainsburys_prod_name": "Head & Shoulders Classic Clean Anti-Dandruff Shampoo 90ml", "sainsburys_discounted_price": "£1.55", "sainsburys_offer_desc": null, "sainsburys_url": "https://www.sainsburys.co.uk/shop/gb/groceries/product/details/shampoo-247823-44/head---shoulders-classic-clean-anti-dandruff-shampoo-75ml", "sainsburys_rating": "4.3559", "sainsburys_unit_price": "£1.72", "sainsburys_availability": null, "images": []},
{"client": "Sainsburys", "time": "2020-08-05 12:54:33", "category": "Shampoo", "id": "5410076514427", "sainsburys_prod_name": "Aussie Colour Mate Shampoo 500ml", "sainsburys_discounted_price": "£4.50", "sainsburys_offer_desc": "Only £4.50: Save £1.00", "sainsburys_url": "https://www.sainsburys.co.uk/shop/gb/groceries/product/details/shampoo-247823-44/aussie-colour-shampoo-500ml-7529257-p-44", "sainsburys_rating": "4.6547", "sainsburys_unit_price": "90p", "sainsburys_availability": null, "images": []},
{"client": "Sainsburys", "time": "2020-08-05 12:54:33", "category": "Shampoo", "id": "8001090222480", "sainsburys_prod_name": "Herbal Essences Bio:Renew Shampoo 400ml White Grapefruit & Mint Volume", "sainsburys_discounted_price": "£4.50", "sainsburys_offer_desc": null, "sainsburys_url": "https://www.sainsburys.co.uk/shop/gb/groceries/product/details/shampoo-247823-44/herbal-bio-renew-grapefruit-vol-sh-400ml", "sainsburys_rating": "4.7305", "sainsburys_unit_price": "£1.13", "sainsburys_availability": null, "images": []},
{"client": "Sainsburys", "time": "2020-08-05 12:54:33", "category": "Shampoo", "id": "5037156133974|5037156227376", "sainsburys_prod_name": "John Frieda Sheer Blonde Colour Renew Shampoo 250ml", "sainsburys_discounted_price": "£6.00", "sainsburys_offer_desc": null, "sainsburys_url": "https://www.sainsburys.co.uk/shop/gb/groceries/product/details/shampoo-247823-44/john-frieda-sheer-blonde-colour-renew-shampoo-250ml", "sainsburys_rating": "4.5846", "sainsburys_unit_price": "£2.40", "sainsburys_availability": null, "images": []},
{"client": "Sainsburys", "time": "2020-08-05 12:54:33", "category": "Shampoo", "id": "8710447224342", "sainsburys_prod_name": "TRESemmé Keratin Smooth Hair Shampoo 400ml", "sainsburys_discounted_price": "£3.50", "sainsburys_offer_desc": null, "sainsburys_url": "https://www.sainsburys.co.uk/shop/gb/groceries/product/details/shampoo-247823-44/tresemme-keratin-hair-shampoo-400ml", "sainsburys_rating": "4.5532", "sainsburys_unit_price": "88p", "sainsburys_availability": null, "images": []},
{"client": "Sainsburys", "time": "2020-08-05 12:54:33", "category": "Shampoo", "id": "5037156057638|5037156060690|5037156227291", "sainsburys_prod_name": "John Frieda Sheer Blonde Enhancing Shampoo 250ml", "sainsburys_discounted_price": "£6.00", "sainsburys_offer_desc": null, "sainsburys_url": "https://www.sainsburys.co.uk/shop/gb/groceries/product/details/shampoo-247823-44/john-frieda-sheer-blonde-enhancing-highlight-activating-lighter-blonde-shampoo-250ml", "sainsburys_rating": "4.1048", "sainsburys_unit_price": "£2.40", "sainsburys_availability": null, "images": []},
{"client": "Sainsburys", "time": "2020-08-05 12:54:33", "category": "Shampoo", "id": "5037156210330", "sainsburys_prod_name": "John Frieda Frizz Ease Miraculous Recovery Shampoo 250ml", "sainsburys_discounted_price": "£7.00", "sainsburys_offer_desc": null, "sainsburys_url": "https://www.sainsburys.co.uk/shop/gb/groceries/product/details/shampoo-247823-44/frizz-ease-mirac-recovery-shampoo-250ml", "sainsburys_rating": "4.5", "sainsburys_unit_price": "£2.80", "sainsburys_availability": null, "images": []},
{"client": "Sainsburys", "time": "2020-08-05 12:54:33", "category": "Shampoo", "id": "8001841271972", "sainsburys_prod_name": "Pantene Pro-V Repair & Protect Shampoo For Damaged Hair 500ml", "sainsburys_discounted_price": "£2.50", "sainsburys_offer_desc": "Only £2.50: Save £1.00", "sainsburys_url": "https://www.sainsburys.co.uk/shop/gb/groceries/product/details/shampoo-247823-44/pantene-pro-v-repair-protect-shampoo-for-damaged-hair-500ml", "sainsburys_rating": "4.461", "sainsburys_unit_price": "50p", "sainsburys_availability": null, "images": []},
{"client": "Sainsburys", "time": "2020-08-05 12:54:33", "category": "Shampoo", "id": "3600542087735|3600542133661", "sainsburys_prod_name": "Garnier Ultimate Blends Coconut Water Dry Vegan Hair Shampoo 360ml", "sainsburys_discounted_price": "£2.00", "sainsburys_offer_desc": null, "sainsburys_url": "https://www.sainsburys.co.uk/shop/gb/groceries/product/details/shampoo-247823-44/garnier-ultimate-blends-coconut-water-dry-hair-shampoo-400ml", "sainsburys_rating": "4.6118", "sainsburys_unit_price": "56p", "sainsburys_availability": null, "images": []},
{"client": "Sainsburys", "time": "2020-08-05 12:54:33", "category": "Shampoo", "id": "1250005545467|5410076390458", "sainsburys_prod_name": "Aussie Colour Mate Shampoo For Vibrant, Coloured Hair 300ml", "sainsburys_discounted_price": "£4.00", "sainsburys_offer_desc": null, "sainsburys_url": "https://www.sainsburys.co.uk/shop/gb/groceries/product/details/shampoo-247823-44/aussie-colour-mate-shampoo-for-vibrant--coloured-hair-300ml", "sainsburys_rating": "4.6713", "sainsburys_unit_price": "£1.33", "sainsburys_availability": null, "images": []},
{"client": "Sainsburys", "time": "2020-08-05 12:54:33", "category": "Shampoo", "id": "8001090222541", "sainsburys_prod_name": "Herbal Essences Bio:Renew Shampoo 400ml White Strawberry & Mint", "sainsburys_discounted_price": "£4.50", "sainsburys_offer_desc": null, "sainsburys_url": "https://www.sainsburys.co.uk/shop/gb/groceries/product/details/shampoo-247823-44/herbal-bio-renew-s-berry-clense-sh-400ml", "sainsburys_rating": "4.777", "sainsburys_unit_price": "£1.13", "sainsburys_availability": null, "images": []},
{"client": "Sainsburys", "time": "2020-08-05 12:54:33", "category": "Shampoo", "id": "5060152792715", "sainsburys_prod_name": "Phil Smith Be Gorgeous Shampoo, Big It Up 350ml", "sainsburys_discounted_price": "£3.50", "sainsburys_offer_desc": null, "sainsburys_url": "https://www.sainsburys.co.uk/shop/gb/groceries/product/details/shampoo-247823-44/phil-smith-be-gorg-big-it-up-s-p-350ml", "sainsburys_rating": null, "sainsburys_unit_price": "£1.00", "sainsburys_availability": null, "images": []},
{"client": "Sainsburys", "time": "2020-08-05 12:54:33", "category": "Shampoo", "id": "8001841272030", "sainsburys_prod_name": "Pantene Pro-V Smooth & Sleek Shampoo For Dull & Frizzy Hair 500ml", "sainsburys_discounted_price": "£2.50", "sainsburys_offer_desc": "Only £2.50: Save £1.00", "sainsburys_url": "https://www.sainsburys.co.uk/shop/gb/groceries/product/details/shampoo-247823-44/pantene-pro-v-smooth-sleek-shampoo-for-dull-frizzy-hair-500ml", "sainsburys_rating": "4.4539", "sainsburys_unit_price": "50p", "sainsburys_availability": null, "images": []},
{"client": "Sainsburys", "time": "2020-08-05 12:54:33", "category": "Shampoo", "id": "4008666210609", "sainsburys_prod_name": "Alpecin Double Effect Shampoo 200ml", "sainsburys_discounted_price": "£7.50", "sainsburys_offer_desc": null, "sainsburys_url": "https://www.sainsburys.co.uk/shop/gb/groceries/product/details/shampoo-247823-44/alpecin-double-effect-shampoo-200ml", "sainsburys_rating": null, "sainsburys_unit_price": "£3.75", "sainsburys_availability": null, "images": []},
{"client": "Sainsburys", "time": "2020-08-05 12:54:33", "category": "Shampoo", "id": "5410076514458", "sainsburys_prod_name": "Aussie Aussome Volume Shampoo 500ml", "sainsburys_discounted_price": "£4.50", "sainsburys_offer_desc": "Only £4.50: Save £1.00", "sainsburys_url": "https://www.sainsburys.co.uk/shop/gb/groceries/product/details/shampoo-247823-44/aussie-volume-shampoo-500ml", "sainsburys_rating": "4.3077", "sainsburys_unit_price": "90p", "sainsburys_availability": null, "images": []},
{"client": "Sainsburys", "time": "2020-08-05 12:54:33", "category": "Shampoo", "id": "0000000286015", "sainsburys_prod_name": "My Hair Matters Nourish & Repair Shampoo 400ml", "sainsburys_discounted_price": "£1.50", "sainsburys_offer_desc": null, "sainsburys_url": "https://www.sainsburys.co.uk/shop/gb/groceries/product/details/shampoo-247823-44/sainsburys-my-hair-matters-repair-shampoo-400ml", "sainsburys_rating": "4.0", "sainsburys_unit_price": "38p", "sainsburys_availability": null, "images": []},
{"client": "Sainsburys", "time": "2020-08-05 12:54:33", "category": "Shampoo", "id": "0000000286039", "sainsburys_prod_name": "My Hair Matters Volume Shampoo 400ml", "sainsburys_discounted_price": "£1.50", "sainsburys_offer_desc": null, "sainsburys_url": "https://www.sainsburys.co.uk/shop/gb/groceries/product/details/shampoo-247823-44/my-hair-matters-volume-shampoo-400ml", "sainsburys_rating": "4.75", "sainsburys_unit_price": "38p", "sainsburys_availability": null, "images": []},
{"client": "Sainsburys", "time": "2020-08-05 12:54:33", "category": "Shampoo", "id": "5060152792678", "sainsburys_prod_name": "Phil Smith Be Gorgeous Shampoo, Wow Brunette 350ml", "sainsburys_discounted_price": "£3.50", "sainsburys_offer_desc": null, "sainsburys_url": "https://www.sainsburys.co.uk/shop/gb/groceries/product/details/shampoo-247823-44/phil-smith-be-gor-wow-brunette-s-p-350ml", "sainsburys_rating": "3.0", "sainsburys_unit_price": "£1.00", "sainsburys_availability": null, "images": []},
{"client": "Sainsburys", "time": "2020-08-05 12:54:33", "category": "Shampoo", "id": "8001090883490", "sainsburys_prod_name": "Head & Shoulders Anti-Dandruff Shampoo Supreme Colour Protect 400ml", "sainsburys_discounted_price": "£3.50", "sainsburys_offer_desc": "Only £3.50: Save £1.00", "sainsburys_url": "https://www.sainsburys.co.uk/shop/gb/groceries/product/details/shampoo-247823-44/head-shoulders-anti-dandruff-shampoo-supreme-colour-protect-400ml", "sainsburys_rating": "4.7756", "sainsburys_unit_price": "88p", "sainsburys_availability": null, "images": []},
{"client": "Sainsburys", "time": "2020-08-05 12:54:33", "category": "Shampoo", "id": "5060152792692|5060152795303", "sainsburys_prod_name": "Phil Smith Be Gorgeous Total Treatment Shampoo 350ml", "sainsburys_discounted_price": "£3.50", "sainsburys_offer_desc": null, "sainsburys_url": "https://www.sainsburys.co.uk/shop/gb/groceries/product/details/shampoo-247823-44/phil-smith-be-gorg-sos-rescue-s-p-350ml", "sainsburys_rating": "2.6667", "sainsburys_unit_price": "£1.00", "sainsburys_availability": null, "images": []},
{"client": "Sainsburys", "time": "2020-08-05 12:54:33", "category": "Shampoo", "id": "0000000286077", "sainsburys_prod_name": "My Hair Matters Smooth Shampoo 400ml", "sainsburys_discounted_price": "£1.50", "sainsburys_offer_desc": null, "sainsburys_url": "https://www.sainsburys.co.uk/shop/gb/groceries/product/details/shampoo-247823-44/my-hair-matters-smooth-shampoo-400ml", "sainsburys_rating": "5.0", "sainsburys_unit_price": "38p", "sainsburys_availability": null, "images": []},
{"client": "Sainsburys", "time": "2020-08-05 12:54:33", "category": "Shampoo", "id": "0022796976703", "sainsburys_prod_name": "Ogx Thick & Full + Biotin & Collagen Shampoo 385ml", "sainsburys_discounted_price": "£4.70", "sainsburys_offer_desc": "Only £4.70: Save £2.30", "sainsburys_url": "https://www.sainsburys.co.uk/shop/gb/groceries/product/details/shampoo-247823-44/ogx-thick---full--biotin---collagen-shampoo-385ml", "sainsburys_rating": "5.0", "sainsburys_unit_price": "£1.22", "sainsburys_availability": null, "images": []},
{"client": "Sainsburys", "time": "2020-08-05 12:54:33", "category": "Shampoo", "id": "5060528313162", "sainsburys_prod_name": "Happy Naturals Intense Repair Shampoo Argan & Avocado 300ml", "sainsburys_discounted_price": "£4.00", "sainsburys_offer_desc": null, "sainsburys_url": "https://www.sainsburys.co.uk/shop/gb/groceries/product/details/shampoo-247823-44/happy-naturals-intense-repair-shampoo-argan-avocado-300ml", "sainsburys_rating": "2.6667", "sainsburys_unit_price": "£1.33", "sainsburys_availability": null, "images": []},
{"client": "Sainsburys", "time": "2020-08-05 12:54:33", "category": "Shampoo", "id": "8001090678614", "sainsburys_prod_name": "Head & Shoulders Anti-Dandruff Supreme Moisture Shampoo For Dry Hair 400ml", "sainsburys_discounted_price": "£3.50", "sainsburys_offer_desc": "Only £3.50: Save £1.00", "sainsburys_url": "https://www.sainsburys.co.uk/shop/gb/groceries/product/details/shampoo-247823-44/head---shoulders-anti-dandruff-supreme-moisture-shampoo-for-dry-hair-400ml", "sainsburys_rating": "4.6857", "sainsburys_unit_price": "88p", "sainsburys_availability": null, "images": []},
{"client": "Sainsburys", "time": "2020-08-05 12:54:33", "category": "Shampoo", "id": "8001090580122", "sainsburys_prod_name": "Head & Shoulders Anti-Dandruff Supreme Damage Repair Shampoo 400ml", "sainsburys_discounted_price": "£3.50", "sainsburys_offer_desc": "Only £3.50: Save £1.00", "sainsburys_url": "https://www.sainsburys.co.uk/shop/gb/groceries/product/details/shampoo-247823-44/head-shoulders-anti-dandruff-supreme-damage-repair-shampoo-400ml", "sainsburys_rating": "4.8136", "sainsburys_unit_price": "88p", "sainsburys_availability": null, "images": []},
{"client": "Sainsburys", "time": "2020-08-05 12:54:33", "category": "Shampoo", "id": "0010181033056", "sainsburys_prod_name": "Palmer's Coconut Oil Formula Conditioning Shampoo 400ml", "sainsburys_discounted_price": "£4.00", "sainsburys_offer_desc": null, "sainsburys_url": "https://www.sainsburys.co.uk/shop/gb/groceries/product/details/shampoo-247823-44/palmers-coconut-oil-shampoo-400ml", "sainsburys_rating": "5.0", "sainsburys_unit_price": "£1.00", "sainsburys_availability": null, "images": []},
{"client": "Sainsburys", "time": "2020-08-05 12:54:33", "category": "Shampoo", "id": "3600523583324", "sainsburys_prod_name": "L'Oreal Elvive Dream Lengths Long Hair Shampoo 250ml", "sainsburys_discounted_price": "£3.00", "sainsburys_offer_desc": null, "sainsburys_url": "https://www.sainsburys.co.uk/shop/gb/groceries/product/details/shampoo-247823-44/loreal-elvive-dream-lengths-long-hair-shampoo-250ml", "sainsburys_rating": null, "sainsburys_unit_price": "£1.20", "sainsburys_availability": null, "images": []},
{"client": "Sainsburys", "time": "2020-08-05 12:54:33", "category": "Shampoo", "id": "5410076229789|5013965601248", "sainsburys_prod_name": "Head & Shoulders Menthol Fresh Anti-Dandruff Shampoo 500ml", "sainsburys_discounted_price": "£4.50", "sainsburys_offer_desc": null, "sainsburys_url": "https://www.sainsburys.co.uk/shop/gb/groceries/product/details/shampoo-247823-44/head---shoulders-menthol-fresh-anti-dandruff-shampoo-500ml", "sainsburys_rating": "4.5764", "sainsburys_unit_price": "90p", "sainsburys_availability": null, "images": []},
{"client": "Sainsburys", "time": "2020-08-05 12:54:33", "category": "Shampoo", "id": "5037156196344", "sainsburys_prod_name": "John Frieda Luxurious Volume Shampoo for Colour Treated Hair 250ml", "sainsburys_discounted_price": "£6.00", "sainsburys_offer_desc": null, "sainsburys_url": "https://www.sainsburys.co.uk/shop/gb/groceries/product/details/shampoo-247823-44/john-frieda-lux-vol-col-treat-sham-250ml", "sainsburys_rating": "5.0", "sainsburys_unit_price": "£2.40", "sainsburys_availability": null, "images": []},
{"client": "Sainsburys", "time": "2020-08-05 12:54:33", "category": "Shampoo", "id": "8710447224175", "sainsburys_prod_name": "TRESemmé Biotin + Repair 7 Shampoo 400ml", "sainsburys_discounted_price": "£3.50", "sainsburys_offer_desc": null, "sainsburys_url": "https://www.sainsburys.co.uk/shop/gb/groceries/product/details/shampoo-247823-44/tres-pro-coll-biotin-repair-7-sham-400ml", "sainsburys_rating": "4.7576", "sainsburys_unit_price": "88p", "sainsburys_availability": null, "images": []},
{"client": "Sainsburys", "time": "2020-08-05 12:54:33", "category": "Shampoo", "id": "5060528313124", "sainsburys_prod_name": "Happy Naturals Sleek + Smooth Shampoo Plant Keratin & Plum 300ml", "sainsburys_discounted_price": "£4.00", "sainsburys_offer_desc": null, "sainsburys_url": "https://www.sainsburys.co.uk/shop/gb/groceries/product/details/shampoo-247823-44/happy-naturals-sleek-smooth-shampoo-plant-keratin-plum-300ml", "sainsburys_rating": "5.0", "sainsburys_unit_price": "£1.33", "sainsburys_availability": null, "images": []},
{"client": "Sainsburys", "time": "2020-08-05 12:54:33", "category": "Shampoo", "id": "8001841271910", "sainsburys_prod_name": "Pantene Pro-V Colour Protect Shampoo For Coloured Hair 500ml", "sainsburys_discounted_price": "£2.50", "sainsburys_offer_desc": "Only £2.50: Save £1.00", "sainsburys_url": "https://www.sainsburys.co.uk/shop/gb/groceries/product/details/shampoo-247823-44/pantene-pro-v-colour-protect-shampoo-for-coloured-hair-500ml", "sainsburys_rating": "4.6331", "sainsburys_unit_price": "50p", "sainsburys_availability": null, "images": []},
{"client": "Sainsburys", "time": "2020-08-05 12:54:33", "category": "Shampoo", "id": "0000000286053", "sainsburys_prod_name": "My Hair Matters Colour Shampoo 400ml", "sainsburys_discounted_price": "£1.50", "sainsburys_offer_desc": null, "sainsburys_url": "https://www.sainsburys.co.uk/shop/gb/groceries/product/details/shampoo-247823-44/my-hair-matters-colour-shampoo-400ml", "sainsburys_rating": "3.0", "sainsburys_unit_price": "38p", "sainsburys_availability": null, "images": []},
{"client": "Sainsburys", "time": "2020-08-05 12:54:33", "category": "Shampoo", "id": "5060528313087", "sainsburys_prod_name": "Happy Naturals Everyday Moisture Shampoo Macadamia & Hemp 300ml", "sainsburys_discounted_price": "£4.00", "sainsburys_offer_desc": null, "sainsburys_url": "https://www.sainsburys.co.uk/shop/gb/groceries/product/details/shampoo-247823-44/happy-naturals-everyday-moisture-shampoo-macadamia-hemp-300ml", "sainsburys_rating": "2.75", "sainsburys_unit_price": "£1.33", "sainsburys_availability": null, "images": []},
{"client": "Sainsburys", "time": "2020-08-05 12:54:33", "category": "Shampoo", "id": "5060152792791", "sainsburys_prod_name": "Phil Smith Be Gorgeous Shampoo, Curly Locks 350ml", "sainsburys_discounted_price": "£3.50", "sainsburys_offer_desc": null, "sainsburys_url": "https://www.sainsburys.co.uk/shop/gb/groceries/product/details/shampoo-247823-44/phil-smith-be-gor-curly-locks-s-p-350ml", "sainsburys_rating": "5.0", "sainsburys_unit_price": "£1.00", "sainsburys_availability": null, "images": []},
{"client": "Sainsburys", "time": "2020-08-05 12:54:33", "category": "Shampoo", "id": "0022796976017", "sainsburys_prod_name": "Ogx Brazilian Keratin Smooth Shampoo 385ml", "sainsburys_discounted_price": "£4.70", "sainsburys_offer_desc": "Only £4.70: Save £2.30", "sainsburys_url": "https://www.sainsburys.co.uk/shop/gb/groceries/product/details/shampoo-247823-44/ogx-braz-keratin-smooth-s-p-385ml", "sainsburys_rating": "5.0", "sainsburys_unit_price": "£1.22", "sainsburys_availability": null, "images": []},
{"client": "Sainsburys", "time": "2020-08-05 12:54:33", "category": "Shampoo", "id": "8001841274485", "sainsburys_prod_name": "Pantene Pro-V Smooth & Sleek 3in1 Shampoo Conditioner For Dull & Frizzy Hair 450ml", "sainsburys_discounted_price": "£2.50", "sainsburys_offer_desc": "Only £2.50: Save £1.00", "sainsburys_url": "https://www.sainsburys.co.uk/shop/gb/groceries/product/details/shampoo-247823-44/pantene-pro-v-smooth-sleek-3in1-shampoo-conditioner-for-dull-frizzy-hair-450ml", "sainsburys_rating": "4.4733", "sainsburys_unit_price": "56p", "sainsburys_availability": null, "images": []},
{"client": "Sainsburys", "time": "2020-08-05 12:54:33", "category": "Shampoo", "id": "5010724527443", "sainsburys_prod_name": "Batiste Shampoo, Dark 200ml", "sainsburys_discounted_price": "£3.00", "sainsburys_offer_desc": "Only £3.00: Save £1.00", "sainsburys_url": "https://www.sainsburys.co.uk/shop/gb/groceries/product/details/shampoo-247823-44/batiste-dark-200ml", "sainsburys_rating": null, "sainsburys_unit_price": "£1.50", "sainsburys_availability": null, "images": []},
{"client": "Sainsburys", "time": "2020-08-05 12:54:33", "category": "Shampoo", "id": "4015400985273", "sainsburys_prod_name": "Head & Shoulders Clinical Solution Scalp Relief Shampoo 130ml", "sainsburys_discounted_price": "£5.00", "sainsburys_offer_desc": null, "sainsburys_url": "https://www.sainsburys.co.uk/shop/gb/groceries/product/details/shampoo-247823-44/head---shoulders-shampoo-scalp-relief-clinically-proven-solutions-130ml", "sainsburys_rating": "4.8326", "sainsburys_unit_price": "£3.85", "sainsburys_availability": null, "images": []},
{"client": "Sainsburys", "time": "2020-08-05 12:54:33", "category": "Shampoo", "id": "8710447365427", "sainsburys_prod_name": "Love Beauty And Planet Volume & Bounty Shampoo", "sainsburys_discounted_price": "£6.00", "sainsburys_offer_desc": null, "sainsburys_url": "https://www.sainsburys.co.uk/shop/gb/groceries/product/details/shampoo-247823-44/love-beauty-and-planet-volume-bounty-shampoo", "sainsburys_rating": "4.4474", "sainsburys_unit_price": "£1.50", "sainsburys_availability": null, "images": []},
{"client": "Sainsburys", "time": "2020-08-05 12:54:33", "category": "Shampoo", "id": "8001090222787", "sainsburys_prod_name": "Herbal Essences Bio:Renew Passion Flower & Rice Milk Nourish Shampoo 400ml", "sainsburys_discounted_price": "£4.50", "sainsburys_offer_desc": null, "sainsburys_url": "https://www.sainsburys.co.uk/shop/gb/groceries/product/details/shampoo-247823-44/herbal-essences-bio%3Arenew-passion-flower-rice-milk-nourish-shampoo-400ml", "sainsburys_rating": "4.6", "sainsburys_unit_price": "£1.13", "sainsburys_availability": null, "images": []},
{"client": "Sainsburys", "time": "2020-08-05 12:54:33", "category": "Shampoo", "id": "0022796974211", "sainsburys_prod_name": "Ogx Hydrate + Defrizz Kukui Oil Shampoo 385ml", "sainsburys_discounted_price": "£4.70", "sainsburys_offer_desc": "Only £4.70: Save £2.30", "sainsburys_url": "https://www.sainsburys.co.uk/shop/gb/groceries/product/details/shampoo-247823-44/ogx-hydrate--defrizz-kukui-oil-shampoo-385ml", "sainsburys_rating": null, "sainsburys_unit_price": "£1.22", "sainsburys_availability": null, "images": []},
{"client": "Sainsburys", "time": "2020-08-05 12:54:33", "category": "Shampoo", "id": "8001090602152", "sainsburys_prod_name": "Aussie Man Keep It Clean Shampoo 300ml", "sainsburys_discounted_price": "£4.00", "sainsburys_offer_desc": null, "sainsburys_url": "https://www.sainsburys.co.uk/shop/gb/groceries/product/details/shampoo-247823-44/aussie-man-keep-it-clean-shampoo-300ml", "sainsburys_rating": "4.8123", "sainsburys_unit_price": "£1.33", "sainsburys_availability": null, "images": []},
{"client": "Sainsburys", "time": "2020-08-05 12:54:33", "category": "Shampoo", "id": "5060152792753", "sainsburys_prod_name": "Phil Smith Be Gorgeous Glamor Shine Shampoo 350ml", "sainsburys_discounted_price": "£3.50", "sainsburys_offer_desc": null, "sainsburys_url": "https://www.sainsburys.co.uk/shop/gb/groceries/product/details/shampoo-247823-44/phil-smith-be-gorg-glam-shine-s-p-350ml", "sainsburys_rating": "3.0", "sainsburys_unit_price": "£1.00", "sainsburys_availability": null, "images": []},
{"client": "Sainsburys", "time": "2020-08-05 12:54:33", "category": "Shampoo", "id": "0022796977519", "sainsburys_prod_name": "Ogx Anti-Breakage Keratin Oil Shampoo 385ml", "sainsburys_discounted_price": "£4.70", "sainsburys_offer_desc": "Only £4.70: Save £2.30", "sainsburys_url": "https://www.sainsburys.co.uk/shop/gb/groceries/product/details/shampoo-247823-44/ogx-anti-breakage-keratin-oil-s-p-385ml-7735518-p-44", "sainsburys_rating": "5.0", "sainsburys_unit_price": "£1.22", "sainsburys_availability": null, "images": []},
{"client": "Sainsburys", "time": "2020-08-05 12:54:33", "category": "Shampoo", "id": "5000167092400", "sainsburys_prod_name": "E45 Dermatological Dry Scalp Shampoo 200ml", "sainsburys_discounted_price": "£7.00", "sainsburys_offer_desc": null, "sainsburys_url": "https://www.sainsburys.co.uk/shop/gb/groceries/product/details/shampoo-247823-44/e45-dermatological-dry-scalp-shampoo-200ml", "sainsburys_rating": null, "sainsburys_unit_price": "£3.50", "sainsburys_availability": null, "images": []},
{"client": "Sainsburys", "time": "2020-08-05 12:54:33", "category": "Shampoo", "id": "5060152792777", "sainsburys_prod_name": "Phil Smith Be Gorgeous Shampoo, Super Smooth 350ml", "sainsburys_discounted_price": "£3.50", "sainsburys_offer_desc": null, "sainsburys_url": "https://www.sainsburys.co.uk/shop/gb/groceries/product/details/shampoo-247823-44/phil-smith-be-gor-super-smooth-s-p-350ml", "sainsburys_rating": "2.0", "sainsburys_unit_price": "£1.00", "sainsburys_availability": null, "images": []},
{"client": "Sainsburys", "time": "2020-08-05 12:54:33", "category": "Shampoo", "id": "8001090678645", "sainsburys_prod_name": "Head & Shoulders Anti-Dandruff Supreme Smooth Shampoo For Dry Hair 400ml", "sainsburys_discounted_price": "£3.50", "sainsburys_offer_desc": "Only £3.50: Save £1.00", "sainsburys_url": "https://www.sainsburys.co.uk/shop/gb/groceries/product/details/shampoo-247823-44/head---shoulders-anti-dandruff-supreme-smooth-shampoo-for-dry-hair-400ml", "sainsburys_rating": "4.7973", "sainsburys_unit_price": "88p", "sainsburys_availability": null, "images": []},
{"client": "Sainsburys", "time": "2020-08-05 12:54:33", "category": "Shampoo", "id": "3600523328857", "sainsburys_prod_name": "L'Oreal Elvive Colour Protect Coloured Hair Low Shampoo 400ml", "sainsburys_discounted_price": "£7.00", "sainsburys_offer_desc": null, "sainsburys_url": "https://www.sainsburys.co.uk/shop/gb/groceries/product/details/shampoo-247823-44/loreal-paris-elvive-colour-protect-low-shampoo-400ml", "sainsburys_rating": "4.445", "sainsburys_unit_price": "£1.75", "sainsburys_availability": null, "images": []},
{"client": "Sainsburys", "time": "2020-08-05 12:54:33", "category": "Shampoo", "id": "5060528313209", "sainsburys_prod_name": "Happy Naturals Curl Defining Shampoo Shea Butter & Olive 300ml", "sainsburys_discounted_price": "£4.00", "sainsburys_offer_desc": null, "sainsburys_url": "https://www.sainsburys.co.uk/shop/gb/groceries/product/details/shampoo-247823-44/happy-naturals-curl-defining-shampoo-shea-butter-olive-300ml", "sainsburys_rating": "3.3333", "sainsburys_unit_price": "£1.33", "sainsburys_availability": null, "images": []},
{"client": "Sainsburys", "time": "2020-08-05 12:54:33", "category": "Shampoo", "id": "8710447365366", "sainsburys_prod_name": "Love Beauty And Planet Blooming Colour Shampoo", "sainsburys_discounted_price": "£6.00", "sainsburys_offer_desc": null, "sainsburys_url": "https://www.sainsburys.co.uk/shop/gb/groceries/product/details/shampoo-247823-44/love-beauty-and-planet-blooming-colour-shampoo", "sainsburys_rating": "4.7105", "sainsburys_unit_price": "£1.50", "sainsburys_availability": null, "images": []},
{"client": "Sainsburys", "time": "2020-08-05 12:54:33", "category": "Shampoo", "id": "5037156227666", "sainsburys_prod_name": "John Frieda Brilliant Brunette Volumising Deep Shampoo 250ml", "sainsburys_discounted_price": "£7.00", "sainsburys_offer_desc": null, "sainsburys_url": "https://www.sainsburys.co.uk/shop/gb/groceries/product/details/shampoo-247823-44/john-frieda-brilliant-brunette-volumising-deep-shampoo-250ml", "sainsburys_rating": "4.4286", "sainsburys_unit_price": "£2.80", "sainsburys_availability": null, "images": []},
{"client": "Sainsburys", "time": "2020-08-05 12:54:33", "category": "Shampoo", "id": "5060528313049", "sainsburys_prod_name": "Happy Naturals Colour Care Shampoo Coconut & Rooibos 300ml", "sainsburys_discounted_price": "£4.00", "sainsburys_offer_desc": null, "sainsburys_url": "https://www.sainsburys.co.uk/shop/gb/groceries/product/details/shampoo-247823-44/happy-naturals-colour-care-shampoo-coconut-rooibos-300ml", "sainsburys_rating": "2.6667", "sainsburys_unit_price": "£1.33", "sainsburys_availability": null, "images": []},
{"client": "Sainsburys", "time": "2020-08-05 12:54:33", "category": "Shampoo", "id": "8001841305127", "sainsburys_prod_name": "Herbal Essences bio:renew Shampoo 250ml Argan Oil Repair", "sainsburys_discounted_price": "£3.00", "sainsburys_offer_desc": null, "sainsburys_url": "https://www.sainsburys.co.uk/shop/gb/groceries/product/details/shampoo-247823-44/herbal-essences-bio%3Arenew-shampoo-250ml-argan-oil-repair", "sainsburys_rating": "4.7734", "sainsburys_unit_price": "£1.20", "sainsburys_availability": null, "images": []},
{"client": "Sainsburys", "time": "2020-08-05 12:54:33", "category": "Shampoo", "id": "8001090369079", "sainsburys_prod_name": "Pantene Masque Smooth & Sleek For Dull And Frizzy Hair 300ml", "sainsburys_discounted_price": "£4.00", "sainsburys_offer_desc": null, "sainsburys_url": "https://www.sainsburys.co.uk/shop/gb/groceries/product/details/shampoo-247823-44/pantene-masque-smooth---sleek-for-dull-and-frizzy-hair-300ml", "sainsburys_rating": "4.7955", "sainsburys_unit_price": "£1.33", "sainsburys_availability": null, "images": []},
{"client": "Sainsburys", "time": "2020-08-05 12:54:33", "category": "Shampoo", "id": "5060528313247", "sainsburys_prod_name": "Happy Naturals Soothing Shampoo Sea Minerals & Aloe 300ml", "sainsburys_discounted_price": "£4.00", "sainsburys_offer_desc": null, "sainsburys_url": "https://www.sainsburys.co.uk/shop/gb/groceries/product/details/shampoo-247823-44/happy-naturals-soothing-shampoo-sea-minerals-aloe-300ml", "sainsburys_rating": "3.6667", "sainsburys_unit_price": "£1.33", "sainsburys_availability": null, "images": []},
{"client": "Sainsburys", "time": "2020-08-05 12:54:33", "category": "Shampoo", "id": "8001841272061", "sainsburys_prod_name": "Pantene Pro-V Superfood Shampoo For Weak, Thin Hair 500ml", "sainsburys_discounted_price": "£2.50", "sainsburys_offer_desc": "Only £2.50: Save £1.00", "sainsburys_url": "https://www.sainsburys.co.uk/shop/gb/groceries/product/details/shampoo-247823-44/pantene-pro-v-superfood-shampoo-for-weak-thin-hair-500ml", "sainsburys_rating": "4.8108", "sainsburys_unit_price": "50p", "sainsburys_availability": null, "images": []},
{"client": "Sainsburys", "time": "2020-08-05 12:54:33", "category": "Shampoo", "id": "0022796971104", "sainsburys_prod_name": "Ogx Hydrate + Revive Argan Oil of Morocco Extra Strength Shampoo 385ml", "sainsburys_discounted_price": "£5.00", "sainsburys_offer_desc": "Only £5.00: Save £3.00", "sainsburys_url": "https://www.sainsburys.co.uk/shop/gb/groceries/product/details/shampoo-247823-44/ogx-hydrate--revive-argan-oil-of-morocco-extra-strength-shampoo-385ml", "sainsburys_rating": null, "sainsburys_unit_price": "£1.30", "sainsburys_availability": null, "images": []},
{"client": "Sainsburys", "time": "2020-08-05 12:54:33", "category": "Shampoo", "id": "0010181025938", "sainsburys_prod_name": "Palmer's Olive Oil Formula Smoothing Shampoo 400ml", "sainsburys_discounted_price": "£4.00", "sainsburys_offer_desc": null, "sainsburys_url": "https://www.sainsburys.co.uk/shop/gb/groceries/product/details/shampoo-247823-44/palmers-olive-oil-formula-shampoo-400ml", "sainsburys_rating": null, "sainsburys_unit_price": "£1.00", "sainsburys_availability": null, "images": []},
{"client": "Sainsburys", "time": "2020-08-05 12:54:33", "category": "Shampoo", "id": "5037156258363", "sainsburys_prod_name": "John Frieda Frizz Ease Weightless Wonder Shampoo for Frizzy, Fine Hair 250ml", "sainsburys_discounted_price": "£6.00", "sainsburys_offer_desc": null, "sainsburys_url": "https://www.sainsburys.co.uk/shop/gb/groceries/product/details/shampoo-247823-44/john-frieda-frizz-ease-weightless-wonder-shampoo-for-frizzy-fine-hair-250ml", "sainsburys_rating": "4.59", "sainsburys_unit_price": "£2.40", "sainsburys_availability": null, "images": []},
{"client": "Sainsburys", "time": "2020-08-05 12:54:33", "category": "Shampoo", "id": "5060152795792", "sainsburys_prod_name": "Phil Smith Be Gorgeous Bombshell Tone Enhancing Shampoo Chamomile Extract 350ml", "sainsburys_discounted_price": "£3.50", "sainsburys_offer_desc": null, "sainsburys_url": "https://www.sainsburys.co.uk/shop/gb/groceries/product/details/shampoo-247823-44/phil-smith-be-gorgeous-bombshell-tone-enhancing-shampoo-chamomile-extract-350ml", "sainsburys_rating": null, "sainsburys_unit_price": "£1.00", "sainsburys_availability": null, "images": []},
{"client": "Sainsburys", "time": "2020-08-05 12:54:33", "category": "Shampoo", "id": "4015400985143", "sainsburys_prod_name": "Head & Shoulders Shampoo Anti-Dandruff Clinically Proven Solutions 130ml", "sainsburys_discounted_price": "£5.00", "sainsburys_offer_desc": null, "sainsburys_url": "https://www.sainsburys.co.uk/shop/gb/groceries/product/details/shampoo-247823-44/head---shoulders-shampoo-anti-dandruff-clinically-proven-solutions-130ml", "sainsburys_rating": "4.8235", "sainsburys_unit_price": "£3.85", "sainsburys_availability": null, "images": []},
{"client": "Sainsburys", "time": "2020-08-05 12:54:33", "category": "Shampoo", "id": "5012008551205", "sainsburys_prod_name": "PRO:VOKE Touch Of Silver Purple Brightening Shampoo 50ml", "sainsburys_discounted_price": "£1.55", "sainsburys_offer_desc": null, "sainsburys_url": "https://www.sainsburys.co.uk/shop/gb/groceries/product/details/shampoo-247823-44/pro%3Avoke-touch-of-silver-purple-brightening-shampoo-50ml", "sainsburys_rating": "4.6496", "sainsburys_unit_price": "£3.10", "sainsburys_availability": null, "images": []},
{"client": "Sainsburys", "time": "2020-08-05 12:54:33", "category": "Shampoo", "id": "8717163622001", "sainsburys_prod_name": "Alberto Balsam Energize Hair Shampoo 250 ML", "sainsburys_discounted_price": "£1.50", "sainsburys_offer_desc": null, "sainsburys_url": "https://www.sainsburys.co.uk/shop/gb/groceries/product/details/shampoo-247823-44/alberto-balsam-energize-hair-shampoo-250-ml", "sainsburys_rating": "4.6087", "sainsburys_unit_price": "60p", "sainsburys_availability": null, "images": []},
{"client": "Sainsburys", "time": "2020-08-05 12:54:33", "category": "Shampoo", "id": "8001841305189", "sainsburys_prod_name": "Herbal Essences bio:renew Shampoo 250ml Coconut Milk Hydrate", "sainsburys_discounted_price": "£2.00", "sainsburys_offer_desc": "Only £2.00: Save £1.00", "sainsburys_url": "https://www.sainsburys.co.uk/shop/gb/groceries/product/details/shampoo-247823-44/herbal-essences-bio%3Arenew-shampoo-250ml-coconut-milk-hydrate", "sainsburys_rating": "4.7382", "sainsburys_unit_price": "80p", "sainsburys_availability": null, "images": []},
{"client": "Sainsburys", "time": "2020-08-05 12:54:33", "category": "Shampoo", "id": "5029066078469", "sainsburys_prod_name": "Childs Farm Hair & Body Wash Blackberry & Organic Apple 250ml", "sainsburys_discounted_price": "£4.00", "sainsburys_offer_desc": null, "sainsburys_url": "https://www.sainsburys.co.uk/shop/gb/groceries/product/details/shampoo-247823-44/childs-farm-hair---body-wash-blackberry---organic-apple-250ml-7970193-p", "sainsburys_rating": null, "sainsburys_unit_price": "£1.60", "sainsburys_availability": null, "images": []},
{"client": "Sainsburys", "time": "2020-08-05 12:54:33", "category": "Shampoo", "id": "0071409543214", "sainsburys_prod_name": "Straight Arrow Mane 'n Tail The Original and Body Shampoo 355ml", "sainsburys_discounted_price": "£7.00", "sainsburys_offer_desc": null, "sainsburys_url": "https://www.sainsburys.co.uk/shop/gb/groceries/product/details/shampoo-247823-44/manen-tail-original-shampoo-355ml", "sainsburys_rating": "5.0", "sainsburys_unit_price": "£1.97", "sainsburys_availability": null, "images": []},
{"client": "Sainsburys", "time": "2020-08-05 12:54:33", "category": "Shampoo", "id": "5029066078605", "sainsburys_prod_name": "Childs Farm Hair & Body Wash Sweet Orange 500ml", "sainsburys_discounted_price": "£7.50", "sainsburys_offer_desc": null, "sainsburys_url": "https://www.sainsburys.co.uk/shop/gb/groceries/product/details/shampoo-247823-44/childs-farm-hair---body-wash--sweet-orange-500ml-7970229-p", "sainsburys_rating": "4.7", "sainsburys_unit_price": "£1.50", "sainsburys_availability": null, "images": []},
{"client": "Sainsburys", "time": "2020-08-05 12:54:33", "category": "Shampoo", "id": "3600523558575", "sainsburys_prod_name": "L'Oreal Botanicals Lavender Sensitive Hair & Scalp Therapy Vegan Shampoo 400ml", "sainsburys_discounted_price": "£8.00", "sainsburys_offer_desc": null, "sainsburys_url": "https://www.sainsburys.co.uk/shop/gb/groceries/product/details/shampoo-247823-44/loreal-botanicals-lavender-sensitive-hair-scalp-therapy-vegan-shampoo-400ml", "sainsburys_rating": "4.7794", "sainsburys_unit_price": "£2.00", "sainsburys_availability": null, "images": []},
{"client": "Sainsburys", "time": "2020-08-05 12:54:33", "category": "Shampoo", "id": "0071409543290", "sainsburys_prod_name": "Straight Arrow Mane 'n Tail The Original Deep Moisturising Shampoo 355ml", "sainsburys_discounted_price": "£7.00", "sainsburys_offer_desc": null, "sainsburys_url": "https://www.sainsburys.co.uk/shop/gb/groceries/product/details/shampoo-247823-44/manen-tail-deep-moist-shampoo-355ml", "sainsburys_rating": "3.9231", "sainsburys_unit_price": "£1.97", "sainsburys_availability": null, "images": []},
{"client": "Sainsburys", "time": "2020-08-05 12:54:33", "category": "Shampoo", "id": "0022796170514", "sainsburys_prod_name": "Maui Moisture Nourish & Moisture + Coconut Milk Shampoo 385ml", "sainsburys_discounted_price": "£9.00", "sainsburys_offer_desc": null, "sainsburys_url": "https://www.sainsburys.co.uk/shop/gb/groceries/product/details/shampoo-247823-44/maui-moisture-nourish-moisture-coconut-milk-shampoo-385ml", "sainsburys_rating": "5.0", "sainsburys_unit_price": "£2.34", "sainsburys_availability": null, "images": []},
{"client": "Sainsburys", "time": "2020-08-05 12:54:33", "category": "Shampoo", "id": "8710447365489", "sainsburys_prod_name": "Love Beauty And Planet Hope & Repair Shampoo", "sainsburys_discounted_price": "£6.00", "sainsburys_offer_desc": null, "sainsburys_url": "https://www.sainsburys.co.uk/shop/gb/groceries/product/details/shampoo-247823-44/love-beauty-and-planet-hope-repair-shampoo", "sainsburys_rating": "4.931", "sainsburys_unit_price": "£1.50", "sainsburys_availability": null, "images": []},
{"client": "Sainsburys", "time": "2020-08-05 12:54:33", "category": "Shampoo", "id": "0022796170118", "sainsburys_prod_name": "Maui Moisture Revive & Hydrate + Shea Butter Shampoo 385ml", "sainsburys_discounted_price": "£9.00", "sainsburys_offer_desc": null, "sainsburys_url": "https://www.sainsburys.co.uk/shop/gb/groceries/product/details/shampoo-247823-44/maui-moisture-revive-hydrate-shea-butter-shampoo-385ml", "sainsburys_rating": "3.5", "sainsburys_unit_price": "£2.34", "sainsburys_availability": null, "images": []},
{"client": "Sainsburys", "time": "2020-08-05 12:54:33", "category": "Shampoo", "id": "8001090369109", "sainsburys_prod_name": "Pantene Masque Repair & Protect For Weak And Damaged Hair 300ml", "sainsburys_discounted_price": "£4.00", "sainsburys_offer_desc": null, "sainsburys_url": "https://www.sainsburys.co.uk/shop/gb/groceries/product/details/shampoo-247823-44/pantene-masque-repair---protect-for-weak-and-damaged-hair-300ml", "sainsburys_rating": "4.8261", "sainsburys_unit_price": "£1.33", "sainsburys_availability": null, "images": []},
{"client": "Sainsburys", "time": "2020-08-05 12:54:33", "category": "Shampoo", "id": "8710447365304", "sainsburys_prod_name": "Love Beauty And Planet Happy & Hydrated Shampoo", "sainsburys_discounted_price": "£6.00", "sainsburys_offer_desc": null, "sainsburys_url": "https://www.sainsburys.co.uk/shop/gb/groceries/product/details/shampoo-247823-44/love-beauty-and-planet-happy-hydrated-shampoo", "sainsburys_rating": "4.5862", "sainsburys_unit_price": "£1.50", "sainsburys_availability": null, "images": []},
{"client": "Sainsburys", "time": "2020-08-05 12:54:33", "category": "Shampoo", "id": "0817513015311", "sainsburys_prod_name": "Cantu Cleansing Cream Shampoo 400ml", "sainsburys_discounted_price": "£5.00", "sainsburys_offer_desc": null, "sainsburys_url": "https://www.sainsburys.co.uk/shop/gb/groceries/product/details/shampoo-247823-44/cantu-cleansing-cream-shampoo-400ml", "sainsburys_rating": null, "sainsburys_unit_price": "£1.25", "sainsburys_availability": null, "images": []},
{"client": "Sainsburys", "time": "2020-08-05 12:54:33", "category": "Shampoo", "id": "8001090833938", "sainsburys_prod_name": "Pantene Gold Series Moisture Boost Shampoo 270ml", "sainsburys_discounted_price": "£6.00", "sainsburys_offer_desc": null, "sainsburys_url": "https://www.sainsburys.co.uk/shop/gb/groceries/product/details/shampoo-247823-44/pantene-gold-series-moisture-boost-shampoo-270ml", "sainsburys_rating": "4.75", "sainsburys_unit_price": "£2.22", "sainsburys_availability": null, "images": []},
{"client": "Sainsburys", "time": "2020-08-05 12:54:33", "category": "Shampoo", "id": "3600523371051", "sainsburys_prod_name": "L'Oreal Botanicals Rose & Geranium Coloured Hair Vegan Shampoo 400ml", "sainsburys_discounted_price": "£8.00", "sainsburys_offer_desc": null, "sainsburys_url": "https://www.sainsburys.co.uk/shop/gb/groceries/product/details/shampoo-247823-44/loreal-botanicals-rose-geranium-coloured-hair-vegan-shampoo-400ml", "sainsburys_rating": "4.6731", "sainsburys_unit_price": "£2.00", "sainsburys_availability": null, "images": []},
{"client": "Sainsburys", "time": "2020-08-05 12:54:33", "category": "Shampoo", "id": "8001841389486", "sainsburys_prod_name": "Aussie Calm The Frizz Shampoo 300ml, Frizz Shampoo", "sainsburys_discounted_price": "£4.00", "sainsburys_offer_desc": null, "sainsburys_url": "https://www.sainsburys.co.uk/shop/gb/groceries/product/details/shampoo-247823-44/aussie-calm-the-frizz-shampoo-300ml-frizz-shampoo", "sainsburys_rating": "4.8609", "sainsburys_unit_price": "£1.33", "sainsburys_availability": null, "images": []},
{"client": "Sainsburys", "time": "2020-08-05 12:54:33", "category": "Shampoo", "id": "5016155119806", "sainsburys_prod_name": "Colab Dry Shampoo Original Fragrance 200ml", "sainsburys_discounted_price": "£3.50", "sainsburys_offer_desc": null, "sainsburys_url": "https://www.sainsburys.co.uk/shop/gb/groceries/product/details/shampoo-247823-44/colab-dry-shampoo-original-fragrance-200ml", "sainsburys_rating": "4.6794", "sainsburys_unit_price": "£1.75", "sainsburys_availability": null, "images": []},
{"client": "Sainsburys", "time": "2020-08-05 12:54:33", "category": "Shampoo", "id": "5029066008251", "sainsburys_prod_name": "Childs Farm 3 in 1 Swim Strawberry & Organic Mint 250ml", "sainsburys_discounted_price": "£4.00", "sainsburys_offer_desc": null, "sainsburys_url": "https://www.sainsburys.co.uk/shop/gb/groceries/product/details/shampoo-247823-44/childs-farm-3-in-1-swim-strawberry---organic-mint-250ml-7970205-p", "sainsburys_rating": null, "sainsburys_unit_price": "£1.60", "sainsburys_availability": null, "images": []},
{"client": "Sainsburys", "time": "2020-08-05 12:54:33", "category": "Shampoo", "id": "8717163622018", "sainsburys_prod_name": "Alberto Balsam Relax Hair Shampoo 250 ML", "sainsburys_discounted_price": "£1.50", "sainsburys_offer_desc": null, "sainsburys_url": "https://www.sainsburys.co.uk/shop/gb/groceries/product/details/shampoo-247823-44/alberto-balsam-relax-hair-shampoo-250-ml", "sainsburys_rating": "4.4528", "sainsburys_unit_price": "60p", "sainsburys_availability": null, "images": []},
{"client": "Sainsburys", "time": "2020-08-05 12:54:33", "category": "Shampoo", "id": "5016155128518|0812879020061", "sainsburys_prod_name": "Colab Dry Shampoo Paradise Fragrance 200ml", "sainsburys_discounted_price": "£3.50", "sainsburys_offer_desc": null, "sainsburys_url": "https://www.sainsburys.co.uk/shop/gb/groceries/product/details/shampoo-247823-44/colab-dry-shampoo-paradise-fragrance-200ml", "sainsburys_rating": null, "sainsburys_unit_price": "£1.75", "sainsburys_availability": null, "images": []},
{"client": "Sainsburys", "time": "2020-08-05 12:54:33", "category": "Shampoo", "id": "8001841214504", "sainsburys_prod_name": "Pantene Hair Biology Shampoo Full & Vibrant 250ml", "sainsburys_discounted_price": "£4.50", "sainsburys_offer_desc": null, "sainsburys_url": "https://www.sainsburys.co.uk/shop/gb/groceries/product/details/shampoo-247823-44/pantene-hair-biology-shampoo-full-vibrant-250ml", "sainsburys_rating": "4.8537", "sainsburys_unit_price": "£1.80", "sainsburys_availability": null, "images": []},
{"client": "Sainsburys", "time": "2020-08-05 12:54:33", "category": "Shampoo", "id": "5037156199239|5037156144888", "sainsburys_prod_name": "John Frieda Sheer Blonde Highlight Activating Moisturising Shampoo 500ml", "sainsburys_discounted_price": "£8.00", "sainsburys_offer_desc": null, "sainsburys_url": "https://www.sainsburys.co.uk/shop/gb/groceries/product/details/shampoo-247823-44/john-frieda-sheer-blonde-highlight-activating-moisturising-shampoo-500ml", "sainsburys_rating": null, "sainsburys_unit_price": "£1.60", "sainsburys_availability": null, "images": []},
{"client": "Sainsburys", "time": "2020-08-05 12:54:33", "category": "Shampoo", "id": "8001841305240", "sainsburys_prod_name": "Herbal Essences bio:renew Shampoo 250ml White Grapefruit Volume", "sainsburys_discounted_price": "£2.00", "sainsburys_offer_desc": "Only £2.00: Save £1.00", "sainsburys_url": "https://www.sainsburys.co.uk/shop/gb/groceries/product/details/shampoo-247823-44/herbal-essences-bio%3Arenew-shampoo-250ml-white-grapefruit-volume", "sainsburys_rating": "4.7167", "sainsburys_unit_price": "80p", "sainsburys_availability": null, "images": []},
{"client": "Sainsburys", "time": "2020-08-05 12:54:33", "category": "Shampoo", "id": "0022796170613", "sainsburys_prod_name": "Maui Moisture Thicken & Restore + Bamboo Fibers Shampoo 385ml", "sainsburys_discounted_price": "£9.00", "sainsburys_offer_desc": null, "sainsburys_url": "https://www.sainsburys.co.uk/shop/gb/groceries/product/details/shampoo-247823-44/maui-moisture-thicken-restore-bamboo-fibers-shampoo-385ml", "sainsburys_rating": "4.0", "sainsburys_unit_price": "£2.34", "sainsburys_availability": null, "images": []},
{"client": "Sainsburys", "time": "2020-08-05 12:54:33", "category": "Shampoo", "id": "5037156223835", "sainsburys_prod_name": "John Frieda Frizz Ease Miraculous Recovery Shampoo 500ml", "sainsburys_discounted_price": "£8.00", "sainsburys_offer_desc": null, "sainsburys_url": "https://www.sainsburys.co.uk/shop/gb/groceries/product/details/shampoo-247823-44/john-frieda-frizz-ease-miraculous-recovery-shampoo-500ml", "sainsburys_rating": null, "sainsburys_unit_price": "£1.60", "sainsburys_availability": null, "images": []},
{"client": "Sainsburys", "time": "2020-08-05 12:54:33", "category": "Shampoo", "id": "3600523371136", "sainsburys_prod_name": "L'Oreal Botanicals Ginger & Coriander Fragile Hair Vegan Shampoo 400ml", "sainsburys_discounted_price": "£8.00", "sainsburys_offer_desc": null, "sainsburys_url": "https://www.sainsburys.co.uk/shop/gb/groceries/product/details/shampoo-247823-44/loreal-botanicals-ginger-coriander-fragile-hair-vegan-shampoo-400ml", "sainsburys_rating": "4.5385", "sainsburys_unit_price": "£2.00", "sainsburys_availability": null, "images": []},
{"client": "Sainsburys", "time": "2020-08-05 12:54:33", "category": "Shampoo", "id": "8001841214566", "sainsburys_prod_name": "Pantene Hair Biology Shampoo Grey & Glowing 250ml", "sainsburys_discounted_price": "£4.50", "sainsburys_offer_desc": null, "sainsburys_url": "https://www.sainsburys.co.uk/shop/gb/groceries/product/details/shampoo-247823-44/pantene-hair-biology-shampoo-grey-glowing-250ml", "sainsburys_rating": "4.7636", "sainsburys_unit_price": "£1.80", "sainsburys_availability": null, "images": []},
{"client": "Sainsburys", "time": "2020-08-05 12:54:33", "category": "Shampoo", "id": "5016155132331", "sainsburys_prod_name": "Colab Dry Shampoo Unicorn Fragrance 200ml", "sainsburys_discounted_price": "£3.50", "sainsburys_offer_desc": null, "sainsburys_url": "https://www.sainsburys.co.uk/shop/gb/groceries/product/details/shampoo-247823-44/colab-dry-shampoo-unicorn-fragrance-200ml", "sainsburys_rating": "4.56", "sainsburys_unit_price": "£1.75", "sainsburys_availability": null, "images": []},
{"client": "Sainsburys", "time": "2020-08-05 12:54:33", "category": "Shampoo", "id": "8001841214689", "sainsburys_prod_name": "Pantene Hair Biology Shampoo De-frizz & Illuminate 250ml", "sainsburys_discounted_price": "£4.50", "sainsburys_offer_desc": null, "sainsburys_url": "https://www.sainsburys.co.uk/shop/gb/groceries/product/details/shampoo-247823-44/pantene-hair-biology-shampoo-de-frizz-illuminate-250ml", "sainsburys_rating": "4.8182", "sainsburys_unit_price": "£1.80", "sainsburys_availability": null, "images": []},
{"client": "Sainsburys", "time": "2020-08-05 12:54:33", "category": "Shampoo", "id": "3600523371099", "sainsburys_prod_name": "L'Oreal Botanicals Argan & Safflower Dry Hair Vegan Shampoo 400ml", "sainsburys_discounted_price": "£8.00", "sainsburys_offer_desc": null, "sainsburys_url": "https://www.sainsburys.co.uk/shop/gb/groceries/product/details/shampoo-247823-44/loreal-botanicals-argan-safflower-dry-hair-vegan-shampoo-400ml", "sainsburys_rating": "4.6111", "sainsburys_unit_price": "£2.00", "sainsburys_availability": null, "images": []},
{"client": "Sainsburys", "time": "2020-08-05 12:54:33", "category": "Shampoo", "id": "8001841389547", "sainsburys_prod_name": "Aussie Calm The Frizz Shampoo 500ml, Frizz Shampoo", "sainsburys_discounted_price": "£4.50", "sainsburys_offer_desc": "Only £4.50: Save £1.00", "sainsburys_url": "https://www.sainsburys.co.uk/shop/gb/groceries/product/details/shampoo-247823-44/aussie-calm-the-frizz-shampoo-500ml-frizz-shampoo", "sainsburys_rating": "4.8609", "sainsburys_unit_price": "90p", "sainsburys_availability": null, "images": []},
{"client": "Sainsburys", "time": "2020-08-05 12:54:33", "category": "Shampoo", "id": "8001841214627", "sainsburys_prod_name": "Pantene Hair Biology Shampoo Cleanse & Reconstruct 250ml", "sainsburys_discounted_price": "£4.50", "sainsburys_offer_desc": null, "sainsburys_url": "https://www.sainsburys.co.uk/shop/gb/groceries/product/details/shampoo-247823-44/pantene-hair-biology-shampoo-cleanse-reconstruct-250ml", "sainsburys_rating": "4.8723", "sainsburys_unit_price": "£1.80", "sainsburys_availability": null, "images": []},
{"client": "Sainsburys", "time": "2020-08-05 12:54:33", "category": "Shampoo", "id": "5012008666008", "sainsburys_prod_name": "Pro:Voke Touch of Silver Illuminex Strengthening Purple Shampoo 200ml", "sainsburys_discounted_price": "£5.00", "sainsburys_offer_desc": null, "sainsburys_url": "https://www.sainsburys.co.uk/shop/gb/groceries/product/details/shampoo-247823-44/touch-of-silver-illum-strength-s-p-200ml", "sainsburys_rating": null, "sainsburys_unit_price": "£2.50", "sainsburys_availability": null, "images": []},
{"client": "Sainsburys", "time": "2020-08-05 12:54:33", "category": "Shampoo", "id": "5029066024459", "sainsburys_prod_name": "Childs Farm Hair Detangler Grapefruit and Tea Tree Oil 150ml", "sainsburys_discounted_price": "£5.00", "sainsburys_offer_desc": null, "sainsburys_url": "https://www.sainsburys.co.uk/shop/gb/groceries/product/details/shampoo-247823-44/childs-farm-hair-detangler--grapefruit-and-tea-tree-oil-150ml-7970191-p", "sainsburys_rating": "5.0", "sainsburys_unit_price": "£3.33", "sainsburys_availability": null, "images": []},
{"client": "Sainsburys", "time": "2020-08-05 12:54:33", "category": "Shampoo", "id": "3600523761791", "sainsburys_prod_name": "L'Oreal Botanicals Arnica Damaged Hair Repairing Shampoo 400ml", "sainsburys_discounted_price": "£8.00", "sainsburys_offer_desc": null, "sainsburys_url": "https://www.sainsburys.co.uk/shop/gb/groceries/product/details/shampoo-247823-44/loreal-botanicals-arnica-damaged-hair-repairing-shampoo-400ml", "sainsburys_rating": "4.6495", "sainsburys_unit_price": "£2.00", "sainsburys_availability": null, "images": []},
{"client": "Sainsburys", "time": "2020-08-05 12:54:33", "category": "Shampoo", "id": "5037156257274", "sainsburys_prod_name": "John Frieda Detox & Repair Shampoo for Dry, Stressed & Damaged Hair 250ml", "sainsburys_discounted_price": "£6.00", "sainsburys_offer_desc": null, "sainsburys_url": "https://www.sainsburys.co.uk/shop/gb/groceries/product/details/shampoo-247823-44/john-frieda-detox-repair-shampoo-for-dry-stressed-damaged-hair-250ml", "sainsburys_rating": "4.5731", "sainsburys_unit_price": "£2.40", "sainsburys_availability": null, "images": []},
{"client": "Sainsburys", "time": "2020-08-05 12:54:33", "category": "Shampoo", "id": "0071164343166", "sainsburys_prod_name": "Hask Argan Oil from Morocco Repairing Shampoo 355ml", "sainsburys_discounted_price": "£7.00", "sainsburys_offer_desc": null, "sainsburys_url": "https://www.sainsburys.co.uk/shop/gb/groceries/product/details/shampoo-247823-44/hask-argan-oil-from-morocco-repairing-shampoo-355ml", "sainsburys_rating": null, "sainsburys_unit_price": "£1.97", "sainsburys_availability": null, "images": []},
{"client": "Sainsburys", "time": "2020-08-05 12:54:33", "category": "Shampoo", "id": "5060412675116", "sainsburys_prod_name": "Noughty Care Taker Scalp Soothing Shampoo 250ml", "sainsburys_discounted_price": "£7.00", "sainsburys_offer_desc": null, "sainsburys_url": "https://www.sainsburys.co.uk/shop/gb/groceries/product/details/shampoo-247823-44/noughty-care-taker-scalp-soothing-shampoo-250ml", "sainsburys_rating": "4.5514", "sainsburys_unit_price": "£2.80", "sainsburys_availability": null, "images": []},
{"client": "Sainsburys", "time": "2020-08-05 12:54:33", "category": "Shampoo", "id": "5037156263633", "sainsburys_prod_name": "John Frieda Hydrate & Recharge Shampoo 250ml", "sainsburys_discounted_price": "£6.00", "sainsburys_offer_desc": null, "sainsburys_url": "https://www.sainsburys.co.uk/shop/gb/groceries/product/details/shampoo-247823-44/john-frieda-hydrate-recharge-shampoo-250ml", "sainsburys_rating": "4.6163", "sainsburys_unit_price": "£2.40", "sainsburys_availability": null, "images": []},
{"client": "Sainsburys", "time": "2020-08-05 12:54:33", "category": "Shampoo", "id": "5060412675147", "sainsburys_prod_name": "Noughty Wave Hello Curl Defining Shampoo 250ml", "sainsburys_discounted_price": "£7.00", "sainsburys_offer_desc": null, "sainsburys_url": "https://www.sainsburys.co.uk/shop/gb/groceries/product/details/shampoo-247823-44/noughty-wave-hello-curl-defining-shampoo-250ml", "sainsburys_rating": "4.6615", "sainsburys_unit_price": "£2.80", "sainsburys_availability": null, "images": []},
{"client": "Sainsburys", "time": "2020-08-05 12:54:33", "category": "Shampoo", "id": "0071164343173", "sainsburys_prod_name": "Hask Keratin Protein Smoothing Shampoo 355ml", "sainsburys_discounted_price": "£7.00", "sainsburys_offer_desc": null, "sainsburys_url": "https://www.sainsburys.co.uk/shop/gb/groceries/product/details/shampoo-247823-44/hask-keratin-protein-smoothing-shampoo-355ml", "sainsburys_rating": null, "sainsburys_unit_price": "£1.97", "sainsburys_availability": null, "images": []},
{"client": "Sainsburys", "time": "2020-08-05 12:54:33", "category": "Shampoo", "id": "0022796170811", "sainsburys_prod_name": "Maui Moisture Lightweight Hydration + Hibiscus Water Shampoo 385ml", "sainsburys_discounted_price": "£9.00", "sainsburys_offer_desc": null, "sainsburys_url": "https://www.sainsburys.co.uk/shop/gb/groceries/product/details/shampoo-247823-44/maui-moisture-lightweight-hydration-hibiscus-water-shampoo-385ml", "sainsburys_rating": "5.0", "sainsburys_unit_price": "£2.34", "sainsburys_availability": null, "images": []},
{"client": "Sainsburys", "time": "2020-08-05 12:54:33", "category": "Shampoo", "id": "5060412675185", "sainsburys_prod_name": "Noughty To The Rescue Moisture Boost Shampoo 250ml", "sainsburys_discounted_price": "£7.00", "sainsburys_offer_desc": null, "sainsburys_url": "https://www.sainsburys.co.uk/shop/gb/groceries/product/details/shampoo-247823-44/noughty-to-the-rescue-moisture-boost-shampoo-250ml", "sainsburys_rating": "4.7242", "sainsburys_unit_price": "£2.80", "sainsburys_availability": null, "images": []},
{"client": "Sainsburys", "time": "2020-08-05 12:54:33", "category": "Shampoo", "id": "0071164343180", "sainsburys_prod_name": "Hask Monoi Coconut Oil Nourishing Shampoo 355ml", "sainsburys_discounted_price": "£7.00", "sainsburys_offer_desc": null, "sainsburys_url": "https://www.sainsburys.co.uk/shop/gb/groceries/product/details/shampoo-247823-44/hask-monoi-coconut-oil-nourishing-shampoo-355ml", "sainsburys_rating": null, "sainsburys_unit_price": "£1.97", "sainsburys_availability": null, "images": []},
{"client": "Sainsburys", "time": "2020-08-05 12:54:33", "category": "Shampoo", "id": "5060522721413", "sainsburys_prod_name": "Bleach London Silver Shampoo 250ml", "sainsburys_discounted_price": "£6.50", "sainsburys_offer_desc": null, "sainsburys_url": "https://www.sainsburys.co.uk/shop/gb/groceries/product/details/shampoo-247823-44/bleach-london-silver-shampoo-250ml", "sainsburys_rating": null, "sainsburys_unit_price": "£2.60", "sainsburys_availability": null, "images": []},
{"client": "Sainsburys", "time": "2020-08-05 12:54:33", "category": "Shampoo", "id": "5060523010394", "sainsburys_prod_name": "Noughty Blondie Locks Blonde Enhancing Shampoo 250ml", "sainsburys_discounted_price": "£7.00", "sainsburys_offer_desc": null, "sainsburys_url": "https://www.sainsburys.co.uk/shop/gb/groceries/product/details/shampoo-247823-44/noughty-blondie-locks-blonde-enhancing-shampoo-250ml", "sainsburys_rating": "4.7006", "sainsburys_unit_price": "£2.80", "sainsburys_availability": null, "images": []},
{"client": "Sainsburys", "time": "2020-08-05 12:54:33", "category": "Shampoo", "id": "5060412677622", "sainsburys_prod_name": "Noughty Pumped Up Shampoo 250ml", "sainsburys_discounted_price": "£7.00", "sainsburys_offer_desc": null, "sainsburys_url": "https://www.sainsburys.co.uk/shop/gb/groceries/product/details/shampoo-247823-44/noughty-pumped-up-shampoo-250ml", "sainsburys_rating": "4.5704", "sainsburys_unit_price": "£2.80", "sainsburys_availability": null, "images": []},
{"client": "Sainsburys", "time": "2020-08-05 12:54:33", "category": "Shampoo", "id": "5060412677660", "sainsburys_prod_name": "Noughty Colour Bomb Colour Protecting Shampoo 250ml", "sainsburys_discounted_price": "£7.00", "sainsburys_offer_desc": null, "sainsburys_url": "https://www.sainsburys.co.uk/shop/gb/groceries/product/details/shampoo-247823-44/noughty-colour-bomb-colour-protecting-shampoo-250ml", "sainsburys_rating": "4.6559", "sainsburys_unit_price": "£2.80", "sainsburys_availability": null, "images": []},
{"client": "Sainsburys", "time": "2020-08-05 12:54:33", "category": "Shampoo", "id": "5060523010356", "sainsburys_prod_name": "Noughty Tough Cookie Strengthening Shampoo 250ml", "sainsburys_discounted_price": "£7.00", "sainsburys_offer_desc": null, "sainsburys_url": "https://www.sainsburys.co.uk/shop/gb/groceries/product/details/shampoo-247823-44/noughty-tough-cookie-strengthening-shampoo-250ml", "sainsburys_rating": "4.7143", "sainsburys_unit_price": "£2.80", "sainsburys_availability": null, "images": []},
{"client": "Sainsburys", "time": "2020-08-05 12:54:33", "category": "Shampoo", "id": "3600523882229", "sainsburys_prod_name": "L'Oreal Elvive Full Resist Reinforcing Fragile Hair Shampoo 400ml", "sainsburys_discounted_price": "£2.50", "sainsburys_offer_desc": "Only £2.50: Save £1.00", "sainsburys_url": "https://www.sainsburys.co.uk/shop/gb/groceries/product/details/shampoo-247823-44/elivive-full-resist-shampoo-400ml", "sainsburys_rating": "4.7317", "sainsburys_unit_price": "63p", "sainsburys_availability": null, "images": []},
{"client": "Sainsburys", "time": "2020-08-05 12:54:33", "category": "Shampoo", "id": "5055786223476", "sainsburys_prod_name": "Knight & Wilson Pureplex Bond Reconstructing Shampoo 200ml", "sainsburys_discounted_price": "£8.00", "sainsburys_offer_desc": null, "sainsburys_url": "https://www.sainsburys.co.uk/shop/gb/groceries/product/details/shampoo-247823-44/knight-wilson-pureplex-bond-reconstructing-shampoo-200ml", "sainsburys_rating": null, "sainsburys_unit_price": "£4.00", "sainsburys_availability": null, "images": []},
{"client": "Sainsburys", "time": "2020-08-05 12:54:33", "category": "Shampoo", "id": "8001841761619", "sainsburys_prod_name": "Aussie Blonde Hydration Purple Shampoo 290 ml", "sainsburys_discounted_price": "£4.50", "sainsburys_offer_desc": null, "sainsburys_url": "https://www.sainsburys.co.uk/shop/gb/groceries/product/details/shampoo-247823-44/aussie-coral-blonde-shampoo-290ml", "sainsburys_rating": "4.885", "sainsburys_unit_price": "£1.55", "sainsburys_availability": null, "images": []},
{"client": "Sainsburys", "time": "2020-08-05 12:54:33", "category": "Shampoo", "id": "8001841411897", "sainsburys_prod_name": "Head & Shoulders Anti-Dandruff Men Ultra Shampoo, 400ml", "sainsburys_discounted_price": "£3.50", "sainsburys_offer_desc": "Only £3.50: Save £1.00", "sainsburys_url": "https://www.sainsburys.co.uk/shop/gb/groceries/product/details/shampoo-247823-44/h-s-men-ultra-detox-shampoo-400ml", "sainsburys_rating": null, "sainsburys_unit_price": "88p", "sainsburys_availability": null, "images": []},
{"client": "Sainsburys", "time": "2020-08-05 12:54:33", "category": "Shampoo", "id": "8001841713373", "sainsburys_prod_name": "Head & Shoulders Men Total Care Anti Dandruff 2in1 Shampoo 400ml", "sainsburys_discounted_price": "£3.50", "sainsburys_offer_desc": "Only £3.50: Save £1.00", "sainsburys_url": "https://www.sainsburys.co.uk/shop/gb/groceries/product/details/shampoo-247823-44/h-s-total-care-2in1-shampoo-400ml", "sainsburys_rating": null, "sainsburys_unit_price": "88p", "sainsburys_availability": null, "images": []},
{"client": "Sainsburys", "time": "2020-08-05 12:54:33", "category": "Shampoo", "id": "8001841713250", "sainsburys_prod_name": "Head & Shoulders Men Ultra Anti-Hairfall Anti Dandruff Shampoo 400ml", "sainsburys_discounted_price": "£3.50", "sainsburys_offer_desc": "Only £3.50: Save £1.00", "sainsburys_url": "https://www.sainsburys.co.uk/shop/gb/groceries/product/details/shampoo-247823-44/h-s-anti-hair-booster-2in1-shampoo-400ml", "sainsburys_rating": null, "sainsburys_unit_price": "88p", "sainsburys_availability": null, "images": []},
{"client": "Sainsburys", "time": "2020-08-05 12:54:33", "category": "Shampoo", "id": "8001841500645", "sainsburys_prod_name": "Herbal Essences Bio: Aloe & Hemp Shampoo 380ml", "sainsburys_discounted_price": "£4.50", "sainsburys_offer_desc": null, "sainsburys_url": "https://www.sainsburys.co.uk/shop/gb/groceries/product/details/shampoo-247823-44/herbal-bio-ren-sulfat-fr-hemp-sham-380ml", "sainsburys_rating": "4.8911", "sainsburys_unit_price": "£1.18", "sainsburys_availability": null, "images": []},
{"client": "Sainsburys", "time": "2020-08-05 12:54:33", "category": "Shampoo", "id": "8001841500799", "sainsburys_prod_name": "Herbal Essences Bio: Aloe & Mango Shampoo 380ml", "sainsburys_discounted_price": "£4.50", "sainsburys_offer_desc": null, "sainsburys_url": "https://www.sainsburys.co.uk/shop/gb/groceries/product/details/shampoo-247823-44/herbal-bio-ren-sulfate-fr-mngo-s-p-380ml", "sainsburys_rating": "4.875", "sainsburys_unit_price": "£1.18", "sainsburys_availability": null, "images": []}
]