[
    {
        "id": "tPp435635-694165-694166",
        "prod_name": "Pantene Classic Clean Shampoo",
        "Qty": "500ml",
        "discounted_price": "£5.15",
        "offer_desc": "Add 2 for £5",
        "url": "https://www.waitrose.com/ecom/shop/browse/groceries/toiletries_health_and_beauty/hair_care/shampoo",
        "rating": null,
        "unit_price": "(£1.03/100ml)"
    },
    {
        "id": "tPp096508-49364-49365",
        "prod_name": "Aussie Miracle Moist Shampoo",
        "Qty": "300ml",
        "discounted_price": "£4.10",
        "offer_desc": "Add 2 for £7",
        "url": "https://www.waitrose.com/ecom/shop/browse/groceries/toiletries_health_and_beauty/hair_care/shampoo",
        "rating": "3.7",
        "unit_price": "(£1.37/100ml)"
    },
    {
        "id": "tPp836753-694201-694202",
        "prod_name": "Pantene Volume & Body Shampoo",
        "Qty": "500ml",
        "discounted_price": "£5.15",
        "offer_desc": "Add 2 for £5",
        "url": "https://www.waitrose.com/ecom/shop/browse/groceries/toiletries_health_and_beauty/hair_care/shampoo",
        "rating": null,
        "unit_price": "(£1.03/100ml)"
    },
    {
        "id": "tPp455905-591789-591790",
        "prod_name": "Herbal Essences clean Shampoo",
        "Qty": "400ml",
        "discounted_price": "£4.50",
        "offer_desc": "Add 2 for £6",
        "url": "https://www.waitrose.com/ecom/shop/browse/groceries/toiletries_health_and_beauty/hair_care/shampoo",
        "rating": null,
        "unit_price": "(£1.13/100ml)"
    },
    {
        "id": "tPp472240-591833-591834",
        "prod_name": "Herbal Essences Repair Shampoo",
        "Qty": "400ml",
        "discounted_price": "£4.50",
        "offer_desc": "Add 2 for £6",
        "url": "https://www.waitrose.com/ecom/shop/browse/groceries/toiletries_health_and_beauty/hair_care/shampoo",
        "rating": "5",
        "unit_price": "(£1.13/100ml)"
    },
    {
        "id": "tPp824583-694195-694196",
        "prod_name": "Pantene Repair & Protect Shampoo",
        "Qty": "500ml",
        "discounted_price": "£3.75",
        "offer_desc": "Add 2 for £5",
        "url": "https://www.waitrose.com/ecom/shop/browse/groceries/toiletries_health_and_beauty/hair_care/shampoo",
        "rating": null,
        "unit_price": "(75p/100ml)"
    },
    {
        "id": "tPp059421-29947-29948",
        "prod_name": "Aussie Aussome Volume Shampoo",
        "Qty": "300ml",
        "discounted_price": "£4.00",
        "offer_desc": "Add 2 for £7",
        "url": "https://www.waitrose.com/ecom/shop/browse/groceries/toiletries_health_and_beauty/hair_care/shampoo",
        "rating": "5",
        "unit_price": "(£1.34/100ml)"
    },
    {
        "id": "tPp657721-694179-694180",
        "prod_name": "Pantene 3 in 1 Classic Clean",
        "Qty": "450ml",
        "discounted_price": "£3.75",
        "offer_desc": "Add 2 for £5",
        "url": "https://www.waitrose.com/ecom/shop/browse/groceries/toiletries_health_and_beauty/hair_care/shampoo",
        "rating": null,
        "unit_price": "(83.3p/100ml)"
    },
    {
        "id": "tPp575547-494836-494837",
        "prod_name": "DGJ Thickening Shampoo",
        "Qty": "250ml",
        "discounted_price": "£3.33",
        "offer_desc": "Save 1/3.",
        "url": "https://www.waitrose.com/ecom/shop/browse/groceries/toiletries_health_and_beauty/hair_care/shampoo",
        "rating": "5",
        "unit_price": "(£1.34/100ml)"
    },
    {
        "id": "tPp096232-49248-49249",
        "prod_name": "Aussie Mega Shampoo",
        "Qty": "300ml",
        "discounted_price": "£4.10",
        "offer_desc": "Add 2 for £7",
        "url": "https://www.waitrose.com/ecom/shop/browse/groceries/toiletries_health_and_beauty/hair_care/shampoo",
        "rating": "2.5",
        "unit_price": "(£1.37/100ml)"
    },
    {
        "id": "tPp725068-723986-723987",
        "prod_name": "Faith in Nature Lavender Shampoo",
        "Qty": "400ml",
        "discounted_price": "£3.86",
        "offer_desc": "Save 1/3.",
        "url": "https://www.waitrose.com/ecom/shop/browse/groceries/toiletries_health_and_beauty/hair_care/shampoo",
        "rating": null,
        "unit_price": "(96.5p/100ml)"
    },
    {
        "id": "tPp701301-99532-99533",
        "prod_name": "essential Waitrose shampoo normal",
        "Qty": "300ml",
        "discounted_price": "80p",
        "offer_desc": null,
        "url": "https://www.waitrose.com/ecom/shop/browse/groceries/toiletries_health_and_beauty/hair_care/shampoo",
        "rating": "4.1",
        "unit_price": "(26.7p/100ml)"
    },
    {
        "id": "tPp011495-5706-5707",
        "prod_name": "John Frieda Shampoo Touchably Full",
        "Qty": "250ml",
        "discounted_price": "£6.00",
        "offer_desc": "Add 2 for £9",
        "url": "https://www.waitrose.com/ecom/shop/browse/groceries/toiletries_health_and_beauty/hair_care/shampoo",
        "rating": "4",
        "unit_price": "(£2.40/100ml)"
    },
    {
        "id": "tPp775870-724036-724037",
        "prod_name": "Faith in Nature Wild Rose Shampoo",
        "Qty": "400ml",
        "discounted_price": "£3.86",
        "offer_desc": "Save 1/3.",
        "url": "https://www.waitrose.com/ecom/shop/browse/groceries/toiletries_health_and_beauty/hair_care/shampoo",
        "rating": "1",
        "unit_price": "(96.5p/100ml)"
    },
    {
        "id": "tPp821139-694191-694192",
        "prod_name": "Pantene Smooth & Sleek Shampoo",
        "Qty": "500ml",
        "discounted_price": "£5.15",
        "offer_desc": "Add 2 for £5",
        "url": "https://www.waitrose.com/ecom/shop/browse/groceries/toiletries_health_and_beauty/hair_care/shampoo",
        "rating": null,
        "unit_price": "(£1.03/100ml)"
    },
    {
        "id": "tPp581617-694173-694174",
        "prod_name": "Pantene Colour Protect Shampoo",
        "Qty": "500ml",
        "discounted_price": "£5.15",
        "offer_desc": "Add 2 for £5",
        "url": "https://www.waitrose.com/ecom/shop/browse/groceries/toiletries_health_and_beauty/hair_care/shampoo",
        "rating": null,
        "unit_price": "(£1.03/100ml)"
    },
    {
        "id": "tPp083596-42439-42440",
        "prod_name": "Aussie Colour Mate Shampoo",
        "Qty": "300ml",
        "discounted_price": "£4.10",
        "offer_desc": "Add 2 for £7",
        "url": "https://www.waitrose.com/ecom/shop/browse/groceries/toiletries_health_and_beauty/hair_care/shampoo",
        "rating": "5",
        "unit_price": "(£1.37/100ml)"
    },
    {
        "id": "tPp687186-337057-337058",
        "prod_name": "Argan + Argan Oil Rejuvenating Shampoo",
        "Qty": "300ml",
        "discounted_price": "£3.99",
        "offer_desc": "Save 1/3.",
        "url": "https://www.waitrose.com/ecom/shop/browse/groceries/toiletries_health_and_beauty/hair_care/shampoo",
        "rating": "5",
        "unit_price": "(£1.33/100ml)"
    },
    {
        "id": "tPp490113-591883-591884",
        "prod_name": "Herbal Essences Volume Shampoo",
        "Qty": "400ml",
        "discounted_price": "£4.50",
        "offer_desc": "Add 2 for £6",
        "url": "https://www.waitrose.com/ecom/shop/browse/groceries/toiletries_health_and_beauty/hair_care/shampoo",
        "rating": "5",
        "unit_price": "(£1.13/100ml)"
    },
    {
        "id": "tPp427668-591713-591714",
        "prod_name": "Herbal Essences Hydrate Shampoo",
        "Qty": "400ml",
        "discounted_price": "£4.50",
        "offer_desc": "Add 2 for £6",
        "url": "https://www.waitrose.com/ecom/shop/browse/groceries/toiletries_health_and_beauty/hair_care/shampoo",
        "rating": "5",
        "unit_price": "(£1.13/100ml)"
    },
    {
        "id": "tPp639366-90822-90823",
        "prod_name": "Head & Shoulders Shampoo Classic",
        "Qty": "500ml",
        "discounted_price": "£5.15",
        "offer_desc": null,
        "url": "https://www.waitrose.com/ecom/shop/browse/groceries/toiletries_health_and_beauty/hair_care/shampoo",
        "rating": "3.5",
        "unit_price": "(£1.03/100ml)"
    },
    {
        "id": "tPp847454-724141-724142",
        "prod_name": "Faith in Nature Grapefruit Shampoo",
        "Qty": "400ml",
        "discounted_price": "£3.86",
        "offer_desc": "Save 1/3.",
        "url": "https://www.waitrose.com/ecom/shop/browse/groceries/toiletries_health_and_beauty/hair_care/shampoo",
        "rating": null,
        "unit_price": "(96.5p/100ml)"
    },
    {
        "id": "tPp755068-720289-720290",
        "prod_name": "Herbal Essences Aloe Hemp Shampoo",
        "Qty": "380ml",
        "discounted_price": "£4.50",
        "offer_desc": "Add 2 for £6",
        "url": "https://www.waitrose.com/ecom/shop/browse/groceries/toiletries_health_and_beauty/hair_care/shampoo",
        "rating": null,
        "unit_price": "(£1.19/100ml)"
    },
    {
        "id": "tPp535961-75786-75787",
        "prod_name": "essential Waitrose Nourishing Shampoo",
        "Qty": "300ml",
        "discounted_price": "80p",
        "offer_desc": null,
        "url": "https://www.waitrose.com/ecom/shop/browse/groceries/toiletries_health_and_beauty/hair_care/shampoo",
        "rating": "4.4",
        "unit_price": "(26.7p/100ml)"
    },
    {
        "id": "tPp563832-295347-295348",
        "prod_name": "Argan + Argan Oil 5Oil Miracle Shampoo",
        "Qty": "300ml",
        "discounted_price": "£3.99",
        "offer_desc": "Save 1/3.",
        "url": "https://www.waitrose.com/ecom/shop/browse/groceries/toiletries_health_and_beauty/hair_care/shampoo",
        "rating": "5",
        "unit_price": "(£1.33/100ml)"
    },
    {
        "id": "tPp871494-495182-495183",
        "prod_name": "DGJ Hairjuice Shampoo",
        "Qty": "250ml",
        "discounted_price": "£3.33",
        "offer_desc": "Save 1/3.",
        "url": "https://www.waitrose.com/ecom/shop/browse/groceries/toiletries_health_and_beauty/hair_care/shampoo",
        "rating": "5",
        "unit_price": "(£1.34/100ml)"
    },
    {
        "id": "tPp364793-255761-255762",
        "prod_name": "Aussie Miracle Shine Shampoo",
        "Qty": "300ml",
        "discounted_price": "£4.00",
        "offer_desc": "Add 2 for £7",
        "url": "https://www.waitrose.com/ecom/shop/browse/groceries/toiletries_health_and_beauty/hair_care/shampoo",
        "rating": null,
        "unit_price": "(£1.34/100ml)"
    },
    {
        "id": "tPp810201-352482-352483",
        "prod_name": "essential Waitrose Daily Care 2 in 1",
        "Qty": "300ml",
        "discounted_price": "80p",
        "offer_desc": null,
        "url": "https://www.waitrose.com/ecom/shop/browse/groceries/toiletries_health_and_beauty/hair_care/shampoo",
        "rating": "4.2",
        "unit_price": "(26.7p/100ml)"
    },
    {
        "id": "tPp610920-86669-86670",
        "prod_name": "Sheer Blonde Go Blonder Shampoo",
        "Qty": "250ml",
        "discounted_price": "£6.00",
        "offer_desc": "Add 2 for £9",
        "url": "https://www.waitrose.com/ecom/shop/browse/groceries/toiletries_health_and_beauty/hair_care/shampoo",
        "rating": "3.5",
        "unit_price": "(£2.40/100ml)"
    },
    {
        "id": "tPp425163-526469-526470",
        "prod_name": "Frizz Ease Shampoo Miraculous Recovery",
        "Qty": "250ml",
        "discounted_price": "£6.00",
        "offer_desc": "Add 2 for £9",
        "url": "https://www.waitrose.com/ecom/shop/browse/groceries/toiletries_health_and_beauty/hair_care/shampoo",
        "rating": null,
        "unit_price": "(£2.40/100ml)"
    },
    {
        "id": "tPp502050-631293-631294",
        "prod_name": "Hask Argan Oil Repairing Shampoo",
        "Qty": "355ml",
        "discounted_price": "£4.66",
        "offer_desc": "Save 1/3.",
        "url": "https://www.waitrose.com/ecom/shop/browse/groceries/toiletries_health_and_beauty/hair_care/shampoo",
        "rating": "3.7",
        "unit_price": "(£1.32/100ml)"
    },
    {
        "id": "tPp819563-729788-729789",
        "prod_name": "Aussie Blonde Purple Shampoo",
        "Qty": "290ml",
        "discounted_price": "£5.99",
        "offer_desc": "Add 2 for £7",
        "url": "https://www.waitrose.com/ecom/shop/browse/groceries/toiletries_health_and_beauty/hair_care/shampoo",
        "rating": null,
        "unit_price": "(£2.07/100ml)"
    },
    {
        "id": "tPp092708-47659-47660",
        "prod_name": "Vosene Original Shampoo",
        "Qty": "250ml",
        "discounted_price": "£2.05",
        "offer_desc": null,
        "url": "https://www.waitrose.com/ecom/shop/browse/groceries/toiletries_health_and_beauty/hair_care/shampoo",
        "rating": "5",
        "unit_price": "(82p/100ml)"
    },
    {
        "id": "tPp778297-720309-720310",
        "prod_name": "Pantene Grow Strong Shampoo",
        "Qty": "400ml",
        "discounted_price": "£3.75",
        "offer_desc": "Add 2 for £5",
        "url": "https://www.waitrose.com/ecom/shop/browse/groceries/toiletries_health_and_beauty/hair_care/shampoo",
        "rating": null,
        "unit_price": "(93.8p/100ml)"
    },
    {
        "id": "tPp755349-720291-720292",
        "prod_name": "Herbal Essences Aloe & Mango Shampoo",
        "Qty": "380ml",
        "discounted_price": "£4.50",
        "offer_desc": "Add 2 for £6",
        "url": "https://www.waitrose.com/ecom/shop/browse/groceries/toiletries_health_and_beauty/hair_care/shampoo",
        "rating": null,
        "unit_price": "(£1.19/100ml)"
    },
    {
        "id": "tPp810302-683828-683829",
        "prod_name": "Herbal Essences Deep Repair Shampoo",
        "Qty": "400ml",
        "discounted_price": "£4.50",
        "offer_desc": "Add 2 for £6",
        "url": "https://www.waitrose.com/ecom/shop/browse/groceries/toiletries_health_and_beauty/hair_care/shampoo",
        "rating": null,
        "unit_price": "(£1.13/100ml)"
    },
    {
        "id": "tPp425124-59787-59788",
        "prod_name": "Brilliant Brunette Protecting Shampoo",
        "Qty": "250ml",
        "discounted_price": "£6.00",
        "offer_desc": "Add 2 for £9",
        "url": "https://www.waitrose.com/ecom/shop/browse/groceries/toiletries_health_and_beauty/hair_care/shampoo",
        "rating": null,
        "unit_price": "(£2.40/100ml)"
    },
    {
        "id": "tPp790782-694215-694216",
        "prod_name": "Pantene 3in1 Smooth & Sleek",
        "Qty": "450ml",
        "discounted_price": "£3.75",
        "offer_desc": "Add 2 for £5",
        "url": "https://www.waitrose.com/ecom/shop/browse/groceries/toiletries_health_and_beauty/hair_care/shampoo",
        "rating": null,
        "unit_price": "(83.3p/100ml)"
    },
    {
        "id": "tPp485884-539933-539934",
        "prod_name": "Waitrose Pure Purifying Shampoo",
        "Qty": "250ml",
        "discounted_price": "£3.00",
        "offer_desc": null,
        "url": "https://www.waitrose.com/ecom/shop/browse/groceries/toiletries_health_and_beauty/hair_care/shampoo",
        "rating": "4.4",
        "unit_price": "(£1.20/100ml)"
    },
    {
        "id": "tPp402915-526384-526385",
        "prod_name": "John Frieda Violet Crush Shampoo",
        "Qty": "250ml",
        "discounted_price": "£6.00",
        "offer_desc": "Add 2 for £9",
        "url": "https://www.waitrose.com/ecom/shop/browse/groceries/toiletries_health_and_beauty/hair_care/shampoo",
        "rating": "5",
        "unit_price": "(£2.40/100ml)"
    },
    {
        "id": "tPp065299-33095-33096",
        "prod_name": "Frizz Ease Dream Curls Shampoo",
        "Qty": "250ml",
        "discounted_price": "£6.00",
        "offer_desc": "Add 2 for £9",
        "url": "https://www.waitrose.com/ecom/shop/browse/groceries/toiletries_health_and_beauty/hair_care/shampoo",
        "rating": "5",
        "unit_price": "(£2.40/100ml)"
    },
    {
        "id": "tPp740653-352034-352035",
        "prod_name": "essential Waitrose Anti-Dandruff 2 in 1",
        "Qty": "300ml",
        "discounted_price": "£1.00",
        "offer_desc": null,
        "url": "https://www.waitrose.com/ecom/shop/browse/groceries/toiletries_health_and_beauty/hair_care/shampoo",
        "rating": "4",
        "unit_price": "(33.3p/100ml)"
    },
    {
        "id": "tPp884562-720413-720414",
        "prod_name": "Maui Moisture Shea Butter Shampoo",
        "Qty": "385ml",
        "discounted_price": "£5.99",
        "offer_desc": "Save 1/3.",
        "url": "https://www.waitrose.com/ecom/shop/browse/groceries/toiletries_health_and_beauty/hair_care/shampoo",
        "rating": null,
        "unit_price": "(£1.56/100ml)"
    },
    {
        "id": "tPp725372-631511-631512",
        "prod_name": "Hask Moni Coconut Oil Shampoo",
        "Qty": "355ml",
        "discounted_price": "£4.66",
        "offer_desc": "Save 1/3.",
        "url": "https://www.waitrose.com/ecom/shop/browse/groceries/toiletries_health_and_beauty/hair_care/shampoo",
        "rating": null,
        "unit_price": "(£1.32/100ml)"
    },
    {
        "id": "tPp550161-729688-729689",
        "prod_name": "Neutrogena T Gel Therapeutic Shampoo",
        "Qty": "250ml",
        "discounted_price": "£7.50",
        "offer_desc": null,
        "url": "https://www.waitrose.com/ecom/shop/browse/groceries/toiletries_health_and_beauty/hair_care/shampoo",
        "rating": null,
        "unit_price": "(£3/100ml)"
    },
    {
        "id": "tPp747801-683764-683765",
        "prod_name": "Aussie Shampoo Scent-sational",
        "Qty": "300ml",
        "discounted_price": "£4.00",
        "offer_desc": "Add 2 for £7",
        "url": "https://www.waitrose.com/ecom/shop/browse/groceries/toiletries_health_and_beauty/hair_care/shampoo",
        "rating": "5",
        "unit_price": "(£1.34/100ml)"
    },
    {
        "id": "tPp486943-68769-68770",
        "prod_name": "Head & Shoulders 2in1 classic clean",
        "Qty": "225ml",
        "discounted_price": "£3.00",
        "offer_desc": null,
        "url": "https://www.waitrose.com/ecom/shop/browse/groceries/toiletries_health_and_beauty/hair_care/shampoo",
        "rating": "4",
        "unit_price": "(£1.34/100ml)"
    },
    {
        "id": "tPp808436-720325-720326",
        "prod_name": "Hask Biotin Boost Shampoo",
        "Qty": "355ml",
        "discounted_price": "£4.66",
        "offer_desc": "Save 1/3.",
        "url": "https://www.waitrose.com/ecom/shop/browse/groceries/toiletries_health_and_beauty/hair_care/shampoo",
        "rating": null,
        "unit_price": "(£1.32/100ml)"
    }
]