[
{"client": "Waitrose", "time": "2020-07-25 22:26:02", "category": "Shampoo", "id": "tPp435635-694165-694166", "prod_name": "Pantene Classic Clean Shampoo", "Qty": "500ml", "discounted_price": "£5.15", "offer_desc": "Add 2 for £5", "url": "https://www.waitrose.com/ecom/shop/browse/groceries/toiletries_health_and_beauty/hair_care/shampoo", "rating": null, "unit_price": "(£1.03/100ml)", "new_flag": null},
{"client": "Waitrose", "time": "2020-07-25 22:26:02", "category": "Shampoo", "id": "tPp639366-90822-90823", "prod_name": "Head & Shoulders Shampoo Classic", "Qty": "500ml", "discounted_price": "£3.43", "offer_desc": "Save 1/3.", "url": "https://www.waitrose.com/ecom/shop/browse/groceries/toiletries_health_and_beauty/hair_care/shampoo", "rating": "3.5", "unit_price": "(68.6p/100ml)", "new_flag": null},
{"client": "Waitrose", "time": "2020-07-25 22:26:02", "category": "Shampoo", "id": "tPp096508-49364-49365", "prod_name": "Aussie Miracle Moist Shampoo", "Qty": "300ml", "discounted_price": "£4.10", "offer_desc": "Add 2 for £7", "url": "https://www.waitrose.com/ecom/shop/browse/groceries/toiletries_health_and_beauty/hair_care/shampoo", "rating": "3.7", "unit_price": "(£1.37/100ml)", "new_flag": null},
{"client": "Waitrose", "time": "2020-07-25 22:26:02", "category": "Shampoo", "id": "tPp836753-694201-694202", "prod_name": "Pantene Volume & Body Shampoo", "Qty": "500ml", "discounted_price": "£5.15", "offer_desc": "Add 2 for £5", "url": "https://www.waitrose.com/ecom/shop/browse/groceries/toiletries_health_and_beauty/hair_care/shampoo", "rating": null, "unit_price": "(£1.03/100ml)", "new_flag": null},
{"client": "Waitrose", "time": "2020-07-25 22:26:02", "category": "Shampoo", "id": "tPp824583-694195-694196", "prod_name": "Pantene Repair & Protect Shampoo", "Qty": "500ml", "discounted_price": "£3.75", "offer_desc": "Add 2 for £5", "url": "https://www.waitrose.com/ecom/shop/browse/groceries/toiletries_health_and_beauty/hair_care/shampoo", "rating": null, "unit_price": "(75p/100ml)", "new_flag": null},
{"client": "Waitrose", "time": "2020-07-25 22:26:02", "category": "Shampoo", "id": "tPp472240-591833-591834", "prod_name": "Herbal Essences Repair Shampoo", "Qty": "400ml", "discounted_price": "£4.50", "offer_desc": "Add 2 for £6", "url": "https://www.waitrose.com/ecom/shop/browse/groceries/toiletries_health_and_beauty/hair_care/shampoo", "rating": "5", "unit_price": "(£1.13/100ml)", "new_flag": null},
{"client": "Waitrose", "time": "2020-07-25 22:26:02", "category": "Shampoo", "id": "tPp657721-694179-694180", "prod_name": "Pantene 3 in 1 Classic Clean", "Qty": "450ml", "discounted_price": "£3.75", "offer_desc": "Add 2 for £5", "url": "https://www.waitrose.com/ecom/shop/browse/groceries/toiletries_health_and_beauty/hair_care/shampoo", "rating": null, "unit_price": "(83.3p/100ml)", "new_flag": null},
{"client": "Waitrose", "time": "2020-07-25 22:26:02", "category": "Shampoo", "id": "tPp455905-591789-591790", "prod_name": "Herbal Essences clean Shampoo", "Qty": "400ml", "discounted_price": "£4.50", "offer_desc": "Add 2 for £6", "url": "https://www.waitrose.com/ecom/shop/browse/groceries/toiletries_health_and_beauty/hair_care/shampoo", "rating": null, "unit_price": "(£1.13/100ml)", "new_flag": null},
{"client": "Waitrose", "time": "2020-07-25 22:26:02", "category": "Shampoo", "id": "tPp059421-29947-29948", "prod_name": "Aussie Aussome Volume Shampoo", "Qty": "300ml", "discounted_price": "£4.00", "offer_desc": "Add 2 for £7", "url": "https://www.waitrose.com/ecom/shop/browse/groceries/toiletries_health_and_beauty/hair_care/shampoo", "rating": "5", "unit_price": "(£1.34/100ml)", "new_flag": null},
{"client": "Waitrose", "time": "2020-07-25 22:26:02", "category": "Shampoo", "id": "tPp575547-494836-494837", "prod_name": "DGJ Thickening Shampoo", "Qty": "250ml", "discounted_price": "£3.33", "offer_desc": "Save 1/3.", "url": "https://www.waitrose.com/ecom/shop/browse/groceries/toiletries_health_and_beauty/hair_care/shampoo", "rating": "5", "unit_price": "(£1.34/100ml)", "new_flag": null},
{"client": "Waitrose", "time": "2020-07-25 22:26:02", "category": "Shampoo", "id": "tPp865734-216867-216868", "prod_name": "Ogx Argan Oil of Morocco Shampoo", "Qty": "385ml", "discounted_price": "£7.00", "offer_desc": null, "url": "https://www.waitrose.com/ecom/shop/browse/groceries/toiletries_health_and_beauty/hair_care/shampoo", "rating": "3.4", "unit_price": "(£1.82/100ml)", "new_flag": null},
{"client": "Waitrose", "time": "2020-07-25 22:26:02", "category": "Shampoo", "id": "tPp096232-49248-49249", "prod_name": "Aussie Mega Shampoo", "Qty": "300ml", "discounted_price": "£4.10", "offer_desc": "Add 2 for £7", "url": "https://www.waitrose.com/ecom/shop/browse/groceries/toiletries_health_and_beauty/hair_care/shampoo", "rating": "2.5", "unit_price": "(£1.37/100ml)", "new_flag": null},
{"client": "Waitrose", "time": "2020-07-25 22:26:02", "category": "Shampoo", "id": "tPp882824-154983-154984", "prod_name": "Head & Shoulders itchy scalp shampoo", "Qty": "500ml", "discounted_price": "£3.43", "offer_desc": "Save 1/3.", "url": "https://www.waitrose.com/ecom/shop/browse/groceries/toiletries_health_and_beauty/hair_care/shampoo", "rating": "5", "unit_price": "(68.6p/100ml)", "new_flag": null},
{"client": "Waitrose", "time": "2020-07-25 22:26:02", "category": "Shampoo", "id": "tPp701301-99532-99533", "prod_name": "essential Waitrose shampoo normal", "Qty": "300ml", "discounted_price": "80p", "offer_desc": null, "url": "https://www.waitrose.com/ecom/shop/browse/groceries/toiletries_health_and_beauty/hair_care/shampoo", "rating": "4.1", "unit_price": "(26.7p/100ml)", "new_flag": null},
{"client": "Waitrose", "time": "2020-07-25 22:26:02", "category": "Shampoo", "id": "tPp725068-723986-723987", "prod_name": "Faith in Nature Lavender Shampoo", "Qty": "400ml", "discounted_price": "£3.86", "offer_desc": "Save 1/3.", "url": "https://www.waitrose.com/ecom/shop/browse/groceries/toiletries_health_and_beauty/hair_care/shampoo", "rating": null, "unit_price": "(96.5p/100ml)", "new_flag": null},
{"client": "Waitrose", "time": "2020-07-25 22:26:02", "category": "Shampoo", "id": "tPp490113-591883-591884", "prod_name": "Herbal Essences Volume Shampoo", "Qty": "400ml", "discounted_price": "£4.50", "offer_desc": "Add 2 for £6", "url": "https://www.waitrose.com/ecom/shop/browse/groceries/toiletries_health_and_beauty/hair_care/shampoo", "rating": "5", "unit_price": "(£1.13/100ml)", "new_flag": null},
{"client": "Waitrose", "time": "2020-07-25 22:26:02", "category": "Shampoo", "id": "tPp011495-5706-5707", "prod_name": "John Frieda Shampoo Touchably Full", "Qty": "250ml", "discounted_price": "£6.00", "offer_desc": "Add 2 for £9", "url": "https://www.waitrose.com/ecom/shop/browse/groceries/toiletries_health_and_beauty/hair_care/shampoo", "rating": "4", "unit_price": "(£2.40/100ml)", "new_flag": null},
{"client": "Waitrose", "time": "2020-07-25 22:26:02", "category": "Shampoo", "id": "tPp775870-724036-724037", "prod_name": "Faith in Nature Wild Rose Shampoo", "Qty": "400ml", "discounted_price": "£3.86", "offer_desc": "Save 1/3.", "url": "https://www.waitrose.com/ecom/shop/browse/groceries/toiletries_health_and_beauty/hair_care/shampoo", "rating": "5", "unit_price": "(96.5p/100ml)", "new_flag": null},
{"client": "Waitrose", "time": "2020-07-25 22:26:02", "category": "Shampoo", "id": "tPp610920-86669-86670", "prod_name": "Sheer Blonde Go Blonder Shampoo", "Qty": "250ml", "discounted_price": "£6.00", "offer_desc": "Add 2 for £9", "url": "https://www.waitrose.com/ecom/shop/browse/groceries/toiletries_health_and_beauty/hair_care/shampoo", "rating": "3.5", "unit_price": "(£2.40/100ml)", "new_flag": null},
{"client": "Waitrose", "time": "2020-07-25 22:26:02", "category": "Shampoo", "id": "tPp821139-694191-694192", "prod_name": "Pantene Smooth & Sleek Shampoo", "Qty": "500ml", "discounted_price": "£5.15", "offer_desc": "Add 2 for £5", "url": "https://www.waitrose.com/ecom/shop/browse/groceries/toiletries_health_and_beauty/hair_care/shampoo", "rating": null, "unit_price": "(£1.03/100ml)", "new_flag": null},
{"client": "Waitrose", "time": "2020-07-25 22:26:02", "category": "Shampoo", "id": "tPp083596-42439-42440", "prod_name": "Aussie Colour Mate Shampoo", "Qty": "300ml", "discounted_price": "£4.10", "offer_desc": "Add 2 for £7", "url": "https://www.waitrose.com/ecom/shop/browse/groceries/toiletries_health_and_beauty/hair_care/shampoo", "rating": "5", "unit_price": "(£1.37/100ml)", "new_flag": null},
{"client": "Waitrose", "time": "2020-07-25 22:26:02", "category": "Shampoo", "id": "tPp581617-694173-694174", "prod_name": "Pantene Colour Protect Shampoo", "Qty": "500ml", "discounted_price": "£5.15", "offer_desc": "Add 2 for £5", "url": "https://www.waitrose.com/ecom/shop/browse/groceries/toiletries_health_and_beauty/hair_care/shampoo", "rating": null, "unit_price": "(£1.03/100ml)", "new_flag": null},
{"client": "Waitrose", "time": "2020-07-25 22:26:02", "category": "Shampoo", "id": "tPp847454-724141-724142", "prod_name": "Faith in Nature Grapefruit Shampoo", "Qty": "400ml", "discounted_price": "£3.86", "offer_desc": "Save 1/3.", "url": "https://www.waitrose.com/ecom/shop/browse/groceries/toiletries_health_and_beauty/hair_care/shampoo", "rating": null, "unit_price": "(96.5p/100ml)", "new_flag": null},
{"client": "Waitrose", "time": "2020-07-25 22:26:02", "category": "Shampoo", "id": "tPp047805-23664-23665", "prod_name": "Avalon Organics tea tree shampoo", "Qty": "325ml", "discounted_price": "£7.00", "offer_desc": null, "url": "https://www.waitrose.com/ecom/shop/browse/groceries/toiletries_health_and_beauty/hair_care/shampoo", "rating": "4.9", "unit_price": "(£2.16/100ml)", "new_flag": null},
{"client": "Waitrose", "time": "2020-07-25 22:26:02", "category": "Shampoo", "id": "tPp427668-591713-591714", "prod_name": "Herbal Essences Hydrate Shampoo", "Qty": "400ml", "discounted_price": "£4.50", "offer_desc": "Add 2 for £6", "url": "https://www.waitrose.com/ecom/shop/browse/groceries/toiletries_health_and_beauty/hair_care/shampoo", "rating": "5", "unit_price": "(£1.13/100ml)", "new_flag": null},
{"client": "Waitrose", "time": "2020-07-25 22:26:02", "category": "Shampoo", "id": "tPp535961-75786-75787", "prod_name": "essential Waitrose Nourishing Shampoo", "Qty": "300ml", "discounted_price": "80p", "offer_desc": null, "url": "https://www.waitrose.com/ecom/shop/browse/groceries/toiletries_health_and_beauty/hair_care/shampoo", "rating": "4.4", "unit_price": "(26.7p/100ml)", "new_flag": null},
{"client": "Waitrose", "time": "2020-07-25 22:26:02", "category": "Shampoo", "id": "tPp563832-295347-295348", "prod_name": "Argan + Argan Oil 5Oil Miracle Shampoo", "Qty": "300ml", "discounted_price": "£3.99", "offer_desc": "Save 1/3.", "url": "https://www.waitrose.com/ecom/shop/browse/groceries/toiletries_health_and_beauty/hair_care/shampoo", "rating": "5", "unit_price": "(£1.33/100ml)", "new_flag": null},
{"client": "Waitrose", "time": "2020-07-25 22:26:02", "category": "Shampoo", "id": "tPp757780-107799-107800", "prod_name": "Head & Shoulders 2in1 Classic Clean", "Qty": "450ml", "discounted_price": "£3.43", "offer_desc": "Save 1/3.", "url": "https://www.waitrose.com/ecom/shop/browse/groceries/toiletries_health_and_beauty/hair_care/shampoo", "rating": "4", "unit_price": "(76.2p/100ml)", "new_flag": null},
{"client": "Waitrose", "time": "2020-07-25 22:26:02", "category": "Shampoo", "id": "tPp790782-694215-694216", "prod_name": "Pantene 3in1 Smooth & Sleek", "Qty": "450ml", "discounted_price": "£3.75", "offer_desc": "Add 2 for £5", "url": "https://www.waitrose.com/ecom/shop/browse/groceries/toiletries_health_and_beauty/hair_care/shampoo", "rating": null, "unit_price": "(83.3p/100ml)", "new_flag": null},
{"client": "Waitrose", "time": "2020-07-25 22:26:02", "category": "Shampoo", "id": "tPp425163-526469-526470", "prod_name": "Frizz Ease Shampoo Miraculous Recovery", "Qty": "250ml", "discounted_price": "£6.00", "offer_desc": "Add 2 for £9", "url": "https://www.waitrose.com/ecom/shop/browse/groceries/toiletries_health_and_beauty/hair_care/shampoo", "rating": null, "unit_price": "(£2.40/100ml)", "new_flag": null},
{"client": "Waitrose", "time": "2020-07-25 22:26:02", "category": "Shampoo", "id": "tPp687186-337057-337058", "prod_name": "Argan + Argan Oil Rejuvenating Shampoo", "Qty": "300ml", "discounted_price": "£3.99", "offer_desc": "Save 1/3.", "url": "https://www.waitrose.com/ecom/shop/browse/groceries/toiletries_health_and_beauty/hair_care/shampoo", "rating": "5", "unit_price": "(£1.33/100ml)", "new_flag": null},
{"client": "Waitrose", "time": "2020-07-25 22:26:02", "category": "Shampoo", "id": "tPp855140-216863-216864", "prod_name": "Ogx Coconut Milk Shampoo", "Qty": "385ml", "discounted_price": "£7.00", "offer_desc": null, "url": "https://www.waitrose.com/ecom/shop/browse/groceries/toiletries_health_and_beauty/hair_care/shampoo", "rating": "5", "unit_price": "(£1.82/100ml)", "new_flag": null},
{"client": "Waitrose", "time": "2020-07-25 22:26:02", "category": "Shampoo", "id": "tPp755349-720291-720292", "prod_name": "Herbal Essences Aloe & Mango Shampoo", "Qty": "380ml", "discounted_price": "£4.50", "offer_desc": "Add 2 for £6", "url": "https://www.waitrose.com/ecom/shop/browse/groceries/toiletries_health_and_beauty/hair_care/shampoo", "rating": null, "unit_price": "(£1.19/100ml)", "new_flag": null},
{"client": "Waitrose", "time": "2020-07-25 22:26:02", "category": "Shampoo", "id": "tPp364793-255761-255762", "prod_name": "Aussie Miracle Shine Shampoo", "Qty": "300ml", "discounted_price": "£4.00", "offer_desc": "Add 2 for £7", "url": "https://www.waitrose.com/ecom/shop/browse/groceries/toiletries_health_and_beauty/hair_care/shampoo", "rating": null, "unit_price": "(£1.34/100ml)", "new_flag": null},
{"client": "Waitrose", "time": "2020-07-25 22:26:02", "category": "Shampoo", "id": "tPp819563-729788-729789", "prod_name": "Aussie Blonde Purple Shampoo", "Qty": "290ml", "discounted_price": "£5.99", "offer_desc": "Add 2 for £7", "url": "https://www.waitrose.com/ecom/shop/browse/groceries/toiletries_health_and_beauty/hair_care/shampoo", "rating": null, "unit_price": "(£2.07/100ml)", "new_flag": "NEW"},
{"client": "Waitrose", "time": "2020-07-25 22:26:02", "category": "Shampoo", "id": "tPp092708-47659-47660", "prod_name": "Vosene Original Shampoo", "Qty": "250ml", "discounted_price": "£2.05", "offer_desc": null, "url": "https://www.waitrose.com/ecom/shop/browse/groceries/toiletries_health_and_beauty/hair_care/shampoo", "rating": "5", "unit_price": "(82p/100ml)", "new_flag": null},
{"client": "Waitrose", "time": "2020-07-25 22:26:02", "category": "Shampoo", "id": "tPp432893-216691-216692", "prod_name": "Head & Shoulders Shampoo Apple Fresh", "Qty": "500ml", "discounted_price": "£3.43", "offer_desc": "Save 1/3.", "url": "https://www.waitrose.com/ecom/shop/browse/groceries/toiletries_health_and_beauty/hair_care/shampoo", "rating": null, "unit_price": "(68.6p/100ml)", "new_flag": null},
{"client": "Waitrose", "time": "2020-07-25 22:26:02", "category": "Shampoo", "id": "tPp755068-720289-720290", "prod_name": "Herbal Essences Aloe Hemp Shampoo", "Qty": "380ml", "discounted_price": "£4.50", "offer_desc": "Add 2 for £6", "url": "https://www.waitrose.com/ecom/shop/browse/groceries/toiletries_health_and_beauty/hair_care/shampoo", "rating": null, "unit_price": "(£1.19/100ml)", "new_flag": null},
{"client": "Waitrose", "time": "2020-07-25 22:26:02", "category": "Shampoo", "id": "tPp871494-495182-495183", "prod_name": "DGJ Hairjuice Shampoo", "Qty": "250ml", "discounted_price": "£3.33", "offer_desc": "Save 1/3.", "url": "https://www.waitrose.com/ecom/shop/browse/groceries/toiletries_health_and_beauty/hair_care/shampoo", "rating": "5", "unit_price": "(£1.34/100ml)", "new_flag": null},
{"client": "Waitrose", "time": "2020-07-25 22:26:02", "category": "Shampoo", "id": "tPp502050-631293-631294", "prod_name": "Hask Argan Oil Repairing Shampoo", "Qty": "355ml", "discounted_price": "£4.66", "offer_desc": "Save 1/3.", "url": "https://www.waitrose.com/ecom/shop/browse/groceries/toiletries_health_and_beauty/hair_care/shampoo", "rating": "3.7", "unit_price": "(£1.32/100ml)", "new_flag": null},
{"client": "Waitrose", "time": "2020-07-25 22:26:02", "category": "Shampoo", "id": "tPp485884-539933-539934", "prod_name": "Waitrose Pure Purifying Shampoo", "Qty": "250ml", "discounted_price": "£3.00", "offer_desc": null, "url": "https://www.waitrose.com/ecom/shop/browse/groceries/toiletries_health_and_beauty/hair_care/shampoo", "rating": "4.4", "unit_price": "(£1.20/100ml)", "new_flag": null},
{"client": "Waitrose", "time": "2020-07-25 22:26:02", "category": "Shampoo", "id": "tPp778297-720309-720310", "prod_name": "Pantene Grow Strong Shampoo", "Qty": "400ml", "discounted_price": "£3.75", "offer_desc": "Add 2 for £5", "url": "https://www.waitrose.com/ecom/shop/browse/groceries/toiletries_health_and_beauty/hair_care/shampoo", "rating": null, "unit_price": "(93.8p/100ml)", "new_flag": null},
{"client": "Waitrose", "time": "2020-07-25 22:26:02", "category": "Shampoo", "id": "tPp810302-683828-683829", "prod_name": "Herbal Essences Deep Repair Shampoo", "Qty": "400ml", "discounted_price": "£4.50", "offer_desc": "Add 2 for £6", "url": "https://www.waitrose.com/ecom/shop/browse/groceries/toiletries_health_and_beauty/hair_care/shampoo", "rating": null, "unit_price": "(£1.13/100ml)", "new_flag": null},
{"client": "Waitrose", "time": "2020-07-25 22:26:02", "category": "Shampoo", "id": "tPp425124-59787-59788", "prod_name": "Brilliant Brunette Protecting Shampoo", "Qty": "250ml", "discounted_price": "£6.00", "offer_desc": "Add 2 for £9", "url": "https://www.waitrose.com/ecom/shop/browse/groceries/toiletries_health_and_beauty/hair_care/shampoo", "rating": null, "unit_price": "(£2.40/100ml)", "new_flag": null},
{"client": "Waitrose", "time": "2020-07-25 22:26:02", "category": "Shampoo", "id": "tPp402915-526384-526385", "prod_name": "John Frieda Violet Crush Shampoo", "Qty": "250ml", "discounted_price": "£6.00", "offer_desc": "Add 2 for £9", "url": "https://www.waitrose.com/ecom/shop/browse/groceries/toiletries_health_and_beauty/hair_care/shampoo", "rating": "5", "unit_price": "(£2.40/100ml)", "new_flag": null},
{"client": "Waitrose", "time": "2020-07-25 22:26:02", "category": "Shampoo", "id": "tPp839781-154875-154876", "prod_name": "Aussie miracle moist shampoo", "Qty": "500ml", "discounted_price": "£6.15", "offer_desc": null, "url": "https://www.waitrose.com/ecom/shop/browse/groceries/toiletries_health_and_beauty/hair_care/shampoo", "rating": null, "unit_price": "(£1.23/100ml)", "new_flag": null},
{"client": "Waitrose", "time": "2020-07-25 22:26:02", "category": "Shampoo", "id": "tPp627460-154629-154630", "prod_name": "Aussie mega shampoo", "Qty": "500ml", "discounted_price": "£6.15", "offer_desc": null, "url": "https://www.waitrose.com/ecom/shop/browse/groceries/toiletries_health_and_beauty/hair_care/shampoo", "rating": "3.8", "unit_price": "(£1.23/100ml)", "new_flag": null},
{"client": "Waitrose", "time": "2020-07-25 22:26:02", "category": "Shampoo", "id": "tPp725372-631511-631512", "prod_name": "Hask Moni Coconut Oil Shampoo", "Qty": "355ml", "discounted_price": "£4.66", "offer_desc": "Save 1/3.", "url": "https://www.waitrose.com/ecom/shop/browse/groceries/toiletries_health_and_beauty/hair_care/shampoo", "rating": null, "unit_price": "(£1.32/100ml)", "new_flag": null},
{"client": "Waitrose", "time": "2020-07-25 22:26:02", "category": "Shampoo", "id": "tPp065299-33095-33096", "prod_name": "Frizz Ease Dream Curls Shampoo", "Qty": "250ml", "discounted_price": "£6.00", "offer_desc": "Add 2 for £9", "url": "https://www.waitrose.com/ecom/shop/browse/groceries/toiletries_health_and_beauty/hair_care/shampoo", "rating": "5", "unit_price": "(£2.40/100ml)", "new_flag": null},
{"client": "Waitrose", "time": "2020-07-25 22:26:02", "category": "Shampoo", "id": "tPp464815-154487-154488", "prod_name": "Batiste original dry shampoo", "Qty": "200ml", "discounted_price": "£3.00", "offer_desc": null, "url": "https://www.waitrose.com/ecom/shop/browse/groceries/toiletries_health_and_beauty/hair_care/shampoo", "rating": "5", "unit_price": "(£1.50/100ml)", "new_flag": null},
{"client": "Waitrose", "time": "2020-07-25 22:26:02", "category": "Shampoo", "id": "tPp626001-88825-88826", "prod_name": "Head & Shoulders Shampoo Citrus Fresh", "Qty": "500ml", "discounted_price": "£3.43", "offer_desc": "Save 1/3.", "url": "https://www.waitrose.com/ecom/shop/browse/groceries/toiletries_health_and_beauty/hair_care/shampoo", "rating": null, "unit_price": "(68.6p/100ml)", "new_flag": null},
{"client": "Waitrose", "time": "2020-07-25 22:26:02", "category": "Shampoo", "id": "tPp747801-683764-683765", "prod_name": "Aussie Shampoo Scent-sational", "Qty": "300ml", "discounted_price": "£4.00", "offer_desc": "Add 2 for £7", "url": "https://www.waitrose.com/ecom/shop/browse/groceries/toiletries_health_and_beauty/hair_care/shampoo", "rating": "5", "unit_price": "(£1.34/100ml)", "new_flag": null},
{"client": "Waitrose", "time": "2020-07-25 22:26:02", "category": "Shampoo", "id": "tPp867514-720387-720388", "prod_name": "Head & Shoulders Coconut Shampoo", "Qty": "500ml", "discounted_price": "£3.33", "offer_desc": "Save 1/3.", "url": "https://www.waitrose.com/ecom/shop/browse/groceries/toiletries_health_and_beauty/hair_care/shampoo", "rating": null, "unit_price": "(66.6p/100ml)", "new_flag": null},
{"client": "Waitrose", "time": "2020-07-25 22:26:02", "category": "Shampoo", "id": "tPp486943-68769-68770", "prod_name": "Head & Shoulders 2in1 classic clean", "Qty": "225ml", "discounted_price": "£3.00", "offer_desc": null, "url": "https://www.waitrose.com/ecom/shop/browse/groceries/toiletries_health_and_beauty/hair_care/shampoo", "rating": "4", "unit_price": "(£1.34/100ml)", "new_flag": null},
{"client": "Waitrose", "time": "2020-07-25 22:26:02", "category": "Shampoo", "id": "tPp663502-695641-695642", "prod_name": "Noughty To The Rescue Shampoo", "Qty": "250ml", "discounted_price": "£4.66", "offer_desc": "Save 1/3.", "url": "https://www.waitrose.com/ecom/shop/browse/groceries/toiletries_health_and_beauty/hair_care/shampoo", "rating": "5", "unit_price": "(£1.87/100ml)", "new_flag": null},
{"client": "Waitrose", "time": "2020-07-25 22:26:02", "category": "Shampoo", "id": "tPp702159-494964-494965", "prod_name": "DGJ Argan Oil Shampoo", "Qty": "250ml", "discounted_price": "£3.33", "offer_desc": "Save 1/3.", "url": "https://www.waitrose.com/ecom/shop/browse/groceries/toiletries_health_and_beauty/hair_care/shampoo", "rating": null, "unit_price": "(£1.34/100ml)", "new_flag": null},
{"client": "Waitrose", "time": "2020-07-25 22:26:02", "category": "Shampoo", "id": "tPp426973-298983-298984", "prod_name": "Head & Shoulders 2in1 Apple Fresh", "Qty": "450ml", "discounted_price": "£3.33", "offer_desc": "Save 1/3.", "url": "https://www.waitrose.com/ecom/shop/browse/groceries/toiletries_health_and_beauty/hair_care/shampoo", "rating": null, "unit_price": "(74p/100ml)", "new_flag": null},
{"client": "Waitrose", "time": "2020-07-25 22:26:02", "category": "Shampoo", "id": "tPp027940-13599-13600", "prod_name": "Avalon Organics lemon shampoo", "Qty": "325ml", "discounted_price": "£7.00", "offer_desc": null, "url": "https://www.waitrose.com/ecom/shop/browse/groceries/toiletries_health_and_beauty/hair_care/shampoo", "rating": "3.6", "unit_price": "(£2.16/100ml)", "new_flag": null},
{"client": "Waitrose", "time": "2020-07-25 22:26:02", "category": "Shampoo", "id": "tPp550161-729688-729689", "prod_name": "Neutrogena T Gel Therapeutic Shampoo", "Qty": "250ml", "discounted_price": "£7.50", "offer_desc": null, "url": "https://www.waitrose.com/ecom/shop/browse/groceries/toiletries_health_and_beauty/hair_care/shampoo", "rating": null, "unit_price": "(£3/100ml)", "new_flag": "NEW"},
{"client": "Waitrose", "time": "2020-07-25 22:26:02", "category": "Shampoo", "id": "tPp799806-683814-683815", "prod_name": "Tresemmé Shampoo Moisture Rich", "Qty": "800ml", "discounted_price": "£5.50", "offer_desc": null, "url": "https://www.waitrose.com/ecom/shop/browse/groceries/toiletries_health_and_beauty/hair_care/shampoo", "rating": null, "unit_price": "(68.8p/100ml)", "new_flag": null},
{"client": "Waitrose", "time": "2020-07-25 22:26:02", "category": "Shampoo", "id": "tPp884562-720413-720414", "prod_name": "Maui Moisture Shea Butter Shampoo", "Qty": "385ml", "discounted_price": "£5.99", "offer_desc": "Save 1/3.", "url": "https://www.waitrose.com/ecom/shop/browse/groceries/toiletries_health_and_beauty/hair_care/shampoo", "rating": null, "unit_price": "(£1.56/100ml)", "new_flag": null},
{"client": "Waitrose", "time": "2020-07-25 22:26:02", "category": "Shampoo", "id": "tPp740653-352034-352035", "prod_name": "essential Waitrose Anti-Dandruff 2 in 1", "Qty": "300ml", "discounted_price": "£1.00", "offer_desc": null, "url": "https://www.waitrose.com/ecom/shop/browse/groceries/toiletries_health_and_beauty/hair_care/shampoo", "rating": "4", "unit_price": "(33.3p/100ml)", "new_flag": null},
{"client": "Waitrose", "time": "2020-07-25 22:26:02", "category": "Shampoo", "id": "tPp809690-337194-337195", "prod_name": "Head & Shoulders 2in1 Itchy Scalp", "Qty": "450ml", "discounted_price": "£3.43", "offer_desc": "Save 1/3.", "url": "https://www.waitrose.com/ecom/shop/browse/groceries/toiletries_health_and_beauty/hair_care/shampoo", "rating": "5", "unit_price": "(76.2p/100ml)", "new_flag": null},
{"client": "Waitrose", "time": "2020-07-25 22:26:02", "category": "Shampoo", "id": "tPp051100-25409-25410", "prod_name": "Sheer Blonde Moisturising Shampoo", "Qty": "250ml", "discounted_price": "£6.00", "offer_desc": "Add 2 for £9", "url": "https://www.waitrose.com/ecom/shop/browse/groceries/toiletries_health_and_beauty/hair_care/shampoo", "rating": "3", "unit_price": "(£2.40/100ml)", "new_flag": null},
{"client": "Waitrose", "time": "2020-07-25 22:26:02", "category": "Shampoo", "id": "tPp724972-694185-694186", "prod_name": "Pantene 3in1 Repair & Protect", "Qty": "450ml", "discounted_price": "£3.75", "offer_desc": "Add 2 for £5", "url": "https://www.waitrose.com/ecom/shop/browse/groceries/toiletries_health_and_beauty/hair_care/shampoo", "rating": null, "unit_price": "(83.3p/100ml)", "new_flag": null},
{"client": "Waitrose", "time": "2020-07-25 22:26:02", "category": "Shampoo", "id": "tPp407453-471203-471204", "prod_name": "Ogx Biotin & Collagen Shampoo", "Qty": "385ml", "discounted_price": "£7.00", "offer_desc": null, "url": "https://www.waitrose.com/ecom/shop/browse/groceries/toiletries_health_and_beauty/hair_care/shampoo", "rating": null, "unit_price": "(£1.82/100ml)", "new_flag": null},
{"client": "Waitrose", "time": "2020-07-25 22:26:02", "category": "Shampoo", "id": "tPp433216-720111-720112", "prod_name": "John Frieda Hydrate & Recharge Shampoo", "Qty": "250ml", "discounted_price": "£5.99", "offer_desc": "Add 2 for £9", "url": "https://www.waitrose.com/ecom/shop/browse/groceries/toiletries_health_and_beauty/hair_care/shampoo", "rating": null, "unit_price": "(£2.40/100ml)", "new_flag": null},
{"client": "Waitrose", "time": "2020-07-25 22:26:02", "category": "Shampoo", "id": "tPp502437-720153-720154", "prod_name": "Aussie Calm The Frizz Shampoo", "Qty": "300ml", "discounted_price": "£4.00", "offer_desc": "Add 2 for £7", "url": "https://www.waitrose.com/ecom/shop/browse/groceries/toiletries_health_and_beauty/hair_care/shampoo", "rating": null, "unit_price": "(£1.34/100ml)", "new_flag": null},
{"client": "Waitrose", "time": "2020-07-25 22:26:02", "category": "Shampoo", "id": "tPp791725-375655-375656", "prod_name": "Ogx Kukuí Oil Shampoo", "Qty": "385ml", "discounted_price": "£7.00", "offer_desc": null, "url": "https://www.waitrose.com/ecom/shop/browse/groceries/toiletries_health_and_beauty/hair_care/shampoo", "rating": "5", "unit_price": "(£1.82/100ml)", "new_flag": null},
{"client": "Waitrose", "time": "2020-07-25 22:26:02", "category": "Shampoo", "id": "tPp853982-154925-154926", "prod_name": "Batiste blush dry shampoo", "Qty": "200ml", "discounted_price": "£3.00", "offer_desc": null, "url": "https://www.waitrose.com/ecom/shop/browse/groceries/toiletries_health_and_beauty/hair_care/shampoo", "rating": "4", "unit_price": "(£1.50/100ml)", "new_flag": null},
{"client": "Waitrose", "time": "2020-07-25 22:26:02", "category": "Shampoo", "id": "tPp808436-720325-720326", "prod_name": "Hask Biotin Boost Shampoo", "Qty": "355ml", "discounted_price": "£4.66", "offer_desc": "Save 1/3.", "url": "https://www.waitrose.com/ecom/shop/browse/groceries/toiletries_health_and_beauty/hair_care/shampoo", "rating": null, "unit_price": "(£1.32/100ml)", "new_flag": null},
{"client": "Waitrose", "time": "2020-07-25 22:26:02", "category": "Shampoo", "id": "tPp752186-631541-631542", "prod_name": "Ogx Coconut OIl Shampoo", "Qty": "385ml", "discounted_price": "£7.00", "offer_desc": null, "url": "https://www.waitrose.com/ecom/shop/browse/groceries/toiletries_health_and_beauty/hair_care/shampoo", "rating": null, "unit_price": "(£1.82/100ml)", "new_flag": null},
{"client": "Waitrose", "time": "2020-07-25 22:26:02", "category": "Shampoo", "id": "tPp076232-38732-38733", "prod_name": "AOrganic Lavender Shampoo", "Qty": "325ml", "discounted_price": "£7.00", "offer_desc": null, "url": "https://www.waitrose.com/ecom/shop/browse/groceries/toiletries_health_and_beauty/hair_care/shampoo", "rating": "3.8", "unit_price": "(£2.16/100ml)", "new_flag": null},
{"client": "Waitrose", "time": "2020-07-25 22:26:02", "category": "Shampoo", "id": "tPp834106-299691-299692", "prod_name": "Head & Shoulders 2in1 smooth & silky", "Qty": "450ml", "discounted_price": "£3.33", "offer_desc": "Save 1/3.", "url": "https://www.waitrose.com/ecom/shop/browse/groceries/toiletries_health_and_beauty/hair_care/shampoo", "rating": null, "unit_price": "(74p/100ml)", "new_flag": null},
{"client": "Waitrose", "time": "2020-07-25 22:26:02", "category": "Shampoo", "id": "tPp645178-695617-695618", "prod_name": "John Frieda Shampoo Weightless Wonder", "Qty": "250ml", "discounted_price": "£6.00", "offer_desc": "Add 2 for £9", "url": "https://www.waitrose.com/ecom/shop/browse/groceries/toiletries_health_and_beauty/hair_care/shampoo", "rating": "4.6", "unit_price": "(£2.40/100ml)", "new_flag": null},
{"client": "Waitrose", "time": "2020-07-25 22:26:02", "category": "Shampoo", "id": "tPp755186-495024-495025", "prod_name": "DGJ Colour Save Shampoo", "Qty": "250ml", "discounted_price": "£3.33", "offer_desc": "Save 1/3.", "url": "https://www.waitrose.com/ecom/shop/browse/groceries/toiletries_health_and_beauty/hair_care/shampoo", "rating": null, "unit_price": "(£1.34/100ml)", "new_flag": null},
{"client": "Waitrose", "time": "2020-07-25 22:26:02", "category": "Shampoo", "id": "tPp807825-473364-473365", "prod_name": "SenSpa Deep Cleanse Shampoo", "Qty": "250ml", "discounted_price": "£6.00", "offer_desc": "Add 2 for £8", "url": "https://www.waitrose.com/ecom/shop/browse/groceries/toiletries_health_and_beauty/hair_care/shampoo", "rating": "3.7", "unit_price": "(£2.40/100ml)", "new_flag": null},
{"client": "Waitrose", "time": "2020-07-25 22:26:02", "category": "Shampoo", "id": "tPp816738-442231-442232", "prod_name": "SensSpa Nourishing Shampoo", "Qty": "250ml", "discounted_price": "£6.00", "offer_desc": "Add 2 for £8", "url": "https://www.waitrose.com/ecom/shop/browse/groceries/toiletries_health_and_beauty/hair_care/shampoo", "rating": "2.6", "unit_price": "(£2.40/100ml)", "new_flag": null},
{"client": "Waitrose", "time": "2020-07-25 22:26:02", "category": "Shampoo", "id": "tPp735751-154731-154732", "prod_name": "Aussie aussome volume shampoo", "Qty": "500ml", "discounted_price": "£6.10", "offer_desc": null, "url": "https://www.waitrose.com/ecom/shop/browse/groceries/toiletries_health_and_beauty/hair_care/shampoo", "rating": null, "unit_price": "(£1.22/100ml)", "new_flag": null},
{"client": "Waitrose", "time": "2020-07-25 22:26:02", "category": "Shampoo", "id": "tPp032765-16025-16026", "prod_name": "L'Oréal kids shampoo berry strawberry", "Qty": "250ml", "discounted_price": "£2.00", "offer_desc": null, "url": "https://www.waitrose.com/ecom/shop/browse/groceries/toiletries_health_and_beauty/hair_care/shampoo", "rating": null, "unit_price": "(80p/100ml)", "new_flag": null},
{"client": "Waitrose", "time": "2020-07-25 22:26:02", "category": "Shampoo", "id": "tPp492466-631281-631282", "prod_name": "Hask Keratin Protein Smoothing Shampoo", "Qty": "355ml", "discounted_price": "£4.66", "offer_desc": "Save 1/3.", "url": "https://www.waitrose.com/ecom/shop/browse/groceries/toiletries_health_and_beauty/hair_care/shampoo", "rating": null, "unit_price": "(£1.32/100ml)", "new_flag": null},
{"client": "Waitrose", "time": "2020-07-25 22:26:02", "category": "Shampoo", "id": "tPp721134-337091-337092", "prod_name": "Aussie miracle shine shampoo", "Qty": "500ml", "discounted_price": "£6.00", "offer_desc": null, "url": "https://www.waitrose.com/ecom/shop/browse/groceries/toiletries_health_and_beauty/hair_care/shampoo", "rating": null, "unit_price": "(£1.20/100ml)", "new_flag": null},
{"client": "Waitrose", "time": "2020-07-25 22:26:02", "category": "Shampoo", "id": "tPp595050-720203-720204", "prod_name": "Herbal Essences Coconut Shampoo", "Qty": "250ml", "discounted_price": "£3.00", "offer_desc": null, "url": "https://www.waitrose.com/ecom/shop/browse/groceries/toiletries_health_and_beauty/hair_care/shampoo", "rating": null, "unit_price": "(£1.20/100ml)", "new_flag": null},
{"client": "Waitrose", "time": "2020-07-25 22:26:02", "category": "Shampoo", "id": "tPp639145-337007-337008", "prod_name": "Tresemmé Shampoo Deep Cleansing", "Qty": "800ml", "discounted_price": "£5.50", "offer_desc": null, "url": "https://www.waitrose.com/ecom/shop/browse/groceries/toiletries_health_and_beauty/hair_care/shampoo", "rating": "5", "unit_price": "(68.8p/100ml)", "new_flag": null},
{"client": "Waitrose", "time": "2020-07-25 22:26:02", "category": "Shampoo", "id": "tPp714629-729752-729753", "prod_name": "OGX Keratin Oil Shampoo", "Qty": "385ml", "discounted_price": "£7.00", "offer_desc": null, "url": "https://www.waitrose.com/ecom/shop/browse/groceries/toiletries_health_and_beauty/hair_care/shampoo", "rating": null, "unit_price": "(£1.82/100ml)", "new_flag": "NEW"},
{"client": "Waitrose", "time": "2020-07-25 22:26:02", "category": "Shampoo", "id": "tPp527154-720165-720166", "prod_name": "Maui Moisture Hibiscus Water", "Qty": "385ml", "discounted_price": "£5.99", "offer_desc": "Save 1/3.", "url": "https://www.waitrose.com/ecom/shop/browse/groceries/toiletries_health_and_beauty/hair_care/shampoo", "rating": null, "unit_price": "(£1.56/100ml)", "new_flag": null},
{"client": "Waitrose", "time": "2020-07-25 22:26:02", "category": "Shampoo", "id": "tPp567481-719558-719559", "prod_name": "Fit Kit Gentle Shampoo &Conditioner", "Qty": "200ml", "discounted_price": "£2.66", "offer_desc": "Save 1/3.", "url": "https://www.waitrose.com/ecom/shop/browse/groceries/toiletries_health_and_beauty/hair_care/shampoo", "rating": null, "unit_price": "(£1.33/100ml)", "new_flag": null},
{"client": "Waitrose", "time": "2020-07-25 22:26:02", "category": "Shampoo", "id": "tPp623864-695587-695588", "prod_name": "Noughty Care Taker Shampoo", "Qty": "250ml", "discounted_price": "£4.66", "offer_desc": "Save 1/3.", "url": "https://www.waitrose.com/ecom/shop/browse/groceries/toiletries_health_and_beauty/hair_care/shampoo", "rating": "4", "unit_price": "(£1.87/100ml)", "new_flag": null},
{"client": "Waitrose", "time": "2020-07-25 22:26:02", "category": "Shampoo", "id": "tPp480728-631267-631268", "prod_name": "Ogx Orchid Oil Shampoo", "Qty": "385ml", "discounted_price": "£7.00", "offer_desc": null, "url": "https://www.waitrose.com/ecom/shop/browse/groceries/toiletries_health_and_beauty/hair_care/shampoo", "rating": "5", "unit_price": "(£1.82/100ml)", "new_flag": null},
{"client": "Waitrose", "time": "2020-07-25 22:26:02", "category": "Shampoo", "id": "tPp833802-337290-337291", "prod_name": "Aussie Miracle Moist Spray", "Qty": "250ml", "discounted_price": "£5.15", "offer_desc": "Add 2 for £7", "url": "https://www.waitrose.com/ecom/shop/browse/groceries/toiletries_health_and_beauty/hair_care/shampoo", "rating": null, "unit_price": "(£2.06/100ml)", "new_flag": null},
{"client": "Waitrose", "time": "2020-07-25 22:26:02", "category": "Shampoo", "id": "tPp836383-271490-271491", "prod_name": "Head & Shoulders 2in1 citrus care", "Qty": "450ml", "discounted_price": "£3.43", "offer_desc": "Save 1/3.", "url": "https://www.waitrose.com/ecom/shop/browse/groceries/toiletries_health_and_beauty/hair_care/shampoo", "rating": null, "unit_price": "(76.2p/100ml)", "new_flag": null},
{"client": "Waitrose", "time": "2020-07-25 22:26:02", "category": "Shampoo", "id": "tPp480888-154495-154496", "prod_name": "Head & Shoulders Smooth Shampoo", "Qty": "500ml", "discounted_price": "£3.43", "offer_desc": "Save 1/3.", "url": "https://www.waitrose.com/ecom/shop/browse/groceries/toiletries_health_and_beauty/hair_care/shampoo", "rating": null, "unit_price": "(68.6p/100ml)", "new_flag": null},
{"client": "Waitrose", "time": "2020-07-25 22:26:02", "category": "Shampoo", "id": "tPp756229-563906-563907", "prod_name": "Head & Shoulders 2 in 1 Total Care", "Qty": "225ml", "discounted_price": "£3.00", "offer_desc": null, "url": "https://www.waitrose.com/ecom/shop/browse/groceries/toiletries_health_and_beauty/hair_care/shampoo", "rating": null, "unit_price": "(£1.34/100ml)", "new_flag": null},
{"client": "Waitrose", "time": "2020-07-25 22:26:02", "category": "Shampoo", "id": "tPp062495-31737-31738", "prod_name": "Neutrogena T/Gel shampoo dry hair", "Qty": "125ml", "discounted_price": "£5.15", "offer_desc": null, "url": "https://www.waitrose.com/ecom/shop/browse/groceries/toiletries_health_and_beauty/hair_care/shampoo", "rating": null, "unit_price": "(£4.12/100ml)", "new_flag": null},
{"client": "Waitrose", "time": "2020-07-25 22:26:02", "category": "Shampoo", "id": "tPp631829-695597-695598", "prod_name": "Noughty Detox Dynamo Shampoo", "Qty": "250ml", "discounted_price": "£4.66", "offer_desc": "Save 1/3.", "url": "https://www.waitrose.com/ecom/shop/browse/groceries/toiletries_health_and_beauty/hair_care/shampoo", "rating": null, "unit_price": "(£1.87/100ml)", "new_flag": null},
{"client": "Waitrose", "time": "2020-07-25 22:26:02", "category": "Shampoo", "id": "tPp895244-495222-495223", "prod_name": "DGJ Clarifying Shampoo", "Qty": "250ml", "discounted_price": "£3.33", "offer_desc": "Save 1/3.", "url": "https://www.waitrose.com/ecom/shop/browse/groceries/toiletries_health_and_beauty/hair_care/shampoo", "rating": null, "unit_price": "(£1.34/100ml)", "new_flag": null},
{"client": "Waitrose", "time": "2020-07-25 22:26:02", "category": "Shampoo", "id": "tPp582132-472091-472092", "prod_name": "Ogx Argan Oil Morocco Shampoo", "Qty": "385ml", "discounted_price": "£7.00", "offer_desc": null, "url": "https://www.waitrose.com/ecom/shop/browse/groceries/toiletries_health_and_beauty/hair_care/shampoo", "rating": "4", "unit_price": "(£1.82/100ml)", "new_flag": null},
{"client": "Waitrose", "time": "2020-07-25 22:26:02", "category": "Shampoo", "id": "tPp662395-154665-154666", "prod_name": "Aussie colour mate shampoo", "Qty": "500ml", "discounted_price": "£6.15", "offer_desc": null, "url": "https://www.waitrose.com/ecom/shop/browse/groceries/toiletries_health_and_beauty/hair_care/shampoo", "rating": null, "unit_price": "(£1.23/100ml)", "new_flag": null},
{"client": "Waitrose", "time": "2020-07-25 22:26:02", "category": "Shampoo", "id": "tPp657930-695639-695640", "prod_name": "Noughty Pumped Up Shampoo", "Qty": "250ml", "discounted_price": "£4.66", "offer_desc": "Save 1/3.", "url": "https://www.waitrose.com/ecom/shop/browse/groceries/toiletries_health_and_beauty/hair_care/shampoo", "rating": "5", "unit_price": "(£1.87/100ml)", "new_flag": null},
{"client": "Waitrose", "time": "2020-07-25 22:26:02", "category": "Shampoo", "id": "tPp453160-695433-695434", "prod_name": "Argan+ Long & Strong Shampoo", "Qty": "300ml", "discounted_price": "£3.99", "offer_desc": "Save 1/3.", "url": "https://www.waitrose.com/ecom/shop/browse/groceries/toiletries_health_and_beauty/hair_care/shampoo", "rating": null, "unit_price": "(£1.33/100ml)", "new_flag": null},
{"client": "Waitrose", "time": "2020-07-25 22:26:02", "category": "Shampoo", "id": "tPp889100-330444-330445", "prod_name": "AOrganic Rosemary Shampoo", "Qty": "325ml", "discounted_price": "£7.00", "offer_desc": null, "url": "https://www.waitrose.com/ecom/shop/browse/groceries/toiletries_health_and_beauty/hair_care/shampoo", "rating": "2.5", "unit_price": "(£2.16/100ml)", "new_flag": null},
{"client": "Waitrose", "time": "2020-07-25 22:26:02", "category": "Shampoo", "id": "tPp694392-98595-98596", "prod_name": "Head & Shoulders Shampoo Cool Menthol", "Qty": "500ml", "discounted_price": "£3.43", "offer_desc": "Save 1/3.", "url": "https://www.waitrose.com/ecom/shop/browse/groceries/toiletries_health_and_beauty/hair_care/shampoo", "rating": null, "unit_price": "(68.6p/100ml)", "new_flag": null},
{"client": "Waitrose", "time": "2020-07-25 22:26:02", "category": "Shampoo", "id": "tPp530991-695493-695494", "prod_name": "John Frieda Shampoo Detox & Repair", "Qty": "250ml", "discounted_price": "£6.00", "offer_desc": "Add 2 for £9", "url": "https://www.waitrose.com/ecom/shop/browse/groceries/toiletries_health_and_beauty/hair_care/shampoo", "rating": null, "unit_price": "(£2.40/100ml)", "new_flag": null},
{"client": "Waitrose", "time": "2020-07-25 22:26:02", "category": "Shampoo", "id": "tPp745828-495012-495013", "prod_name": "DGJ Kids Lice Repel Shampoo", "Qty": "250ml", "discounted_price": "£2.33", "offer_desc": "Save 1/3.", "url": "https://www.waitrose.com/ecom/shop/browse/groceries/toiletries_health_and_beauty/hair_care/shampoo", "rating": null, "unit_price": "(93.2p/100ml)", "new_flag": null},
{"client": "Waitrose", "time": "2020-07-25 22:26:02", "category": "Shampoo", "id": "tPp886458-216893-216894", "prod_name": "Ogx Brazilian Keratin Shampoo", "Qty": "385ml", "discounted_price": "£7.00", "offer_desc": null, "url": "https://www.waitrose.com/ecom/shop/browse/groceries/toiletries_health_and_beauty/hair_care/shampoo", "rating": "5", "unit_price": "(£1.82/100ml)", "new_flag": null},
{"client": "Waitrose", "time": "2020-07-25 22:26:02", "category": "Shampoo", "id": "tPp494340-69860-69861", "prod_name": "Neal's Yard Rose Shampoo", "Qty": "200ml", "discounted_price": "£11.50", "offer_desc": null, "url": "https://www.waitrose.com/ecom/shop/browse/groceries/toiletries_health_and_beauty/hair_care/shampoo", "rating": "3.1", "unit_price": "(£5.75/100ml)", "new_flag": null},
{"client": "Waitrose", "time": "2020-07-25 22:26:02", "category": "Shampoo", "id": "tPp819340-720339-720340", "prod_name": "Head & Shoulders Supreme Shampoo", "Qty": "400ml", "discounted_price": "£5.00", "offer_desc": null, "url": "https://www.waitrose.com/ecom/shop/browse/groceries/toiletries_health_and_beauty/hair_care/shampoo", "rating": null, "unit_price": "(£1.25/100ml)", "new_flag": null},
{"client": "Waitrose", "time": "2020-07-25 22:26:02", "category": "Shampoo", "id": "tPp735040-695707-695708", "prod_name": "Vosene Kids 3in1 Tea Tree Shampoo", "Qty": "250ml", "discounted_price": "£2.50", "offer_desc": null, "url": "https://www.waitrose.com/ecom/shop/browse/groceries/toiletries_health_and_beauty/hair_care/shampoo", "rating": null, "unit_price": "(£1/100ml)", "new_flag": null},
{"client": "Waitrose", "time": "2020-07-25 22:26:02", "category": "Shampoo", "id": "tPp603087-695555-695556", "prod_name": "Noughty Colour Bomb Shampoo", "Qty": "250ml", "discounted_price": "£4.66", "offer_desc": "Save 1/3.", "url": "https://www.waitrose.com/ecom/shop/browse/groceries/toiletries_health_and_beauty/hair_care/shampoo", "rating": "3", "unit_price": "(£1.87/100ml)", "new_flag": null},
{"client": "Waitrose", "time": "2020-07-25 22:26:02", "category": "Shampoo", "id": "tPp868154-695990-695991", "prod_name": "Hair Biology Purple Shampoo", "Qty": "250ml", "discounted_price": "£4.50", "offer_desc": null, "url": "https://www.waitrose.com/ecom/shop/browse/groceries/toiletries_health_and_beauty/hair_care/shampoo", "rating": null, "unit_price": "(£1.80/100ml)", "new_flag": null},
{"client": "Waitrose", "time": "2020-07-25 22:26:02", "category": "Shampoo", "id": "tPp584599-695531-695532", "prod_name": "Batiste Dry Shampoo Volume", "Qty": "200ml", "discounted_price": "£4.25", "offer_desc": null, "url": "https://www.waitrose.com/ecom/shop/browse/groceries/toiletries_health_and_beauty/hair_care/shampoo", "rating": null, "unit_price": "(£2.13/100ml)", "new_flag": null},
{"client": "Waitrose", "time": "2020-07-25 22:26:02", "category": "Shampoo", "id": "tPp711086-652694-652695", "prod_name": "Head & Shoulders Supreme Moisture", "Qty": "400ml", "discounted_price": "£5.15", "offer_desc": null, "url": "https://www.waitrose.com/ecom/shop/browse/groceries/toiletries_health_and_beauty/hair_care/shampoo", "rating": null, "unit_price": "(£1.29/100ml)", "new_flag": null},
{"client": "Waitrose", "time": "2020-07-25 22:26:02", "category": "Shampoo", "id": "tPp583946-82773-82774", "prod_name": "Neal's Yard Lavender Shampoo", "Qty": "200ml", "discounted_price": "£11.50", "offer_desc": null, "url": "https://www.waitrose.com/ecom/shop/browse/groceries/toiletries_health_and_beauty/hair_care/shampoo", "rating": "2.3", "unit_price": "(£5.75/100ml)", "new_flag": null},
{"client": "Waitrose", "time": "2020-07-25 22:26:02", "category": "Shampoo", "id": "tPp861587-154949-154950", "prod_name": "Batiste dark & deep brown dry shampoo", "Qty": "200ml", "discounted_price": "£4.00", "offer_desc": null, "url": "https://www.waitrose.com/ecom/shop/browse/groceries/toiletries_health_and_beauty/hair_care/shampoo", "rating": null, "unit_price": "(£2/100ml)", "new_flag": null},
{"client": "Waitrose", "time": "2020-07-25 22:26:02", "category": "Shampoo", "id": "tPp803275-329016-329017", "prod_name": "AOrganic Peppermint Shampoo", "Qty": "325ml", "discounted_price": "£7.00", "offer_desc": null, "url": "https://www.waitrose.com/ecom/shop/browse/groceries/toiletries_health_and_beauty/hair_care/shampoo", "rating": null, "unit_price": "(£2.16/100ml)", "new_flag": null},
{"client": "Waitrose", "time": "2020-07-25 22:26:02", "category": "Shampoo", "id": "tPp812614-707138-707139", "prod_name": "Beco Spring Meadow Shampoo Bar", "Qty": "90g", "discounted_price": "£4.00", "offer_desc": null, "url": "https://www.waitrose.com/ecom/shop/browse/groceries/toiletries_health_and_beauty/hair_care/shampoo", "rating": "3.3", "unit_price": "(£4.45/100g)", "new_flag": null},
{"client": "Waitrose", "time": "2020-07-25 22:26:02", "category": "Shampoo", "id": "tPp895328-495224-495225", "prod_name": "DGJ Kids Detangle Shampoo", "Qty": "250ml", "discounted_price": "£3.50", "offer_desc": null, "url": "https://www.waitrose.com/ecom/shop/browse/groceries/toiletries_health_and_beauty/hair_care/shampoo", "rating": null, "unit_price": "(£1.40/100ml)", "new_flag": null},
{"client": "Waitrose", "time": "2020-07-25 22:26:02", "category": "Shampoo", "id": "tPp567431-729696-729697", "prod_name": "Batiste Dry Shampoo for Blondes", "Qty": "200ml", "discounted_price": "£4.00", "offer_desc": null, "url": "https://www.waitrose.com/ecom/shop/browse/groceries/toiletries_health_and_beauty/hair_care/shampoo", "rating": null, "unit_price": "(£2/100ml)", "new_flag": "NEW"},
{"client": "Waitrose", "time": "2020-07-25 22:26:02", "category": "Shampoo", "id": "tPp844892-695845-695846", "prod_name": "Head & Shoulders Colour Protect", "Qty": "400ml", "discounted_price": "£5.00", "offer_desc": null, "url": "https://www.waitrose.com/ecom/shop/browse/groceries/toiletries_health_and_beauty/hair_care/shampoo", "rating": null, "unit_price": "(£1.25/100ml)", "new_flag": null},
{"client": "Waitrose", "time": "2020-07-25 22:26:02", "category": "Shampoo", "id": "tPp649492-695625-695626", "prod_name": "Vosene Kids 2in1 Melon Shampoo", "Qty": "250ml", "discounted_price": "£2.00", "offer_desc": null, "url": "https://www.waitrose.com/ecom/shop/browse/groceries/toiletries_health_and_beauty/hair_care/shampoo", "rating": null, "unit_price": "(80p/100ml)", "new_flag": null},
{"client": "Waitrose", "time": "2020-07-25 22:26:02", "category": "Shampoo", "id": "tPp820157-724089-724090", "prod_name": "Eco Warrior Shampoo Bar", "Qty": "100g", "discounted_price": "£4.50", "offer_desc": null, "url": "https://www.waitrose.com/ecom/shop/browse/groceries/toiletries_health_and_beauty/hair_care/shampoo", "rating": null, "unit_price": "(£4.50/100g)", "new_flag": null},
{"client": "Waitrose", "time": "2020-07-25 22:26:02", "category": "Shampoo", "id": "tPp703131-695681-695682", "prod_name": "Head & Shoulders Repair Shampoo", "Qty": "400ml", "discounted_price": "£5.00", "offer_desc": null, "url": "https://www.waitrose.com/ecom/shop/browse/groceries/toiletries_health_and_beauty/hair_care/shampoo", "rating": "4", "unit_price": "(£1.25/100ml)", "new_flag": null},
{"client": "Waitrose", "time": "2020-07-25 22:26:02", "category": "Shampoo", "id": "tPp414862-695397-695398", "prod_name": "Noughty Wave Hello Shampoo", "Qty": "250ml", "discounted_price": "£4.66", "offer_desc": "Save 1/3.", "url": "https://www.waitrose.com/ecom/shop/browse/groceries/toiletries_health_and_beauty/hair_care/shampoo", "rating": null, "unit_price": "(£1.87/100ml)", "new_flag": null},
{"client": "Waitrose", "time": "2020-07-25 22:26:02", "category": "Shampoo", "id": "tPp567427-683666-683667", "prod_name": "Ogx Charcoal Detox Shampoo", "Qty": "385ml", "discounted_price": "£7.00", "offer_desc": null, "url": "https://www.waitrose.com/ecom/shop/browse/groceries/toiletries_health_and_beauty/hair_care/shampoo", "rating": null, "unit_price": "(£1.82/100ml)", "new_flag": null},
{"client": "Waitrose", "time": "2020-07-25 22:26:02", "category": "Shampoo", "id": "tPp863078-695988-695989", "prod_name": "Pantene Hair Biology Full & Vibrant", "Qty": "250ml", "discounted_price": "£4.50", "offer_desc": null, "url": "https://www.waitrose.com/ecom/shop/browse/groceries/toiletries_health_and_beauty/hair_care/shampoo", "rating": null, "unit_price": "(£1.80/100ml)", "new_flag": null},
{"client": "Waitrose", "time": "2020-07-25 22:26:02", "category": "Shampoo", "id": "tPp591666-681031-681032", "prod_name": "Pure Grace Shower Gel", "Qty": "480ml", "discounted_price": "£19.50", "offer_desc": null, "url": "https://www.waitrose.com/ecom/shop/browse/groceries/toiletries_health_and_beauty/hair_care/shampoo", "rating": null, "unit_price": "(£4.07/100ml)", "new_flag": null},
{"client": "Waitrose", "time": "2020-07-25 22:26:02", "category": "Shampoo", "id": "tPp855732-695986-695987", "prod_name": "Hair Biology De-Frizz Shampoo", "Qty": "250ml", "discounted_price": "£4.50", "offer_desc": null, "url": "https://www.waitrose.com/ecom/shop/browse/groceries/toiletries_health_and_beauty/hair_care/shampoo", "rating": null, "unit_price": "(£1.80/100ml)", "new_flag": null},
{"client": "Waitrose", "time": "2020-07-25 22:26:02", "category": "Shampoo", "id": "tPp838287-695984-695985", "prod_name": "Pantene Hair Biology Illuminating Mask", "Qty": "160ml", "discounted_price": "£4.50", "offer_desc": null, "url": "https://www.waitrose.com/ecom/shop/browse/groceries/toiletries_health_and_beauty/hair_care/shampoo", "rating": null, "unit_price": "(£2.82/100ml)", "new_flag": null},
{"client": "Waitrose", "time": "2020-07-25 22:26:02", "category": "Shampoo", "id": "tPp734002-695705-695706", "prod_name": "Percy & Reed Wonder Wash Shampoo", "Qty": "250ml", "discounted_price": "£18.00", "offer_desc": null, "url": "https://www.waitrose.com/ecom/shop/browse/groceries/toiletries_health_and_beauty/hair_care/shampoo", "rating": null, "unit_price": "(£7.20/100ml)", "new_flag": null},
{"client": "Waitrose", "time": "2020-07-25 22:26:02", "category": "Shampoo", "id": "tPp554742-695503-695504", "prod_name": "Umberto Giannini Violet Shampoo", "Qty": "250ml", "discounted_price": "£8.00", "offer_desc": null, "url": "https://www.waitrose.com/ecom/shop/browse/groceries/toiletries_health_and_beauty/hair_care/shampoo", "rating": null, "unit_price": "(£3.20/100ml)", "new_flag": null},
{"client": "Waitrose", "time": "2020-07-25 22:26:02", "category": "Shampoo", "id": "tPp581644-729702-729703", "prod_name": "Percy & Reed Hydrating Shampoo", "Qty": "250ml", "discounted_price": "£18.00", "offer_desc": null, "url": "https://www.waitrose.com/ecom/shop/browse/groceries/toiletries_health_and_beauty/hair_care/shampoo", "rating": null, "unit_price": "(£7.20/100ml)", "new_flag": "NEW"},
{"client": "Waitrose", "time": "2020-07-25 22:26:02", "category": "Shampoo", "id": "tPp405353-729640-729641", "prod_name": "Percy & Reed No-Fuss Dry Shampoo", "Qty": "200ml", "discounted_price": "£15.00", "offer_desc": null, "url": "https://www.waitrose.com/ecom/shop/browse/groceries/toiletries_health_and_beauty/hair_care/shampoo", "rating": null, "unit_price": "(£7.50/100ml)", "new_flag": "NEW"},
{"client": "Waitrose", "time": "2020-07-25 22:26:02", "category": "Shampoo", "id": "tPp888765-695909-695910", "prod_name": "Umberto Giannini Curl Jelly Wash", "Qty": "250ml", "discounted_price": "£8.00", "offer_desc": null, "url": "https://www.waitrose.com/ecom/shop/browse/groceries/toiletries_health_and_beauty/hair_care/shampoo", "rating": "2.5", "unit_price": "(£3.20/100ml)", "new_flag": null},
{"client": "Waitrose", "time": "2020-07-25 22:26:02", "category": "Shampoo", "id": "tPp492090-729670-729671", "prod_name": "Percy & Reed Volumising Shampoo", "Qty": "250ml", "discounted_price": "£18.00", "offer_desc": null, "url": "https://www.waitrose.com/ecom/shop/browse/groceries/toiletries_health_and_beauty/hair_care/shampoo", "rating": null, "unit_price": "(£7.20/100ml)", "new_flag": "NEW"},
{"client": "Waitrose", "time": "2020-07-25 22:26:02", "category": "Shampoo", "id": "tPp829437-695831-695832", "prod_name": "Umberto Giannini Grow Long Shampoo", "Qty": "250ml", "discounted_price": "£8.00", "offer_desc": null, "url": "https://www.waitrose.com/ecom/shop/browse/groceries/toiletries_health_and_beauty/hair_care/shampoo", "rating": "5", "unit_price": "(£3.20/100ml)", "new_flag": null}
]